{"NECLIFE.NS": {"assetProfile": {"address1": "Himalaya House", "address2": "F-66, 6th Floor 23 KG Marg", "city": "New Delhi", "zip": "110001", "country": "India", "phone": "91 11 4240 3311", "website": "http://www.neclife.com", "industry": "Drug Manufacturers\u2014Specialty & Generic", "sector": "Healthcare", "longBusinessSummary": "Nectar Lifesciences Limited manufactures and sells pharmaceutical products in India and internationally. The company offers contract research and manufacturing services, including process development and optimization, process scale up and validation, preparation and international submission of drug master files and certificates of suitability, multi kilo pilot plant production, bulk production, and chiral resolution; and chemical and analytical development, as well as analytical, manufacturing, and engineering consulting services. Its active pharmaceutical ingredients and intermediates comprise cefixime trihydrate, cefuroxime axetil, cefpodoxime proxetil, cefdinir, ceftriaxone sodium, cefotaxime sodium, cefuroxime sodium, ceftazidime, cefepime HCl, cephalothin, cefazolin sodium, cefprozil, cefoperzone sodium, cefpirome sulphate, and cefoxitin sodium. The company also offers contract manufacturing for finished dosage forms, such as tablets, capsules, dry powder oral suspensions, and granules and injectable for cephalosporins. In addition, it provides a range of diagnostics products; and empty hard gelatin capsules. Further, the company menthol crystals, menthol powders and flakes, peppermint oils, dementholized peppermint oils, and menthone; CIS-3 hexenol, CIS-3-hexenol acetate/leaf acetate, and CIS-3-hexenol butyrate; mentha piperita oils, spearmint oils, distilled mentha oils/commint oils, distilled menthofuran, limonene, 3-octanol, terpenes, alpha pinene, beta pinene, 1.8 cineol, and ISO menthol; and menthone glycerol ketal, menthyl acetate, menthyl lactate, terpineol BP/USP/perfumery, pine oils, terpinolene, terpinen 4 ol, terpinyl acetate, lavendor ketone (3-Octanone), 3 menthyl cyclohexenone, and gamma terpinene. Nectar Lifesciences Limited was founded in 1995 and is headquartered in New Delhi, India.", "fullTimeEmployees": 2002, "companyOfficers": [{"maxAge": 1, "name": "Mr. Sanjiv  Goyal", "age": 60, "title": "Chairman & MD", "yearBorn": 1960, "fiscalYear": 2020, "totalPay": 18767600, "exercisedValue": 0, "unexercisedValue": 0}, {"maxAge": 1, "name": "Dr. Dinesh  Dua", "age": 65, "title": "Exec. Director", "yearBorn": 1955, "fiscalYear": 2020, "totalPay": 9579606, "exercisedValue": 0, "unexercisedValue": 0}, {"maxAge": 1, "name": "Sukriti  Saini", "title": "Company Sec.", "fiscalYear": 2020, "totalPay": 359341, "exercisedValue": 0, "unexercisedValue": 0}, {"maxAge": 1, "name": "Mr. Amit  Chadah", "age": 51, "title": "Chief Exec. Officer", "yearBorn": 1969, "exercisedValue": 0, "unexercisedValue": 0}, {"maxAge": 1, "name": "Mr. Sandeep  Goel", "title": "Chief Financial Officer", "exercisedValue": 0, "unexercisedValue": 0}, {"maxAge": 1, "name": "Mr. Ravi Kant Aggarwal", "age": 72, "title": "VP of Accounts", "yearBorn": 1948, "exercisedValue": 0, "unexercisedValue": 0}], "compensationAsOfEpochDate": "2020-12-31 05:30:00", "maxAge": 86400}, "recommendationTrend": {"trend": [{"period": "0m", "strongBuy": 0, "buy": 0, "hold": 0, "sell": 0, "strongSell": 0}, {"period": "-1m", "strongBuy": 0, "buy": 1, "hold": 0, "sell": 0, "strongSell": 0}, {"period": "-2m", "strongBuy": 0, "buy": 1, "hold": 0, "sell": 0, "strongSell": 0}, {"period": "-3m", "strongBuy": 0, "buy": 1, "hold": 0, "sell": 0, "strongSell": 0}], "maxAge": 86400}, "cashflowStatementHistory": {"cashflowStatements": [{"maxAge": 1, "endDate": "2020-03-31", "netIncome": 317890000, "depreciation": 607660000, "changeToNetincome": 1220450000, "changeToLiabilities": 0, "changeToOperatingActivities": 703600000, "totalCashFromOperatingActivities": 2849600000, "capitalExpenditures": -547700000, "investments": 4140000, "otherCashflowsFromInvestingActivities": 27010000, "totalCashflowsFromInvestingActivities": -331280000, "dividendsPaid": -13540000, "netBorrowings": -1246880000, "otherCashflowsFromFinancingActivities": -1258250000, "totalCashFromFinancingActivities": -2518670000, "changeInCash": -340000}, {"maxAge": 1, "endDate": "2019-03-31", "netIncome": 476000000, "depreciation": 632570000, "changeToNetincome": 1415710000, "changeToLiabilities": 0, "changeToOperatingActivities": -131930000, "totalCashFromOperatingActivities": 2392350000, "capitalExpenditures": -381270000, "investments": 4140000, "otherCashflowsFromInvestingActivities": 95770000, "totalCashflowsFromInvestingActivities": -261300000, "dividendsPaid": -13500000, "netBorrowings": -516030000, "otherCashflowsFromFinancingActivities": -1481360000, "totalCashFromFinancingActivities": -2010890000, "changeInCash": 120160000}, {"maxAge": 1, "endDate": "2018-03-31", "netIncome": 522720000, "depreciation": 643090000, "changeToNetincome": 1093060000, "changeToLiabilities": 0, "changeToOperatingActivities": -1607200000, "totalCashFromOperatingActivities": 651670000, "capitalExpenditures": -331630000, "investments": -1000000, "otherCashflowsFromInvestingActivities": 34190000, "totalCashflowsFromInvestingActivities": -294350000, "dividendsPaid": -13500000, "netBorrowings": 769490000, "otherCashflowsFromFinancingActivities": -1152010000, "totalCashFromFinancingActivities": -396020000, "changeInCash": -38700000}, {"maxAge": 1, "endDate": "2017-03-31", "netIncome": 553380000, "depreciation": 622510000, "changeToNetincome": 1015030000, "changeToLiabilities": 0, "changeToOperatingActivities": -203360000, "totalCashFromOperatingActivities": 1987560000, "capitalExpenditures": -533770000, "investments": 1290000, "otherCashflowsFromInvestingActivities": 67910000, "totalCashflowsFromInvestingActivities": -181040000, "dividendsPaid": -26990000, "netBorrowings": -840070000, "otherCashflowsFromFinancingActivities": -1174120000, "totalCashFromFinancingActivities": -2041180000, "changeInCash": -234660000}], "maxAge": 86400}, "indexTrend": {"maxAge": 1, "symbol": "SP5", "peRatio": 19.7411, "pegRatio": 1.34172, "estimates": [{"period": "0q", "growth": 0.549}, {"period": "+1q", "growth": 0.431}, {"period": "0y", "growth": 0.305}, {"period": "+1y", "growth": 0.109}, {"period": "+5y", "growth": 0.120865}, {"period": "-5y"}]}, "defaultKeyStatistics": {"maxAge": 1, "priceHint": 2, "enterpriseValue": 12689695744, "profitMargins": -0.014140001, "floatShares": 97209673, "sharesOutstanding": 224260992, "heldPercentInsiders": 0.57032, "heldPercentInstitutions": 0.0, "beta": 0.653723, "category": null, "bookValue": 50.111, "priceToBook": 0.49789467, "fundFamily": null, "legalType": null, "lastFiscalYearEnd": "2020-03-31 05:30:00", "nextFiscalYearEnd": "2022-03-31 05:30:00", "mostRecentQuarter": "2020-12-31 05:30:00", "netIncomeToCommon": -248696992, "trailingEps": -1.107, "forwardEps": 2.97, "lastSplitFactor": "10:1", "lastSplitDate": "2008-11-12 05:30:00", "enterpriseToRevenue": 0.722, "enterpriseToEbitda": 9.51, "52WeekChange": 0.8145455, "SandP52WeekChange": 0.48148263, "lastDividendValue": 0.05, "lastDividendDate": 1600646400}, "industryTrend": {"maxAge": 1, "symbol": null, "estimates": []}, "quoteType": {"exchange": "NSI", "quoteType": "EQUITY", "symbol": "NECLIFE.NS", "underlyingSymbol": "NECLIFE.NS", "shortName": "NECTAR LIFESCIENCE", "longName": "Nectar Lifesciences Limited", "firstTradeDateEpochUtc": "2005-07-18 09:15:00", "timeZoneFullName": "Asia/Kolkata", "timeZoneShortName": "IST", "uuid": "64a24fed-4e9c-3c4c-ad9d-d29a69b2905f", "messageBoardId": "finmb_22797923", "gmtOffSetMilliseconds": 19800000, "maxAge": 1}, "incomeStatementHistory": {"incomeStatementHistory": [{"maxAge": 1, "endDate": "2020-03-31", "totalRevenue": 23664030000, "costOfRevenue": 18586070000, "grossProfit": 5077960000, "researchDevelopment": {}, "sellingGeneralAdministrative": 828200000, "nonRecurring": {}, "otherOperatingExpenses": 2048840000, "totalOperatingExpenses": 22070730000, "operatingIncome": 1593300000, "totalOtherIncomeExpenseNet": -1218590000, "ebit": 1593300000, "interestExpense": -918070000, "incomeBeforeTax": 374710000, "incomeTaxExpense": 56820000, "minorityInterest": {}, "netIncomeFromContinuingOps": 317890000, "discontinuedOperations": {}, "extraordinaryItems": {}, "effectOfAccountingCharges": {}, "otherItems": {}, "netIncome": 317890000, "netIncomeApplicableToCommonShares": 317890000}, {"maxAge": 1, "endDate": "2019-03-31", "totalRevenue": 27828900000, "costOfRevenue": 22177060000, "grossProfit": 5651840000, "researchDevelopment": {}, "sellingGeneralAdministrative": 812050000, "nonRecurring": {}, "otherOperatingExpenses": 2194970000, "totalOperatingExpenses": 25816650000, "operatingIncome": 2012250000, "totalOtherIncomeExpenseNet": -1424050000, "ebit": 2012250000, "interestExpense": -878230000, "incomeBeforeTax": 588200000, "incomeTaxExpense": 112200000, "minorityInterest": {}, "netIncomeFromContinuingOps": 476000000, "discontinuedOperations": {}, "extraordinaryItems": {}, "effectOfAccountingCharges": {}, "otherItems": {}, "netIncome": 476000000, "netIncomeApplicableToCommonShares": 476000000}, {"maxAge": 1, "endDate": "2018-03-31", "totalRevenue": 18762810000, "costOfRevenue": 13670100000, "grossProfit": 5092710000, "researchDevelopment": {}, "sellingGeneralAdministrative": 797970000, "nonRecurring": {}, "otherOperatingExpenses": 1928440000, "totalOperatingExpenses": 17039600000, "operatingIncome": 1723210000, "totalOtherIncomeExpenseNet": -1096380000, "ebit": 1723210000, "interestExpense": -883670000, "incomeBeforeTax": 626830000, "incomeTaxExpense": 104110000, "minorityInterest": {}, "netIncomeFromContinuingOps": 522720000, "discontinuedOperations": {}, "extraordinaryItems": {}, "effectOfAccountingCharges": {}, "otherItems": {}, "netIncome": 522720000, "netIncomeApplicableToCommonShares": 522720000}, {"maxAge": 1, "endDate": "2017-03-31", "totalRevenue": 16437260000, "costOfRevenue": 11543080000, "grossProfit": 4894180000, "researchDevelopment": {}, "sellingGeneralAdministrative": 806160000, "nonRecurring": {}, "otherOperatingExpenses": 1841000000, "totalOperatingExpenses": 14812750000, "operatingIncome": 1624510000, "totalOtherIncomeExpenseNet": -950340000, "ebit": 1624510000, "interestExpense": -939610000, "incomeBeforeTax": 674170000, "incomeTaxExpense": 120790000, "minorityInterest": {}, "netIncomeFromContinuingOps": 553380000, "discontinuedOperations": {}, "extraordinaryItems": {}, "effectOfAccountingCharges": {}, "otherItems": {}, "netIncome": 553380000, "netIncomeApplicableToCommonShares": 553380000}], "maxAge": 86400}, "fundOwnership": {"maxAge": 1, "ownershipList": []}, "summaryDetail": {"maxAge": 1, "priceHint": 2, "previousClose": 25.85, "open": 25.5, "dayLow": 24.6, "dayHigh": 25.8, "regularMarketPreviousClose": 25.85, "regularMarketOpen": 25.5, "regularMarketDayLow": 24.6, "regularMarketDayHigh": 25.8, "dividendRate": 0.05, "dividendYield": 0.0019, "exDividendDate": "2020-09-21 05:30:00", "fiveYearAvgDividendYield": 0.28, "beta": 0.653723, "forwardPE": 8.400674, "volume": 1149691, "regularMarketVolume": 1149691, "averageVolume": 1101195, "averageVolume10days": 4938915, "averageDailyVolume10Day": 4938915, "bid": 0.0, "ask": 0.0, "bidSize": 0, "askSize": 0, "marketCap": 5595312128, "fiftyTwoWeekLow": 11.85, "fiftyTwoWeekHigh": 30.05, "priceToSalesTrailing12Months": 0.3181746, "fiftyDayAverage": 20.7, "twoHundredDayAverage": 20.391724, "trailingAnnualDividendRate": 0.05, "trailingAnnualDividendYield": 0.001934236, "currency": "INR", "fromCurrency": null, "toCurrency": null, "lastMarket": null, "algorithm": null, "tradeable": false}, "insiderHolders": {"holders": [{"maxAge": 1, "name": "Goyal (Aryan)", "relation": "Director (Executive)", "url": "", "transactionDescription": "Gift", "latestTransDate": "2019-07-26", "positionIndirectDate": 1564099200}, {"maxAge": 1, "name": "Goyal (Raman)", "relation": "Promoter", "url": "", "transactionDescription": "Other", "latestTransDate": "2017-03-28", "positionDirect": 0, "positionDirectDate": "2017-03-28"}, {"maxAge": 1, "name": "Goyal (Sanjiv)", "relation": "Executive Chairman", "url": "", "transactionDescription": "Gift", "latestTransDate": "2019-07-24", "positionDirect": 55845600, "positionDirectDate": "2019-07-24"}, {"maxAge": 1, "name": "Goyal (Saurabh)", "relation": "Promoter", "url": "", "transactionDescription": "Gift", "latestTransDate": "2019-07-24", "positionDirect": 0, "positionDirectDate": "2019-07-24"}, {"maxAge": 1, "name": "Kapur (Raman)", "relation": "Director", "url": "", "transactionDescription": "Acquisition", "latestTransDate": "2010-03-22", "positionDirect": 1000000, "positionDirectDate": "2010-03-22"}, {"maxAge": 1, "name": "Sanjiv HUF", "relation": "Promoter", "url": "", "transactionDescription": "Gift", "latestTransDate": "2019-07-24", "positionDirect": 43622400, "positionDirectDate": "2019-07-24"}], "maxAge": 1}, "calendarEvents": {"maxAge": 1, "earnings": {"earningsDate": ["2018-08-10 05:30:S", "2018-08-14 05:30:S"]}, "exDividendDate": "2020-09-21 05:30:00"}, "price": {"maxAge": 1, "regularMarketChangePercent": -0.03481623, "regularMarketChange": -0.8999996, "regularMarketTime": "2021-04-30 15:29:58", "priceHint": 2, "regularMarketPrice": 24.95, "regularMarketDayHigh": 25.8, "regularMarketDayLow": 24.6, "regularMarketVolume": 1149691, "averageDailyVolume10Day": 4938915, "averageDailyVolume3Month": 1101195, "regularMarketPreviousClose": 25.85, "regularMarketSource": "FREE_REALTIME", "regularMarketOpen": 25.5, "exchange": "NSI", "exchangeName": "NSE", "exchangeDataDelayedBy": 15, "marketState": "CLOSED", "quoteType": "EQUITY", "symbol": "NECLIFE.NS", "underlyingSymbol": null, "shortName": "NECTAR LIFESCIENCE", "longName": "Nectar Lifesciences Limited", "currency": "INR", "quoteSourceName": "Delayed Quote", "currencySymbol": "\u20b9", "fromCurrency": null, "toCurrency": null, "lastMarket": null, "marketCap": 5595312128}, "balanceSheetHistory": {"balanceSheetStatements": [{"maxAge": 1, "endDate": "2020-03-31", "cash": 212940000, "shortTermInvestments": 1660000, "netReceivables": 4576050000, "inventory": 9775510000, "otherCurrentAssets": 1585420000, "totalCurrentAssets": 16151580000, "longTermInvestments": 2350000, "propertyPlantEquipment": 8606550000, "intangibleAssets": 391910000, "otherAssets": 1180690000, "totalAssets": 26333080000, "accountsPayable": 5271450000, "shortLongTermDebt": 375690000, "otherCurrentLiab": 529430000, "longTermDebt": 1214820000, "otherLiab": 1278100000, "totalCurrentLiabilities": 12478910000, "totalLiab": 14971830000, "commonStock": 224260000, "retainedEarnings": 7849010000, "capitalSurplus": 3287980000, "totalStockholderEquity": 11361250000, "netTangibleAssets": 10969340000}, {"maxAge": 1, "endDate": "2019-03-31", "cash": 213270000, "shortTermInvestments": 5050000, "netReceivables": 6181100000, "inventory": 9179700000, "otherCurrentAssets": 1111180000, "totalCurrentAssets": 16690300000, "longTermInvestments": 2700000, "propertyPlantEquipment": 8851860000, "intangibleAssets": 391820000, "otherAssets": 1113200000, "totalAssets": 27049880000, "accountsPayable": 4836740000, "shortLongTermDebt": 1018910000, "otherCurrentLiab": 664480000, "longTermDebt": 1655900000, "otherLiab": 1343320000, "totalCurrentLiabilities": 12999050000, "totalLiab": 15998270000, "commonStock": 224260000, "retainedEarnings": 7539370000, "treasuryStock": 10827350000, "capitalSurplus": 3287980000, "otherStockholderEquity": 10827350000, "totalStockholderEquity": 11051610000, "netTangibleAssets": 10659790000}, {"maxAge": 1, "endDate": "2018-03-31", "cash": 93110000, "shortTermInvestments": 5100000, "netReceivables": 6584720000, "inventory": 8594350000, "otherCurrentAssets": 1328790000, "totalCurrentAssets": 16606070000, "longTermInvestments": 2700000, "propertyPlantEquipment": 9062170000, "intangibleAssets": 459240000, "otherAssets": 1108020000, "totalAssets": 27238200000, "accountsPayable": 5394240000, "shortLongTermDebt": 1008950000, "otherCurrentLiab": 230280000, "longTermDebt": 2200760000, "otherLiab": 1357630000, "totalCurrentLiabilities": 13093210000, "totalLiab": 16651600000, "commonStock": 224260000, "retainedEarnings": 7074360000, "capitalSurplus": 3287980000, "totalStockholderEquity": 10586600000, "netTangibleAssets": 10127360000}, {"maxAge": 1, "endDate": "2017-03-31", "cash": 131810000, "shortTermInvestments": 4080000, "netReceivables": 5470270000, "inventory": 8546530000, "otherCurrentAssets": 805880000, "totalCurrentAssets": 14958570000, "longTermInvestments": 2700000, "propertyPlantEquipment": 9259110000, "intangibleAssets": 574430000, "otherAssets": 1014300000, "totalAssets": 25809110000, "accountsPayable": 5280980000, "shortLongTermDebt": 839640000, "otherCurrentLiab": 187200000, "longTermDebt": 1638000000, "otherLiab": 1317760000, "totalCurrentLiabilities": 12786590000, "totalLiab": 15742350000, "commonStock": 224260000, "retainedEarnings": 6554520000, "capitalSurplus": 3287980000, "totalStockholderEquity": 10066760000, "netTangibleAssets": 9492330000}], "maxAge": 86400}, "earningsTrend": {"trend": [{"maxAge": 1, "period": "0q", "endDate": null, "growth": {}, "earningsEstimate": {"avg": 0.0, "low": 0.0, "high": 0.0, "yearAgoEps": {}, "numberOfAnalysts": 0, "growth": {}}, "revenueEstimate": {"avg": 0, "low": 0, "high": 0, "numberOfAnalysts": 0, "yearAgoRevenue": {}, "growth": {}}, "epsTrend": {"current": 0.0, "7daysAgo": 0.0, "30daysAgo": 0.0, "60daysAgo": 0.0, "90daysAgo": 0.0}, "epsRevisions": {"upLast7days": 0, "upLast30days": 0, "downLast30days": 0, "downLast90days": {}}}, {"maxAge": 1, "period": "+1q", "endDate": null, "growth": {}, "earningsEstimate": {"avg": 0.0, "low": 0.0, "high": 0.0, "yearAgoEps": {}, "numberOfAnalysts": 0, "growth": {}}, "revenueEstimate": {"avg": 0, "low": 0, "high": 0, "numberOfAnalysts": 0, "yearAgoRevenue": {}, "growth": {}}, "epsTrend": {"current": 0.0, "7daysAgo": 0.0, "30daysAgo": 0.0, "60daysAgo": 0.0, "90daysAgo": 0.0}, "epsRevisions": {"upLast7days": 0, "upLast30days": 0, "downLast30days": 0, "downLast90days": {}}}, {"maxAge": 1, "period": "0y", "endDate": null, "growth": {}, "earningsEstimate": {"avg": 0.0, "low": 0.0, "high": 0.0, "yearAgoEps": {}, "numberOfAnalysts": 0, "growth": {}}, "revenueEstimate": {"avg": 0, "low": 0, "high": 0, "numberOfAnalysts": 0, "yearAgoRevenue": {}, "growth": {}}, "epsTrend": {"current": 0.0, "7daysAgo": 0.0, "30daysAgo": 0.0, "60daysAgo": 0.0, "90daysAgo": 0.0}, "epsRevisions": {"upLast7days": 0, "upLast30days": 0, "downLast30days": 0, "downLast90days": {}}}, {"maxAge": 1, "period": "+1y", "endDate": null, "growth": {}, "earningsEstimate": {"avg": 0.0, "low": 0.0, "high": 0.0, "yearAgoEps": {}, "numberOfAnalysts": 0, "growth": {}}, "revenueEstimate": {"avg": 0, "low": 0, "high": 0, "numberOfAnalysts": 0, "yearAgoRevenue": {}, "growth": {}}, "epsTrend": {"current": 0.0, "7daysAgo": 0.0, "30daysAgo": 0.0, "60daysAgo": 0.0, "90daysAgo": 0.0}, "epsRevisions": {"upLast7days": 0, "upLast30days": 0, "downLast30days": 0, "downLast90days": {}}}, {"maxAge": 1, "period": "+5y", "endDate": null, "growth": {}, "earningsEstimate": {"avg": {}, "low": {}, "high": {}, "yearAgoEps": {}, "numberOfAnalysts": {}, "growth": {}}, "revenueEstimate": {"avg": {}, "low": {}, "high": {}, "numberOfAnalysts": {}, "yearAgoRevenue": {}, "growth": {}}, "epsTrend": {"current": {}, "7daysAgo": {}, "30daysAgo": {}, "60daysAgo": {}, "90daysAgo": {}}, "epsRevisions": {"upLast7days": {}, "upLast30days": {}, "downLast30days": {}, "downLast90days": {}}}, {"maxAge": 1, "period": "-5y", "endDate": null, "growth": -0.089499995, "earningsEstimate": {"avg": {}, "low": {}, "high": {}, "yearAgoEps": {}, "numberOfAnalysts": {}, "growth": {}}, "revenueEstimate": {"avg": {}, "low": {}, "high": {}, "numberOfAnalysts": {}, "yearAgoRevenue": {}, "growth": {}}, "epsTrend": {"current": {}, "7daysAgo": {}, "30daysAgo": {}, "60daysAgo": {}, "90daysAgo": {}}, "epsRevisions": {"upLast7days": {}, "upLast30days": {}, "downLast30days": {}, "downLast90days": {}}}], "maxAge": 1}, "institutionOwnership": {"maxAge": 1, "ownershipList": []}, "majorHoldersBreakdown": {"maxAge": 1, "insidersPercentHeld": 0.57032, "institutionsPercentHeld": 0.0, "institutionsFloatPercentHeld": 0.0, "institutionsCount": 0}, "balanceSheetHistoryQuarterly": {"balanceSheetStatements": [{"maxAge": 1, "endDate": "2020-12-31", "totalStockholderEquity": 11106514000, "netTangibleAssets": 10762026000}, {"maxAge": 1, "endDate": "2020-09-30", "cash": 278790000, "shortTermInvestments": 1794882000, "netReceivables": 3693718000, "inventory": 9043770000, "otherCurrentAssets": 421480000, "totalCurrentAssets": 15232640000, "longTermInvestments": 2351000, "propertyPlantEquipment": 8457723000, "intangibleAssets": 344488000, "otherAssets": 1310478000, "totalAssets": 25347680000, "accountsPayable": 3754305000, "shortLongTermDebt": 1134072000, "otherCurrentLiab": 357975000, "longTermDebt": 1220354000, "otherLiab": 1148939000, "totalCurrentLiabilities": 11871873000, "totalLiab": 14241166000, "commonStock": 224261000, "treasuryStock": 10882253000, "otherStockholderEquity": 10882253000, "totalStockholderEquity": 11106514000, "netTangibleAssets": 10762026000}, {"maxAge": 1, "endDate": "2020-06-30", "totalStockholderEquity": 11361250000, "netTangibleAssets": 10969340000}, {"maxAge": 1, "endDate": "2020-03-31", "cash": 212940000, "shortTermInvestments": 1660000, "netReceivables": 4576050000, "inventory": 9775510000, "otherCurrentAssets": 1585420000, "totalCurrentAssets": 16151580000, "longTermInvestments": 2350000, "propertyPlantEquipment": 8606550000, "intangibleAssets": 391910000, "otherAssets": 1180690000, "totalAssets": 26333080000, "accountsPayable": 5271450000, "shortLongTermDebt": 375690000, "otherCurrentLiab": 529430000, "longTermDebt": 1214820000, "otherLiab": 1278100000, "totalCurrentLiabilities": 12478910000, "totalLiab": 14971830000, "commonStock": 224260000, "retainedEarnings": 7849010000, "capitalSurplus": 3287980000, "totalStockholderEquity": 11361250000, "netTangibleAssets": 10969340000}], "maxAge": 86400}, "earningsHistory": {"history": [{"maxAge": 1, "epsActual": {}, "epsEstimate": {}, "epsDifference": {}, "surprisePercent": {}, "quarter": {}, "period": "-4q"}, {"maxAge": 1, "epsActual": {}, "epsEstimate": {}, "epsDifference": {}, "surprisePercent": {}, "quarter": {}, "period": "-3q"}, {"maxAge": 1, "epsActual": {}, "epsEstimate": {}, "epsDifference": {}, "surprisePercent": {}, "quarter": {}, "period": "-2q"}, {"maxAge": 1, "epsActual": {}, "epsEstimate": {}, "epsDifference": {}, "surprisePercent": {}, "quarter": {}, "period": "-1q"}], "maxAge": 86400}, "summaryProfile": {"address1": "Himalaya House", "address2": "F-66, 6th Floor 23 KG Marg", "city": "New Delhi", "zip": "110001", "country": "India", "phone": "91 11 4240 3311", "website": "http://www.neclife.com", "industry": "Drug Manufacturers\u2014Specialty & Generic", "sector": "Healthcare", "longBusinessSummary": "Nectar Lifesciences Limited manufactures and sells pharmaceutical products in India and internationally. The company offers contract research and manufacturing services, including process development and optimization, process scale up and validation, preparation and international submission of drug master files and certificates of suitability, multi kilo pilot plant production, bulk production, and chiral resolution; and chemical and analytical development, as well as analytical, manufacturing, and engineering consulting services. Its active pharmaceutical ingredients and intermediates comprise cefixime trihydrate, cefuroxime axetil, cefpodoxime proxetil, cefdinir, ceftriaxone sodium, cefotaxime sodium, cefuroxime sodium, ceftazidime, cefepime HCl, cephalothin, cefazolin sodium, cefprozil, cefoperzone sodium, cefpirome sulphate, and cefoxitin sodium. The company also offers contract manufacturing for finished dosage forms, such as tablets, capsules, dry powder oral suspensions, and granules and injectable for cephalosporins. In addition, it provides a range of diagnostics products; and empty hard gelatin capsules. Further, the company menthol crystals, menthol powders and flakes, peppermint oils, dementholized peppermint oils, and menthone; CIS-3 hexenol, CIS-3-hexenol acetate/leaf acetate, and CIS-3-hexenol butyrate; mentha piperita oils, spearmint oils, distilled mentha oils/commint oils, distilled menthofuran, limonene, 3-octanol, terpenes, alpha pinene, beta pinene, 1.8 cineol, and ISO menthol; and menthone glycerol ketal, menthyl acetate, menthyl lactate, terpineol BP/USP/perfumery, pine oils, terpinolene, terpinen 4 ol, terpinyl acetate, lavendor ketone (3-Octanone), 3 menthyl cyclohexenone, and gamma terpinene. Nectar Lifesciences Limited was founded in 1995 and is headquartered in New Delhi, India.", "fullTimeEmployees": 2002, "companyOfficers": [], "maxAge": 86400}, "netSharePurchaseActivity": {"maxAge": 1, "period": "6m", "buyInfoCount": 0, "buyInfoShares": 0, "sellInfoCount": 0, "netInfoCount": 0, "netInfoShares": 0, "netPercentInsiderShares": 0.0, "totalInsiderShares": 127864160}, "insiderTransactions": {"transactions": [{"maxAge": 1, "shares": 0, "filerUrl": "", "transactionText": "", "filerName": "Goyal (Aryan)", "filerRelation": "Director (Executive)", "moneyText": "", "startDate": "2019-07-26", "ownership": "I"}, {"maxAge": 1, "shares": 34845600, "filerUrl": "", "transactionText": "", "filerName": "Goyal (Sanjiv)", "filerRelation": "Executive Chairman", "moneyText": "", "startDate": "2019-07-24", "ownership": "D"}, {"maxAge": 1, "shares": 290000, "filerUrl": "", "transactionText": "", "filerName": "Goyal (Aryan)", "filerRelation": "Director (Executive)", "moneyText": "", "startDate": "2019-07-24", "ownership": "D"}, {"maxAge": 1, "shares": 243000, "filerUrl": "", "transactionText": "", "filerName": "Goyal (Saurabh)", "filerRelation": "Promoter", "moneyText": "", "startDate": "2019-07-24", "ownership": "D"}, {"maxAge": 1, "shares": 243000, "filerUrl": "", "transactionText": "", "filerName": "Sanjiv HUF", "filerRelation": "Promoter", "moneyText": "", "startDate": "2019-07-24", "ownership": "D"}, {"maxAge": 1, "shares": 21223400, "filerUrl": "", "transactionText": "", "filerName": "Goyal (Sanjiv)", "filerRelation": "Executive Chairman", "moneyText": "", "startDate": "2017-03-28", "ownership": "D"}, {"maxAge": 1, "shares": 42807400, "filerUrl": "", "transactionText": "", "filerName": "Sanjiv HUF", "filerRelation": "Promoter", "moneyText": "", "startDate": "2017-03-28", "ownership": "D"}, {"maxAge": 1, "shares": 21584000, "filerUrl": "", "transactionText": "", "filerName": "Goyal (Raman)", "filerRelation": "Promoter", "moneyText": "", "startDate": "2017-03-28", "ownership": "D"}, {"maxAge": 1, "shares": 64679, "filerUrl": "", "transactionText": "", "filerName": "Kapur (Raman)", "filerRelation": "Director", "moneyText": "", "startDate": "2010-03-22", "ownership": "D"}, {"maxAge": 1, "shares": 517855, "filerUrl": "", "transactionText": "", "filerName": "Kapur (Raman)", "filerRelation": "Director", "moneyText": "", "startDate": "2010-03-19", "ownership": "D"}, {"maxAge": 1, "shares": 1099, "filerUrl": "", "transactionText": "", "filerName": "Kapur (Raman)", "filerRelation": "Director", "moneyText": "", "startDate": "2010-03-16", "ownership": "D"}, {"maxAge": 1, "shares": 351332, "filerUrl": "", "transactionText": "", "filerName": "Kapur (Raman)", "filerRelation": "Director", "moneyText": "", "startDate": "2010-03-15", "ownership": "D"}, {"maxAge": 1, "shares": 36307, "filerUrl": "", "transactionText": "", "filerName": "Kapur (Raman)", "filerRelation": "Director", "moneyText": "", "startDate": "2010-03-10", "ownership": "D"}, {"maxAge": 1, "shares": 28728, "filerUrl": "", "transactionText": "", "filerName": "Kapur (Raman)", "filerRelation": "Director", "moneyText": "", "startDate": "2010-02-26", "ownership": "D"}], "maxAge": 1}, "sectorTrend": {"maxAge": 1, "symbol": null, "estimates": []}, "incomeStatementHistoryQuarterly": {"incomeStatementHistory": [{"maxAge": 1, "endDate": "2020-12-31", "totalRevenue": 3773952000, "costOfRevenue": 2783778000, "grossProfit": 990174000, "researchDevelopment": {}, "sellingGeneralAdministrative": 202929000, "nonRecurring": {}, "otherOperatingExpenses": 459666000, "totalOperatingExpenses": 3597387000, "operatingIncome": 176565000, "totalOtherIncomeExpenseNet": -299790000, "ebit": 176565000, "interestExpense": -306343000, "incomeBeforeTax": -123225000, "incomeTaxExpense": -42514000, "minorityInterest": {}, "netIncomeFromContinuingOps": -80711000, "discontinuedOperations": {}, "extraordinaryItems": {}, "effectOfAccountingCharges": {}, "otherItems": {}, "netIncome": -80711000, "netIncomeApplicableToCommonShares": -80711000}, {"maxAge": 1, "endDate": "2020-09-30", "totalRevenue": 4267897000, "costOfRevenue": 3295589000, "grossProfit": 972308000, "researchDevelopment": {}, "sellingGeneralAdministrative": 185246000, "nonRecurring": {}, "otherOperatingExpenses": 472350000, "totalOperatingExpenses": 4104113000, "operatingIncome": 163784000, "totalOtherIncomeExpenseNet": -273535000, "ebit": 163784000, "interestExpense": -278835000, "incomeBeforeTax": -109751000, "incomeTaxExpense": -36610000, "minorityInterest": {}, "netIncomeFromContinuingOps": -73141000, "discontinuedOperations": {}, "extraordinaryItems": {}, "effectOfAccountingCharges": {}, "otherItems": {}, "netIncome": -73141000, "netIncomeApplicableToCommonShares": -73141000}, {"maxAge": 1, "endDate": "2020-06-30", "totalRevenue": 3896246000, "costOfRevenue": 3062422000, "grossProfit": 833824000, "researchDevelopment": {}, "sellingGeneralAdministrative": 175045000, "nonRecurring": {}, "otherOperatingExpenses": 492220000, "totalOperatingExpenses": 3880197000, "operatingIncome": 16049000, "totalOtherIncomeExpenseNet": -273524000, "ebit": 16049000, "interestExpense": -278703000, "incomeBeforeTax": -257475000, "incomeTaxExpense": -88436000, "minorityInterest": {}, "netIncomeFromContinuingOps": -169039000, "discontinuedOperations": {}, "extraordinaryItems": {}, "effectOfAccountingCharges": {}, "otherItems": {}, "netIncome": -169039000, "netIncomeApplicableToCommonShares": -169039000}, {"maxAge": 1, "endDate": "2020-03-31", "totalRevenue": 5647571000, "costOfRevenue": 4383050000, "grossProfit": 1264521000, "researchDevelopment": {}, "sellingGeneralAdministrative": 201654000, "nonRecurring": {}, "otherOperatingExpenses": 520342000, "totalOperatingExpenses": 5258620000, "operatingIncome": 388951000, "totalOtherIncomeExpenseNet": -305239000, "ebit": 388951000, "interestExpense": -278703000, "incomeBeforeTax": 83712000, "incomeTaxExpense": 9518000, "minorityInterest": {}, "netIncomeFromContinuingOps": 74194000, "discontinuedOperations": {}, "extraordinaryItems": {}, "effectOfAccountingCharges": {}, "otherItems": {}, "netIncome": 74194000, "netIncomeApplicableToCommonShares": 74194000}], "maxAge": 86400}, "cashflowStatementHistoryQuarterly": {"cashflowStatements": [{"maxAge": 1, "endDate": "2020-12-31", "netIncome": -80711000, "changeToLiabilities": 0}, {"maxAge": 1, "endDate": "2020-09-30", "netIncome": -73141000, "changeToLiabilities": 0}, {"maxAge": 1, "endDate": "2020-06-30", "netIncome": -169039000, "changeToLiabilities": 0}, {"maxAge": 1, "endDate": "2020-03-31", "netIncome": 74194000, "changeToLiabilities": 0}], "maxAge": 86400}, "earnings": {"maxAge": 86400, "earningsChart": {"quarterly": [], "earningsDate": ["2018-08-10 05:30:S", "2018-08-14 05:30:S"]}, "financialsChart": {"yearly": [{"date": 2017, "revenue": 16437260000, "earnings": 553380000}, {"date": 2018, "revenue": 18762810000, "earnings": 522720000}, {"date": 2019, "revenue": 27828900000, "earnings": 476000000}, {"date": 2020, "revenue": 23664030000, "earnings": 317890000}], "quarterly": [{"date": "1Q2020", "revenue": 5647571000, "earnings": 74194000}, {"date": "2Q2020", "revenue": 3896246000, "earnings": -169039000}, {"date": "3Q2020", "revenue": 4267897000, "earnings": -73141000}, {"date": "4Q2020", "revenue": 3773952000, "earnings": -80711000}]}, "financialCurrency": "INR"}, "financialData": {"maxAge": 86400, "currentPrice": 24.95, "targetHighPrice": 42.0, "targetLowPrice": 42.0, "targetMeanPrice": 42.0, "targetMedianPrice": 42.0, "recommendationMean": 2.0, "recommendationKey": "buy", "numberOfAnalystOpinions": 1, "totalCash": 2073671936, "totalCashPerShare": 9.249, "ebitda": 1334326528, "totalDebt": 8967870464, "totalRevenue": 17585666048, "debtToEquity": 80.744, "revenuePerShare": 78.245, "grossProfits": 5077960000, "revenueGrowth": -0.418, "grossMargins": 0.23091999, "ebitdaMargins": 0.07588, "operatingMargins": 0.042379998, "profitMargins": -0.014140001, "financialCurrency": "INR"}}}