{"NEIL.BO": {"cashflowStatementHistory": {"cashflowStatements": [{"maxAge": 1, "endDate": "2020-03-31", "netIncome": 11583314, "depreciation": 452975, "changeToNetincome": 5944890, "changeToLiabilities": 0, "changeToInventory": 14094284, "changeToOperatingActivities": -7098015, "totalCashFromOperatingActivities": 24977448, "capitalExpenditures": -55268, "investments": 9488245, "otherCashflowsFromInvestingActivities": 52062940, "totalCashflowsFromInvestingActivities": -27164593, "changeInCash": -2187145}, {"maxAge": 1, "endDate": "2019-03-31", "netIncome": 7292073, "depreciation": 528754, "changeToNetincome": 4705666, "changeToLiabilities": 0, "changeToInventory": -6298202, "changeToOperatingActivities": 100489074, "totalCashFromOperatingActivities": 106717365, "capitalExpenditures": -163170738, "investments": 32500000, "otherCashflowsFromInvestingActivities": 52062940, "totalCashflowsFromInvestingActivities": -130670738, "changeInCash": -23953373}, {"maxAge": 1, "endDate": "2018-03-31", "netIncome": 11254861, "depreciation": 420333, "changeToNetincome": 358819, "changeToLiabilities": 42926, "changeToInventory": 2563227, "changeToOperatingActivities": -29584334, "totalCashFromOperatingActivities": -14944169, "capitalExpenditures": -61551959, "investments": -41500000, "otherCashflowsFromInvestingActivities": 52062940, "totalCashflowsFromInvestingActivities": 40397415, "changeInCash": 25453246}, {"maxAge": 1, "endDate": "2017-03-31", "netIncome": 5510713, "depreciation": 814438, "changeToNetincome": -732954, "changeToLiabilities": 5250, "changeToInventory": -2668202, "changeToOperatingActivities": 22106149, "totalCashFromOperatingActivities": 25035394, "capitalExpenditures": -61551959, "investments": -41500000, "otherCashflowsFromInvestingActivities": 52062940, "totalCashflowsFromInvestingActivities": -29864033, "changeInCash": -4828639}], "maxAge": 86400}, "institutionOwnership": {"ownershipList": [], "maxAge": 1}, "balanceSheetHistoryQuarterly": {"balanceSheetStatements": [{"maxAge": 1, "endDate": "2020-06-30", "totalStockholderEquity": 548535545, "netTangibleAssets": 548535545}, {"maxAge": 1, "endDate": "2020-03-31", "cash": 597056, "netReceivables": 299584986, "otherCurrentAssets": 8491982, "totalCurrentAssets": 308827606, "longTermInvestments": 10000, "propertyPlantEquipment": 1579022, "otherAssets": 259086435, "deferredLongTermAssetCharges": 384315, "totalAssets": 569503063, "otherCurrentLiab": 83500, "otherLiab": 16841813, "totalCurrentLiabilities": 4125705, "totalLiab": 20967518, "commonStock": 195532000, "retainedEarnings": 68128545, "capitalSurplus": 284875000, "totalStockholderEquity": 548535545, "netTangibleAssets": 548535545}, {"maxAge": 1, "endDate": "2019-12-31", "totalStockholderEquity": 541851000, "netTangibleAssets": 541851000}, {"maxAge": 1, "endDate": "2019-09-30", "cash": 893000, "netReceivables": 445646000, "inventory": 11116000, "totalCurrentAssets": 457655000, "longTermInvestments": 35000, "propertyPlantEquipment": 1727000, "otherAssets": 89534000, "deferredLongTermAssetCharges": 394000, "totalAssets": 548951000, "otherCurrentLiab": 7073000, "totalCurrentLiabilities": 7100000, "totalLiab": 7100000, "commonStock": 195532000, "treasuryStock": 346319000, "otherStockholderEquity": 346319000, "totalStockholderEquity": 541851000, "netTangibleAssets": 541851000}], "maxAge": 86400}, "indexTrend": {"maxAge": 1, "symbol": "SP5", "peRatio": 19.7411, "pegRatio": 1.34172, "estimates": [{"period": "0q", "growth": 0.549}, {"period": "+1q", "growth": 0.431}, {"period": "0y", "growth": 0.305}, {"period": "+1y", "growth": 0.109}, {"period": "+5y", "growth": 0.120859005}, {"period": "-5y"}]}, "quoteType": {"exchange": "BSE", "quoteType": "EQUITY", "symbol": "NEIL.BO", "underlyingSymbol": "NEIL.BO", "shortName": "Neil Industries Ltd.", "longName": "Neil Industries Limited", "firstTradeDateEpochUtc": "2015-03-20 09:15:00", "timeZoneFullName": "Asia/Kolkata", "timeZoneShortName": "IST", "uuid": "9b9c91ff-5148-34f1-aa8b-7de3030bbfed", "gmtOffSetMilliseconds": 19800000, "maxAge": 1}, "incomeStatementHistory": {"incomeStatementHistory": [{"maxAge": 1, "endDate": "2020-03-31", "totalRevenue": 68579620, "costOfRevenue": 40394531, "grossProfit": 28185089, "researchDevelopment": {}, "sellingGeneralAdministrative": 2323600, "nonRecurring": {}, "otherOperatingExpenses": 10338391, "totalOperatingExpenses": 53509497, "operatingIncome": 15070123, "totalOtherIncomeExpenseNet": 0, "ebit": 0, "interestExpense": {}, "incomeBeforeTax": 15070123, "incomeTaxExpense": 3486809, "minorityInterest": {}, "netIncomeFromContinuingOps": 11583314, "discontinuedOperations": {}, "extraordinaryItems": {}, "effectOfAccountingCharges": {}, "otherItems": {}, "netIncome": 11583314, "netIncomeApplicableToCommonShares": 11583314}, {"maxAge": 1, "endDate": "2019-03-31", "totalRevenue": 93127988, "costOfRevenue": 71802633, "grossProfit": 21325355, "researchDevelopment": {}, "sellingGeneralAdministrative": 2066645, "nonRecurring": {}, "otherOperatingExpenses": 6140432, "totalOperatingExpenses": 80538464, "operatingIncome": 12589524, "totalOtherIncomeExpenseNet": 0, "ebit": 0, "interestExpense": {}, "incomeBeforeTax": 12589524, "incomeTaxExpense": 5297451, "minorityInterest": {}, "netIncomeFromContinuingOps": 7292073, "discontinuedOperations": {}, "extraordinaryItems": {}, "effectOfAccountingCharges": {}, "otherItems": {}, "netIncome": 7292073, "netIncomeApplicableToCommonShares": 7292073}, {"maxAge": 1, "endDate": "2018-03-31", "totalRevenue": 182405300, "costOfRevenue": 163141393, "grossProfit": 19263907, "researchDevelopment": {}, "sellingGeneralAdministrative": 1936026, "nonRecurring": {}, "otherOperatingExpenses": 1415805, "totalOperatingExpenses": 166913557, "operatingIncome": 15491743, "totalOtherIncomeExpenseNet": 0, "ebit": 0, "interestExpense": {}, "incomeBeforeTax": 15491743, "incomeTaxExpense": 4236882, "minorityInterest": {}, "netIncomeFromContinuingOps": 11254861, "discontinuedOperations": {}, "extraordinaryItems": {}, "effectOfAccountingCharges": {}, "otherItems": {}, "netIncome": 11254861, "netIncomeApplicableToCommonShares": 11254861}, {"maxAge": 1, "endDate": "2017-03-31", "totalRevenue": 141232636, "costOfRevenue": 127825794, "grossProfit": 13406842, "researchDevelopment": {}, "sellingGeneralAdministrative": 1776598, "nonRecurring": {}, "otherOperatingExpenses": 1546769, "totalOperatingExpenses": 131963599, "operatingIncome": 9269037, "totalOtherIncomeExpenseNet": 49339, "ebit": 0, "interestExpense": {}, "incomeBeforeTax": 9318376, "incomeTaxExpense": 3807663, "minorityInterest": {}, "netIncomeFromContinuingOps": 5510713, "discontinuedOperations": {}, "extraordinaryItems": {}, "effectOfAccountingCharges": {}, "otherItems": {}, "netIncome": 5510713, "netIncomeApplicableToCommonShares": 5510713}], "maxAge": 86400}, "fundOwnership": {"ownershipList": [], "maxAge": 1}, "summaryDetail": {"maxAge": 1, "priceHint": 2, "previousClose": 6.88, "open": 6.88, "dayLow": 6.88, "dayHigh": 6.88, "regularMarketPreviousClose": 6.88, "regularMarketOpen": 6.88, "regularMarketDayLow": 6.88, "regularMarketDayHigh": 6.88, "trailingPE": 10.284006, "volume": 22, "regularMarketVolume": 22, "averageVolume": 3040, "averageVolume10days": 984, "averageDailyVolume10Day": 984, "bid": 6.23, "ask": 6.88, "marketCap": 134526016, "fiftyTwoWeekLow": 4.78, "fiftyTwoWeekHigh": 29.25, "fiftyDayAverage": 6.632727, "twoHundredDayAverage": 11.566618, "currency": "INR", "fromCurrency": null, "lastMarket": null, "algorithm": null, "tradeable": false}, "incomeStatementHistoryQuarterly": {"incomeStatementHistory": [{"maxAge": 1, "endDate": "2020-06-30", "totalRevenue": 6658000, "costOfRevenue": 0, "grossProfit": 6658000, "researchDevelopment": {}, "sellingGeneralAdministrative": 546000, "nonRecurring": {}, "otherOperatingExpenses": 274000, "totalOperatingExpenses": 870000, "operatingIncome": 5788000, "totalOtherIncomeExpenseNet": 0, "ebit": 0, "interestExpense": {}, "incomeBeforeTax": 5788000, "incomeTaxExpense": 1500000, "minorityInterest": {}, "netIncomeFromContinuingOps": 4288000, "discontinuedOperations": {}, "extraordinaryItems": {}, "effectOfAccountingCharges": {}, "otherItems": {}, "netIncome": 4288000, "netIncomeApplicableToCommonShares": 4288000}, {"maxAge": 1, "endDate": "2020-03-31", "totalRevenue": 7258620, "costOfRevenue": 1846531, "grossProfit": 5412089, "researchDevelopment": {}, "sellingGeneralAdministrative": 1008600, "nonRecurring": {}, "otherOperatingExpenses": 8900391, "totalOperatingExpenses": 11833497, "operatingIncome": -4574877, "totalOtherIncomeExpenseNet": 0, "ebit": 0, "interestExpense": {}, "incomeBeforeTax": -4574877, "incomeTaxExpense": -14191, "minorityInterest": {}, "netIncomeFromContinuingOps": -4560686, "discontinuedOperations": {}, "extraordinaryItems": {}, "effectOfAccountingCharges": {}, "otherItems": {}, "netIncome": -4560686, "netIncomeApplicableToCommonShares": -4560686}, {"maxAge": 1, "endDate": "2019-12-31", "totalRevenue": 28911000, "costOfRevenue": 16582000, "grossProfit": 12329000, "researchDevelopment": {}, "sellingGeneralAdministrative": 459000, "nonRecurring": {}, "otherOperatingExpenses": 199000, "totalOperatingExpenses": 17365000, "operatingIncome": 11546000, "totalOtherIncomeExpenseNet": 0, "ebit": 0, "interestExpense": {}, "incomeBeforeTax": 11546000, "incomeTaxExpense": 300000, "minorityInterest": {}, "netIncomeFromContinuingOps": 11246000, "discontinuedOperations": {}, "extraordinaryItems": {}, "effectOfAccountingCharges": {}, "otherItems": {}, "netIncome": 11246000, "netIncomeApplicableToCommonShares": 11246000}, {"maxAge": 1, "endDate": "2019-09-30", "totalRevenue": 15483000, "costOfRevenue": 10087000, "grossProfit": 5396000, "researchDevelopment": {}, "sellingGeneralAdministrative": 429000, "nonRecurring": {}, "otherOperatingExpenses": 341000, "totalOperatingExpenses": 10997000, "operatingIncome": 4486000, "totalOtherIncomeExpenseNet": 0, "ebit": 0, "interestExpense": {}, "incomeBeforeTax": 4486000, "incomeTaxExpense": 2251000, "minorityInterest": {}, "netIncomeFromContinuingOps": 2235000, "discontinuedOperations": {}, "extraordinaryItems": {}, "effectOfAccountingCharges": {}, "otherItems": {}, "netIncome": 2235000, "netIncomeApplicableToCommonShares": 2235000}], "maxAge": 86400}, "cashflowStatementHistoryQuarterly": {"cashflowStatements": [{"maxAge": 1, "endDate": "2020-06-30", "netIncome": 4288000, "changeToLiabilities": 0}, {"maxAge": 1, "endDate": "2020-03-31", "netIncome": -4560686, "changeToLiabilities": 0}, {"maxAge": 1, "endDate": "2019-12-31", "netIncome": 11246000, "changeToLiabilities": 0}, {"maxAge": 1, "endDate": "2019-09-30", "netIncome": 2235000, "changeToLiabilities": 0}], "maxAge": 86400}, "insiderHolders": {"holders": [], "maxAge": 1}, "calendarEvents": {"maxAge": 1, "earnings": {"earningsDate": ["2020-09-14 05:30:S"]}}, "upgradeDowngradeHistory": {"history": [], "maxAge": 86400}, "price": {"maxAge": 1, "regularMarketChangePercent": 0.0, "regularMarketChange": 0.0, "regularMarketTime": "2021-04-30 15:18:08", "priceHint": 2, "regularMarketPrice": 6.88, "regularMarketDayHigh": 6.88, "regularMarketDayLow": 6.88, "regularMarketVolume": 22, "averageDailyVolume10Day": 984, "averageDailyVolume3Month": 3040, "regularMarketPreviousClose": 6.88, "regularMarketSource": "FREE_REALTIME", "regularMarketOpen": 6.88, "exchange": "BSE", "exchangeName": "BSE", "exchangeDataDelayedBy": 0, "marketState": "CLOSED", "quoteType": "EQUITY", "symbol": "NEIL.BO", "underlyingSymbol": null, "shortName": "Neil Industries Ltd.", "longName": "Neil Industries Limited", "currency": "INR", "quoteSourceName": "Delayed Quote", "currencySymbol": "\u20b9", "fromCurrency": null, "lastMarket": null, "marketCap": 134526016}, "balanceSheetHistory": {"balanceSheetStatements": [{"maxAge": 1, "endDate": "2020-03-31", "cash": 597056, "netReceivables": 299584986, "otherCurrentAssets": 8491982, "totalCurrentAssets": 308827606, "longTermInvestments": 10000, "propertyPlantEquipment": 1579022, "otherAssets": 259086435, "deferredLongTermAssetCharges": 384315, "totalAssets": 569503063, "otherCurrentLiab": 83500, "otherLiab": 16841813, "totalCurrentLiabilities": 4125705, "totalLiab": 20967518, "commonStock": 195532000, "retainedEarnings": 68128545, "capitalSurplus": 284875000, "totalStockholderEquity": 548535545, "netTangibleAssets": 548535545}, {"maxAge": 1, "endDate": "2019-03-31", "cash": 2784201, "netReceivables": 287417779, "inventory": 14248000, "otherCurrentAssets": 9075285, "totalCurrentAssets": 313525131, "longTermInvestments": 9498245, "propertyPlantEquipment": 1976729, "otherAssets": 224130003, "deferredLongTermAssetCharges": 393823, "totalAssets": 549130108, "otherLiab": 7056877, "totalCurrentLiabilities": 5121000, "totalLiab": 12177877, "commonStock": 195532000, "retainedEarnings": 56545231, "treasuryStock": 341420000, "capitalSurplus": 284875000, "otherStockholderEquity": 341420000, "totalStockholderEquity": 536952231, "netTangibleAssets": 536952231}, {"maxAge": 1, "endDate": "2018-03-31", "cash": 26737574, "netReceivables": 358532401, "otherCurrentAssets": 4417861, "totalCurrentAssets": 397637500, "longTermInvestments": 41998245, "propertyPlantEquipment": 1546812, "otherAssets": 90463361, "deferredLongTermAssetCharges": 480325, "totalAssets": 531645918, "otherCurrentLiab": 1873550, "totalCurrentLiabilities": 1985760, "totalLiab": 1985760, "commonStock": 195532000, "retainedEarnings": 49253158, "capitalSurplus": 284875000, "totalStockholderEquity": 529660158, "netTangibleAssets": 529660158}, {"maxAge": 1, "endDate": "2017-03-31", "cash": 1284328, "netReceivables": 238090893, "otherCurrentAssets": 4667647, "totalCurrentAssets": 254555759, "longTermInvestments": 498245, "propertyPlantEquipment": 1945346, "otherAssets": 263232668, "deferredLongTermAssetCharges": 475107, "totalAssets": 520232018, "otherCurrentLiab": 1752970, "totalCurrentLiabilities": 1826720, "totalLiab": 1826720, "commonStock": 195532000, "retainedEarnings": 37998298, "capitalSurplus": 284875000, "totalStockholderEquity": 518405298, "netTangibleAssets": 518405298}], "maxAge": 86400}, "financialData": {"maxAge": 86400, "currentPrice": 6.88, "recommendationKey": "none", "grossProfits": 28185089, "financialCurrency": "INR"}}}