{"NELCO.BO": {"cashflowStatementHistory": {"cashflowStatements": [{"maxAge": 1, "endDate": "2020-03-31", "netIncome": 143800000, "depreciation": 194300000, "changeToNetincome": 89100000, "changeToAccountReceivables": -108600000, "changeToLiabilities": 62000000, "changeToInventory": -26300000, "changeToOperatingActivities": -29300000, "totalCashFromOperatingActivities": 331700000, "capitalExpenditures": -480000000, "investments": 67700000, "otherCashflowsFromInvestingActivities": 10600000, "totalCashflowsFromInvestingActivities": -400600000, "dividendsPaid": -34300000, "netBorrowings": 212500000, "otherCashflowsFromFinancingActivities": -133500000, "totalCashFromFinancingActivities": 44700000, "changeInCash": -24100000}, {"maxAge": 1, "endDate": "2019-03-31", "netIncome": 222900000, "depreciation": 124300000, "changeToNetincome": -19500000, "changeToAccountReceivables": -34000000, "changeToLiabilities": 284700000, "changeToInventory": 9800000, "changeToOperatingActivities": -381300000, "totalCashFromOperatingActivities": 212200000, "capitalExpenditures": -533900000, "investments": 67700000, "otherCashflowsFromInvestingActivities": 19100000, "totalCashflowsFromInvestingActivities": -446800000, "dividendsPaid": -34300000, "netBorrowings": 324000000, "otherCashflowsFromFinancingActivities": -73800000, "totalCashFromFinancingActivities": 250200000, "changeInCash": 15600000}, {"maxAge": 1, "endDate": "2018-03-31", "netIncome": 121100000, "depreciation": 91000000, "changeToNetincome": 45500000, "changeToAccountReceivables": -200300000, "changeToLiabilities": 84200000, "changeToInventory": 1400000, "changeToOperatingActivities": 174700000, "totalCashFromOperatingActivities": 321500000, "capitalExpenditures": -207900000, "investments": 67700000, "otherCashflowsFromInvestingActivities": 25200000, "totalCashflowsFromInvestingActivities": -142600000, "dividendsPaid": -600000, "netBorrowings": -61700000, "otherCashflowsFromFinancingActivities": -59600000, "totalCashFromFinancingActivities": -121900000, "changeInCash": 57000000}, {"maxAge": 1, "endDate": "2017-03-31", "netIncome": 62800000, "depreciation": 77300000, "changeToNetincome": 117500000, "changeToAccountReceivables": 55900000, "changeToLiabilities": -4300000, "changeToInventory": -10100000, "changeToOperatingActivities": 77300000, "totalCashFromOperatingActivities": 379300000, "capitalExpenditures": -162100000, "investments": 38000000, "otherCashflowsFromInvestingActivities": 99000000, "totalCashflowsFromInvestingActivities": -25100000, "dividendsPaid": -300000, "netBorrowings": -312200000, "otherCashflowsFromFinancingActivities": -88700000, "totalCashFromFinancingActivities": -401200000, "changeInCash": -47000000}], "maxAge": 86400}, "institutionOwnership": {"ownershipList": [], "maxAge": 1}, "balanceSheetHistoryQuarterly": {"balanceSheetStatements": [{"maxAge": 1, "endDate": "2020-06-30", "totalStockholderEquity": 658900000, "netTangibleAssets": 639400000}, {"maxAge": 1, "endDate": "2020-03-31", "cash": 131100000, "shortTermInvestments": 6300000, "netReceivables": 877000000, "inventory": 105200000, "otherCurrentAssets": 101900000, "totalCurrentAssets": 1231700000, "longTermInvestments": 1600000, "propertyPlantEquipment": 1182100000, "intangibleAssets": 19500000, "otherAssets": 365800000, "deferredLongTermAssetCharges": 65600000, "totalAssets": 2800700000, "accountsPayable": 377200000, "shortLongTermDebt": 145900000, "otherCurrentLiab": 353200000, "longTermDebt": 294800000, "otherLiab": 59500000, "deferredLongTermLiab": 700000, "totalCurrentLiabilities": 1724900000, "totalLiab": 2141800000, "commonStock": 228200000, "retainedEarnings": 429500000, "treasuryStock": 1200000, "otherStockholderEquity": 1200000, "totalStockholderEquity": 658900000, "netTangibleAssets": 639400000}, {"maxAge": 1, "endDate": "2019-12-31", "totalStockholderEquity": 563900000, "netTangibleAssets": 548500000}, {"maxAge": 1, "endDate": "2019-09-30", "cash": 41800000, "shortTermInvestments": 150300000, "netReceivables": 680700000, "inventory": 122800000, "otherCurrentAssets": 105200000, "totalCurrentAssets": 1100800000, "longTermInvestments": 34700000, "propertyPlantEquipment": 1156600000, "intangibleAssets": 15400000, "otherAssets": 293900000, "deferredLongTermAssetCharges": 71100000, "totalAssets": 2601400000, "accountsPayable": 338000000, "otherCurrentLiab": 630100000, "longTermDebt": 384900000, "otherLiab": 59200000, "totalCurrentLiabilities": 1532900000, "totalLiab": 2037500000, "commonStock": 228200000, "retainedEarnings": 334500000, "treasuryStock": 1200000, "otherStockholderEquity": 1200000, "totalStockholderEquity": 563900000, "netTangibleAssets": 548500000}], "maxAge": 86400}, "indexTrend": {"maxAge": 1, "symbol": "SP5", "peRatio": 19.7411, "pegRatio": 1.34172, "estimates": [{"period": "0q", "growth": 0.549}, {"period": "+1q", "growth": 0.431}, {"period": "0y", "growth": 0.305}, {"period": "+1y", "growth": 0.109}, {"period": "+5y", "growth": 0.120865}, {"period": "-5y"}]}, "quoteType": {"exchange": "BSE", "quoteType": "EQUITY", "symbol": "NELCO.BO", "underlyingSymbol": "NELCO.BO", "shortName": "NELCO LTD.", "longName": "Nelco Limited", "firstTradeDateEpochUtc": "2000-02-29 09:15:00", "timeZoneFullName": "Asia/Kolkata", "timeZoneShortName": "IST", "uuid": "9749cd20-ef3e-37ca-bd73-e7be6df6ec70", "gmtOffSetMilliseconds": 19800000, "maxAge": 1}, "incomeStatementHistory": {"incomeStatementHistory": [{"maxAge": 1, "endDate": "2020-03-31", "totalRevenue": 2199300000, "costOfRevenue": 1141100000, "grossProfit": 1058200000, "researchDevelopment": {}, "sellingGeneralAdministrative": 6000000, "nonRecurring": {}, "otherOperatingExpenses": 539900000, "totalOperatingExpenses": 1894200000, "operatingIncome": 305100000, "totalOtherIncomeExpenseNet": -102500000, "ebit": 305100000, "interestExpense": -122400000, "incomeBeforeTax": 202600000, "incomeTaxExpense": 58800000, "minorityInterest": {}, "netIncomeFromContinuingOps": 143800000, "discontinuedOperations": {}, "extraordinaryItems": {}, "effectOfAccountingCharges": {}, "otherItems": {}, "netIncome": 143800000, "netIncomeApplicableToCommonShares": 143800000}, {"maxAge": 1, "endDate": "2019-03-31", "totalRevenue": 1910100000, "costOfRevenue": 1023400000, "grossProfit": 886700000, "researchDevelopment": {}, "sellingGeneralAdministrative": 7400000, "nonRecurring": {}, "otherOperatingExpenses": 498100000, "totalOperatingExpenses": 1665700000, "operatingIncome": 244400000, "totalOtherIncomeExpenseNet": -44200000, "ebit": 244400000, "interestExpense": -67200000, "incomeBeforeTax": 200200000, "incomeTaxExpense": -22700000, "minorityInterest": {}, "netIncomeFromContinuingOps": 222900000, "discontinuedOperations": {}, "extraordinaryItems": {}, "effectOfAccountingCharges": {}, "otherItems": {}, "netIncome": 222900000, "netIncomeApplicableToCommonShares": 222900000}, {"maxAge": 1, "endDate": "2018-03-31", "totalRevenue": 1496100000, "costOfRevenue": 785700000, "grossProfit": 710400000, "researchDevelopment": {}, "sellingGeneralAdministrative": 18200000, "nonRecurring": {}, "otherOperatingExpenses": 429300000, "totalOperatingExpenses": 1336700000, "operatingIncome": 159400000, "totalOtherIncomeExpenseNet": -7200000, "ebit": 159400000, "interestExpense": -54400000, "incomeBeforeTax": 152200000, "incomeTaxExpense": 31100000, "minorityInterest": {}, "netIncomeFromContinuingOps": 121100000, "discontinuedOperations": {}, "extraordinaryItems": {}, "effectOfAccountingCharges": {}, "otherItems": {}, "netIncome": 121100000, "netIncomeApplicableToCommonShares": 121100000}, {"maxAge": 1, "endDate": "2017-03-31", "totalRevenue": 1436700000, "costOfRevenue": 784300000, "grossProfit": 652400000, "researchDevelopment": {}, "sellingGeneralAdministrative": 18700000, "nonRecurring": {}, "otherOperatingExpenses": 418200000, "totalOperatingExpenses": 1316500000, "operatingIncome": 120200000, "totalOtherIncomeExpenseNet": -50900000, "ebit": 120200000, "interestExpense": -77500000, "incomeBeforeTax": 69300000, "incomeTaxExpense": 6500000, "minorityInterest": {}, "netIncomeFromContinuingOps": 62800000, "discontinuedOperations": {}, "extraordinaryItems": {}, "effectOfAccountingCharges": {}, "otherItems": {}, "netIncome": 62800000, "netIncomeApplicableToCommonShares": 62800000}], "maxAge": 86400}, "fundOwnership": {"ownershipList": [], "maxAge": 1}, "summaryDetail": {"maxAge": 1, "priceHint": 2, "previousClose": 201.35, "open": 201.4, "dayLow": 199.4, "dayHigh": 206.0, "regularMarketPreviousClose": 201.35, "regularMarketOpen": 201.4, "regularMarketDayLow": 199.4, "regularMarketDayHigh": 206.0, "trailingPE": 35.67879, "volume": 16391, "regularMarketVolume": 16391, "averageVolume": 18621, "averageVolume10days": 14419, "averageDailyVolume10Day": 14419, "bid": 201.4, "ask": 202.0, "bidSize": 0, "askSize": 0, "marketCap": 4587639296, "fiftyTwoWeekLow": 109.05, "fiftyTwoWeekHigh": 269.7, "fiftyDayAverage": 204.07878, "twoHundredDayAverage": 199.00626, "trailingAnnualDividendRate": 1.2, "trailingAnnualDividendYield": 0.0059597716, "currency": "INR", "fromCurrency": null, "lastMarket": null, "algorithm": null, "tradeable": false}, "incomeStatementHistoryQuarterly": {"incomeStatementHistory": [{"maxAge": 1, "endDate": "2020-06-30", "totalRevenue": 495200000, "costOfRevenue": 255200000, "grossProfit": 240000000, "researchDevelopment": {}, "sellingGeneralAdministrative": {}, "nonRecurring": {}, "otherOperatingExpenses": 139700000, "totalOperatingExpenses": 448900000, "operatingIncome": 46300000, "totalOtherIncomeExpenseNet": -21400000, "ebit": 46300000, "interestExpense": -29400000, "incomeBeforeTax": 24900000, "incomeTaxExpense": 6500000, "minorityInterest": {}, "netIncomeFromContinuingOps": 18400000, "discontinuedOperations": {}, "extraordinaryItems": {}, "effectOfAccountingCharges": {}, "otherItems": {}, "netIncome": 18400000, "netIncomeApplicableToCommonShares": 18400000}, {"maxAge": 1, "endDate": "2020-03-31", "totalRevenue": 612300000, "costOfRevenue": 360800000, "grossProfit": 251500000, "researchDevelopment": {}, "sellingGeneralAdministrative": 6000000, "nonRecurring": {}, "otherOperatingExpenses": 75300000, "totalOperatingExpenses": 502600000, "operatingIncome": 109700000, "totalOtherIncomeExpenseNet": -39700000, "ebit": 109700000, "interestExpense": -26800000, "incomeBeforeTax": 70000000, "incomeTaxExpense": 11800000, "minorityInterest": {}, "netIncomeFromContinuingOps": 58200000, "discontinuedOperations": {}, "extraordinaryItems": {}, "effectOfAccountingCharges": {}, "otherItems": {}, "netIncome": 58200000, "netIncomeApplicableToCommonShares": 58200000}, {"maxAge": 1, "endDate": "2019-12-31", "totalRevenue": 563600000, "costOfRevenue": 267000000, "grossProfit": 296600000, "researchDevelopment": {}, "sellingGeneralAdministrative": 6000000, "nonRecurring": {}, "otherOperatingExpenses": 161100000, "totalOperatingExpenses": 479100000, "operatingIncome": 84500000, "totalOtherIncomeExpenseNet": -27000000, "ebit": 84500000, "interestExpense": -34400000, "incomeBeforeTax": 57500000, "incomeTaxExpense": 21000000, "minorityInterest": {}, "netIncomeFromContinuingOps": 36500000, "discontinuedOperations": {}, "extraordinaryItems": {}, "effectOfAccountingCharges": {}, "otherItems": {}, "netIncome": 36500000, "netIncomeApplicableToCommonShares": 36500000}, {"maxAge": 1, "endDate": "2019-09-30", "totalRevenue": 535800000, "costOfRevenue": 283200000, "grossProfit": 252600000, "researchDevelopment": {}, "sellingGeneralAdministrative": 6000000, "nonRecurring": {}, "otherOperatingExpenses": 151900000, "totalOperatingExpenses": 485100000, "operatingIncome": 50700000, "totalOtherIncomeExpenseNet": -20400000, "ebit": 50700000, "interestExpense": -30900000, "incomeBeforeTax": 30300000, "incomeTaxExpense": 15000000, "minorityInterest": {}, "netIncomeFromContinuingOps": 15300000, "discontinuedOperations": {}, "extraordinaryItems": {}, "effectOfAccountingCharges": {}, "otherItems": {}, "netIncome": 15300000, "netIncomeApplicableToCommonShares": 15300000}], "maxAge": 86400}, "cashflowStatementHistoryQuarterly": {"cashflowStatements": [{"maxAge": 1, "endDate": "2020-06-30", "netIncome": 18400000, "changeToLiabilities": 0}, {"maxAge": 1, "endDate": "2020-03-31", "netIncome": 58200000, "changeToLiabilities": 0}, {"maxAge": 1, "endDate": "2019-12-31", "netIncome": 36500000, "changeToLiabilities": 0}, {"maxAge": 1, "endDate": "2019-09-30", "netIncome": 15300000, "changeToLiabilities": 0}], "maxAge": 86400}, "insiderHolders": {"holders": [], "maxAge": 1}, "calendarEvents": {"maxAge": 1, "earnings": {"earningsDate": ["2020-07-31 05:30:S"]}}, "upgradeDowngradeHistory": {"history": [], "maxAge": 86400}, "price": {"maxAge": 1, "regularMarketChangePercent": -0.001489958, "regularMarketChange": -0.30000305, "regularMarketTime": "2021-04-30 15:48:47", "priceHint": 2, "regularMarketPrice": 201.05, "regularMarketDayHigh": 206.0, "regularMarketDayLow": 199.4, "regularMarketVolume": 16391, "averageDailyVolume10Day": 14419, "averageDailyVolume3Month": 18621, "regularMarketPreviousClose": 201.35, "regularMarketSource": "FREE_REALTIME", "regularMarketOpen": 201.4, "exchange": "BSE", "exchangeName": "BSE", "exchangeDataDelayedBy": 0, "marketState": "CLOSED", "quoteType": "EQUITY", "symbol": "NELCO.BO", "underlyingSymbol": null, "shortName": "NELCO LTD.", "longName": "Nelco Limited", "currency": "INR", "quoteSourceName": "Delayed Quote", "currencySymbol": "\u20b9", "fromCurrency": null, "lastMarket": null, "marketCap": 4587639296}, "balanceSheetHistory": {"balanceSheetStatements": [{"maxAge": 1, "endDate": "2020-03-31", "cash": 131100000, "shortTermInvestments": 6300000, "netReceivables": 877000000, "inventory": 105200000, "otherCurrentAssets": 101900000, "totalCurrentAssets": 1231700000, "longTermInvestments": 1600000, "propertyPlantEquipment": 1182100000, "intangibleAssets": 19500000, "otherAssets": 365800000, "deferredLongTermAssetCharges": 65600000, "totalAssets": 2800700000, "accountsPayable": 377200000, "shortLongTermDebt": 145900000, "otherCurrentLiab": 353200000, "longTermDebt": 294800000, "otherLiab": 59500000, "deferredLongTermLiab": 700000, "totalCurrentLiabilities": 1724900000, "totalLiab": 2141800000, "commonStock": 228200000, "retainedEarnings": 429500000, "treasuryStock": 1200000, "otherStockholderEquity": 1200000, "totalStockholderEquity": 658900000, "netTangibleAssets": 639400000}, {"maxAge": 1, "endDate": "2019-03-31", "cash": 54800000, "shortTermInvestments": 5000000, "netReceivables": 720200000, "inventory": 78900000, "otherCurrentAssets": 143800000, "totalCurrentAssets": 1014200000, "longTermInvestments": 1600000, "propertyPlantEquipment": 1014600000, "intangibleAssets": 18200000, "otherAssets": 324900000, "deferredLongTermAssetCharges": 74500000, "totalAssets": 2373500000, "accountsPayable": 363300000, "shortLongTermDebt": 144500000, "otherCurrentLiab": 479300000, "longTermDebt": 316500000, "otherLiab": 51900000, "deferredLongTermLiab": 700000, "totalCurrentLiabilities": 1424700000, "totalLiab": 1815100000, "commonStock": 228200000, "retainedEarnings": 329000000, "treasuryStock": 1200000, "otherStockholderEquity": 1200000, "totalStockholderEquity": 558400000, "netTangibleAssets": 540200000}, {"maxAge": 1, "endDate": "2018-03-31", "cash": 39700000, "shortTermInvestments": 4800000, "netReceivables": 580100000, "inventory": 88700000, "otherCurrentAssets": 33300000, "totalCurrentAssets": 758500000, "longTermInvestments": 57600000, "propertyPlantEquipment": 535400000, "intangibleAssets": 19000000, "otherAssets": 250600000, "deferredLongTermAssetCharges": 3800000, "totalAssets": 1621100000, "accountsPayable": 325100000, "shortLongTermDebt": 40500000, "otherCurrentLiab": 338600000, "longTermDebt": 45800000, "otherLiab": 46100000, "deferredLongTermLiab": 600000, "totalCurrentLiabilities": 1161500000, "totalLiab": 1283400000, "commonStock": 228200000, "retainedEarnings": 108300000, "treasuryStock": 1200000, "otherStockholderEquity": 1200000, "totalStockholderEquity": 337700000, "netTangibleAssets": 318700000}, {"maxAge": 1, "endDate": "2017-03-31", "cash": 30400000, "shortTermInvestments": 3600000, "netReceivables": 406000000, "inventory": 90100000, "otherCurrentAssets": 73900000, "totalCurrentAssets": 611600000, "longTermInvestments": 52700000, "propertyPlantEquipment": 372800000, "intangibleAssets": 11700000, "otherAssets": 256500000, "deferredLongTermAssetCharges": 7800000, "totalAssets": 1305300000, "accountsPayable": 236800000, "shortLongTermDebt": 25500000, "otherCurrentLiab": 179400000, "longTermDebt": 16800000, "otherLiab": 36800000, "totalCurrentLiabilities": 1033000000, "totalLiab": 1086600000, "commonStock": 228200000, "retainedEarnings": -10600000, "treasuryStock": 1100000, "otherStockholderEquity": 1100000, "totalStockholderEquity": 218700000, "netTangibleAssets": 207000000}], "maxAge": 86400}, "financialData": {"maxAge": 86400, "currentPrice": 201.05, "recommendationKey": "none", "grossProfits": 1058200000, "financialCurrency": "INR"}}}