{"NELCO.NS": {"assetProfile": {"address1": "Plot No. EL-6, TTC Industrial Area", "address2": "MIDC, Electronic Zone Mahape", "city": "Navi Mumbai", "zip": "400710", "country": "India", "phone": "91 22 6791 8728", "fax": "91 22 6791 8787", "website": "http://www.nelco.in", "industry": "Communication Equipment", "sector": "Technology", "longBusinessSummary": "Nelco Limited provides systems and solutions in the areas of very small aperture terminals (VSAT) connectivity, and integrated security and surveillance. It offers VSAT satellite communication services for renewable energy, enterprise, oil, energy, and gas sectors, as well as to bank ATM and branches. The company is also involved in the design, supply, installation, and maintenance of integrated security and surveillance solutions for application in industrial plants, power stations, broadcasting stations, telecommunications stations, airports, railways, seaports, and borders. It serves businesses and government institutions. The company was founded in 1940 and is based in Navi Mumbai, India.", "fullTimeEmployees": 175, "companyOfficers": [{"maxAge": 1, "name": "Mr. Pradip J. Nath", "age": 58, "title": "MD, CEO & Exec. Director", "yearBorn": 1962, "fiscalYear": 2020, "totalPay": 26845080, "exercisedValue": 0, "unexercisedValue": 0}, {"maxAge": 1, "name": "Mr. Uday Shanker Banerjee", "age": 58, "title": "CFO & Compliance Officer", "yearBorn": 1962, "fiscalYear": 2020, "totalPay": 8034000, "exercisedValue": 0, "unexercisedValue": 0}, {"maxAge": 1, "name": "Mr. Girish V. Kirkinde", "title": "Head of Legal, Compliance Officer & Company Sec.", "fiscalYear": 2020, "totalPay": 5337000, "exercisedValue": 0, "unexercisedValue": 0}, {"maxAge": 1, "name": "Mr. Malav  Shah", "title": "Chief Investor Relations Officer and GM of Accounts, Treasury & Taxation", "exercisedValue": 0, "unexercisedValue": 0}, {"maxAge": 1, "name": "Ms. Leena  Thomas", "title": "Head of HR", "exercisedValue": 0, "unexercisedValue": 0}, {"maxAge": 1, "name": "Tari  Sanjay", "age": 55, "title": "VP", "yearBorn": 1965, "fiscalYear": 2009, "exercisedValue": 0, "unexercisedValue": 0}], "compensationAsOfEpochDate": "2020-12-31 05:30:00", "maxAge": 86400}, "recommendationTrend": {"trend": [{"period": "0m", "strongBuy": 0, "buy": 0, "hold": 0, "sell": 0, "strongSell": 0}, {"period": "-1m", "strongBuy": 0, "buy": 0, "hold": 0, "sell": 0, "strongSell": 0}, {"period": "-2m", "strongBuy": 0, "buy": 0, "hold": 0, "sell": 0, "strongSell": 0}, {"period": "-3m", "strongBuy": 0, "buy": 0, "hold": 0, "sell": 0, "strongSell": 0}], "maxAge": 86400}, "cashflowStatementHistory": {"cashflowStatements": [{"maxAge": 1, "endDate": "2020-03-31", "netIncome": 143800000, "depreciation": 194300000, "changeToNetincome": 89100000, "changeToAccountReceivables": -108600000, "changeToLiabilities": 62000000, "changeToInventory": -26300000, "changeToOperatingActivities": -29300000, "totalCashFromOperatingActivities": 331700000, "capitalExpenditures": -480000000, "investments": 67700000, "otherCashflowsFromInvestingActivities": 10600000, "totalCashflowsFromInvestingActivities": -400600000, "dividendsPaid": -34300000, "netBorrowings": 212500000, "otherCashflowsFromFinancingActivities": -133500000, "totalCashFromFinancingActivities": 44700000, "changeInCash": -24100000}, {"maxAge": 1, "endDate": "2019-03-31", "netIncome": 222900000, "depreciation": 124300000, "changeToNetincome": -19500000, "changeToAccountReceivables": -34000000, "changeToLiabilities": 284700000, "changeToInventory": 9800000, "changeToOperatingActivities": -381300000, "totalCashFromOperatingActivities": 212200000, "capitalExpenditures": -533900000, "investments": 67700000, "otherCashflowsFromInvestingActivities": 19100000, "totalCashflowsFromInvestingActivities": -446800000, "dividendsPaid": -34300000, "netBorrowings": 324000000, "otherCashflowsFromFinancingActivities": -73800000, "totalCashFromFinancingActivities": 250200000, "changeInCash": 15600000}, {"maxAge": 1, "endDate": "2018-03-31", "netIncome": 121100000, "depreciation": 91000000, "changeToNetincome": 45500000, "changeToAccountReceivables": -200300000, "changeToLiabilities": 84200000, "changeToInventory": 1400000, "changeToOperatingActivities": 174700000, "totalCashFromOperatingActivities": 321500000, "capitalExpenditures": -207900000, "investments": 67700000, "otherCashflowsFromInvestingActivities": 25200000, "totalCashflowsFromInvestingActivities": -142600000, "dividendsPaid": -600000, "netBorrowings": -61700000, "otherCashflowsFromFinancingActivities": -59600000, "totalCashFromFinancingActivities": -121900000, "changeInCash": 57000000}, {"maxAge": 1, "endDate": "2017-03-31", "netIncome": 62800000, "depreciation": 77300000, "changeToNetincome": 117500000, "changeToAccountReceivables": 55900000, "changeToLiabilities": -4300000, "changeToInventory": -10100000, "changeToOperatingActivities": 77300000, "totalCashFromOperatingActivities": 379300000, "capitalExpenditures": -162100000, "investments": 38000000, "otherCashflowsFromInvestingActivities": 99000000, "totalCashflowsFromInvestingActivities": -25100000, "dividendsPaid": -300000, "netBorrowings": -312200000, "otherCashflowsFromFinancingActivities": -88700000, "totalCashFromFinancingActivities": -401200000, "changeInCash": -47000000}], "maxAge": 86400}, "indexTrend": {"maxAge": 1, "symbol": "SP5", "peRatio": 19.7411, "pegRatio": 1.34172, "estimates": [{"period": "0q", "growth": 0.549}, {"period": "+1q", "growth": 0.431}, {"period": "0y", "growth": 0.305}, {"period": "+1y", "growth": 0.109}, {"period": "+5y", "growth": 0.120865}, {"period": "-5y"}]}, "defaultKeyStatistics": {"maxAge": 1, "priceHint": 2, "enterpriseValue": 5174330368, "profitMargins": 0.06157, "floatShares": 8696561, "sharesOutstanding": 22818400, "heldPercentInsiders": 0.59916, "heldPercentInstitutions": 0.0, "beta": 0.539972, "category": null, "bookValue": 29.38, "priceToBook": 6.817563, "fundFamily": null, "legalType": null, "lastFiscalYearEnd": "2020-03-31 05:30:00", "nextFiscalYearEnd": "2022-03-31 05:30:00", "mostRecentQuarter": "2020-12-31 05:30:00", "earningsQuarterlyGrowth": 0.047, "netIncomeToCommon": 137000000, "trailingEps": 6.001, "lastSplitFactor": null, "enterpriseToRevenue": 2.325, "enterpriseToEbitda": 10.932, "52WeekChange": 0.20192015, "SandP52WeekChange": 0.48148263, "lastDividendValue": 1.2, "lastDividendDate": 1596499200}, "industryTrend": {"maxAge": 1, "symbol": null, "estimates": []}, "quoteType": {"exchange": "NSI", "quoteType": "EQUITY", "symbol": "NELCO.NS", "underlyingSymbol": "NELCO.NS", "shortName": "NELCO", "longName": "Nelco Limited", "firstTradeDateEpochUtc": "2002-07-01 09:15:00", "timeZoneFullName": "Asia/Kolkata", "timeZoneShortName": "IST", "uuid": "80b79feb-8c45-3d61-96d5-1a9f5a4a637f", "messageBoardId": "finmb_878750", "gmtOffSetMilliseconds": 19800000, "maxAge": 1}, "incomeStatementHistory": {"incomeStatementHistory": [{"maxAge": 1, "endDate": "2020-03-31", "totalRevenue": 2199300000, "costOfRevenue": 1141100000, "grossProfit": 1058200000, "researchDevelopment": {}, "sellingGeneralAdministrative": 6000000, "nonRecurring": {}, "otherOperatingExpenses": 539900000, "totalOperatingExpenses": 1894200000, "operatingIncome": 305100000, "totalOtherIncomeExpenseNet": -102500000, "ebit": 305100000, "interestExpense": -122400000, "incomeBeforeTax": 202600000, "incomeTaxExpense": 58800000, "minorityInterest": {}, "netIncomeFromContinuingOps": 143800000, "discontinuedOperations": {}, "extraordinaryItems": {}, "effectOfAccountingCharges": {}, "otherItems": {}, "netIncome": 143800000, "netIncomeApplicableToCommonShares": 143800000}, {"maxAge": 1, "endDate": "2019-03-31", "totalRevenue": 1910100000, "costOfRevenue": 1023400000, "grossProfit": 886700000, "researchDevelopment": {}, "sellingGeneralAdministrative": 7400000, "nonRecurring": {}, "otherOperatingExpenses": 498100000, "totalOperatingExpenses": 1665700000, "operatingIncome": 244400000, "totalOtherIncomeExpenseNet": -44200000, "ebit": 244400000, "interestExpense": -67200000, "incomeBeforeTax": 200200000, "incomeTaxExpense": -22700000, "minorityInterest": {}, "netIncomeFromContinuingOps": 222900000, "discontinuedOperations": {}, "extraordinaryItems": {}, "effectOfAccountingCharges": {}, "otherItems": {}, "netIncome": 222900000, "netIncomeApplicableToCommonShares": 222900000}, {"maxAge": 1, "endDate": "2018-03-31", "totalRevenue": 1496100000, "costOfRevenue": 785700000, "grossProfit": 710400000, "researchDevelopment": {}, "sellingGeneralAdministrative": 18200000, "nonRecurring": {}, "otherOperatingExpenses": 429300000, "totalOperatingExpenses": 1336700000, "operatingIncome": 159400000, "totalOtherIncomeExpenseNet": -7200000, "ebit": 159400000, "interestExpense": -54400000, "incomeBeforeTax": 152200000, "incomeTaxExpense": 31100000, "minorityInterest": {}, "netIncomeFromContinuingOps": 121100000, "discontinuedOperations": {}, "extraordinaryItems": {}, "effectOfAccountingCharges": {}, "otherItems": {}, "netIncome": 121100000, "netIncomeApplicableToCommonShares": 121100000}, {"maxAge": 1, "endDate": "2017-03-31", "totalRevenue": 1436700000, "costOfRevenue": 784300000, "grossProfit": 652400000, "researchDevelopment": {}, "sellingGeneralAdministrative": 18700000, "nonRecurring": {}, "otherOperatingExpenses": 418200000, "totalOperatingExpenses": 1316500000, "operatingIncome": 120200000, "totalOtherIncomeExpenseNet": -50900000, "ebit": 120200000, "interestExpense": -77500000, "incomeBeforeTax": 69300000, "incomeTaxExpense": 6500000, "minorityInterest": {}, "netIncomeFromContinuingOps": 62800000, "discontinuedOperations": {}, "extraordinaryItems": {}, "effectOfAccountingCharges": {}, "otherItems": {}, "netIncome": 62800000, "netIncomeApplicableToCommonShares": 62800000}], "maxAge": 86400}, "fundOwnership": {"maxAge": 1, "ownershipList": []}, "summaryDetail": {"maxAge": 1, "priceHint": 2, "previousClose": 201.35, "open": 199.8, "dayLow": 198.65, "dayHigh": 206.3, "regularMarketPreviousClose": 201.35, "regularMarketOpen": 199.8, "regularMarketDayLow": 198.65, "regularMarketDayHigh": 206.3, "dividendRate": 1.2, "dividendYield": 0.006, "exDividendDate": "2020-08-04 05:30:00", "payoutRatio": 0.2, "beta": 0.539972, "trailingPE": 33.37777, "volume": 186986, "regularMarketVolume": 186986, "averageVolume": 136235, "averageVolume10days": 112878, "averageDailyVolume10Day": 112878, "bid": 0.0, "ask": 0.0, "bidSize": 0, "askSize": 0, "marketCap": 4570525696, "fiftyTwoWeekLow": 154.0, "fiftyTwoWeekHigh": 239.45, "priceToSalesTrailing12Months": 2.0539842, "fiftyDayAverage": 192.7197, "twoHundredDayAverage": 198.50775, "trailingAnnualDividendRate": 1.2, "trailingAnnualDividendYield": 0.0059597716, "currency": "INR", "fromCurrency": null, "toCurrency": null, "lastMarket": null, "algorithm": null, "tradeable": false}, "insiderHolders": {"holders": [], "maxAge": 1}, "calendarEvents": {"maxAge": 1, "earnings": {"earningsDate": []}, "exDividendDate": "2020-08-04 05:30:00"}, "price": {"maxAge": 1, "regularMarketChangePercent": -0.005214815, "regularMarketChange": -1.050003, "regularMarketTime": "2021-04-30 15:30:00", "priceHint": 2, "regularMarketPrice": 200.3, "regularMarketDayHigh": 206.3, "regularMarketDayLow": 198.65, "regularMarketVolume": 186986, "averageDailyVolume10Day": 112878, "averageDailyVolume3Month": 136235, "regularMarketPreviousClose": 201.35, "regularMarketSource": "FREE_REALTIME", "regularMarketOpen": 199.8, "exchange": "NSI", "exchangeName": "NSE", "exchangeDataDelayedBy": 15, "marketState": "CLOSED", "quoteType": "EQUITY", "symbol": "NELCO.NS", "underlyingSymbol": null, "shortName": "NELCO", "longName": "Nelco Limited", "currency": "INR", "quoteSourceName": "Delayed Quote", "currencySymbol": "\u20b9", "fromCurrency": null, "toCurrency": null, "lastMarket": null, "marketCap": 4570525696}, "balanceSheetHistory": {"balanceSheetStatements": [{"maxAge": 1, "endDate": "2020-03-31", "cash": 131100000, "shortTermInvestments": 6300000, "netReceivables": 877000000, "inventory": 105200000, "otherCurrentAssets": 101900000, "totalCurrentAssets": 1231700000, "longTermInvestments": 1600000, "propertyPlantEquipment": 1182100000, "intangibleAssets": 19500000, "otherAssets": 365800000, "deferredLongTermAssetCharges": 65600000, "totalAssets": 2800700000, "accountsPayable": 377200000, "shortLongTermDebt": 145900000, "otherCurrentLiab": 353200000, "longTermDebt": 294800000, "otherLiab": 59500000, "deferredLongTermLiab": 700000, "totalCurrentLiabilities": 1724900000, "totalLiab": 2141800000, "commonStock": 228200000, "retainedEarnings": 429500000, "treasuryStock": 1200000, "otherStockholderEquity": 1200000, "totalStockholderEquity": 658900000, "netTangibleAssets": 639400000}, {"maxAge": 1, "endDate": "2019-03-31", "cash": 54800000, "shortTermInvestments": 5000000, "netReceivables": 720200000, "inventory": 78900000, "otherCurrentAssets": 143800000, "totalCurrentAssets": 1014200000, "longTermInvestments": 1600000, "propertyPlantEquipment": 1014600000, "intangibleAssets": 18200000, "otherAssets": 324900000, "deferredLongTermAssetCharges": 74500000, "totalAssets": 2373500000, "accountsPayable": 363300000, "shortLongTermDebt": 144500000, "otherCurrentLiab": 479300000, "longTermDebt": 316500000, "otherLiab": 51900000, "deferredLongTermLiab": 700000, "totalCurrentLiabilities": 1424700000, "totalLiab": 1815100000, "commonStock": 228200000, "retainedEarnings": 329000000, "treasuryStock": 1200000, "otherStockholderEquity": 1200000, "totalStockholderEquity": 558400000, "netTangibleAssets": 540200000}, {"maxAge": 1, "endDate": "2018-03-31", "cash": 39700000, "shortTermInvestments": 4800000, "netReceivables": 580100000, "inventory": 88700000, "otherCurrentAssets": 33300000, "totalCurrentAssets": 758500000, "longTermInvestments": 57600000, "propertyPlantEquipment": 535400000, "intangibleAssets": 19000000, "otherAssets": 250600000, "deferredLongTermAssetCharges": 3800000, "totalAssets": 1621100000, "accountsPayable": 325100000, "shortLongTermDebt": 40500000, "otherCurrentLiab": 338600000, "longTermDebt": 45800000, "otherLiab": 46100000, "deferredLongTermLiab": 600000, "totalCurrentLiabilities": 1161500000, "totalLiab": 1283400000, "commonStock": 228200000, "retainedEarnings": 108300000, "treasuryStock": 1200000, "otherStockholderEquity": 1200000, "totalStockholderEquity": 337700000, "netTangibleAssets": 318700000}, {"maxAge": 1, "endDate": "2017-03-31", "cash": 30400000, "shortTermInvestments": 3600000, "netReceivables": 406000000, "inventory": 90100000, "otherCurrentAssets": 73900000, "totalCurrentAssets": 611600000, "longTermInvestments": 52700000, "propertyPlantEquipment": 372800000, "intangibleAssets": 11700000, "otherAssets": 256500000, "deferredLongTermAssetCharges": 7800000, "totalAssets": 1305300000, "accountsPayable": 236800000, "shortLongTermDebt": 25500000, "otherCurrentLiab": 179400000, "longTermDebt": 16800000, "otherLiab": 36800000, "totalCurrentLiabilities": 1033000000, "totalLiab": 1086600000, "commonStock": 228200000, "retainedEarnings": -10600000, "treasuryStock": 1100000, "otherStockholderEquity": 1100000, "totalStockholderEquity": 218700000, "netTangibleAssets": 207000000}], "maxAge": 86400}, "earningsTrend": {"trend": [{"maxAge": 1, "period": "0q", "endDate": null, "growth": {}, "earningsEstimate": {"avg": 0.0, "low": 0.0, "high": 0.0, "yearAgoEps": {}, "numberOfAnalysts": 0, "growth": {}}, "revenueEstimate": {"avg": 0, "low": 0, "high": 0, "numberOfAnalysts": 0, "yearAgoRevenue": {}, "growth": {}}, "epsTrend": {"current": 0.0, "7daysAgo": 0.0, "30daysAgo": 0.0, "60daysAgo": 0.0, "90daysAgo": 0.0}, "epsRevisions": {"upLast7days": 0, "upLast30days": 0, "downLast30days": 0, "downLast90days": {}}}, {"maxAge": 1, "period": "+1q", "endDate": null, "growth": {}, "earningsEstimate": {"avg": 0.0, "low": 0.0, "high": 0.0, "yearAgoEps": {}, "numberOfAnalysts": 0, "growth": {}}, "revenueEstimate": {"avg": 0, "low": 0, "high": 0, "numberOfAnalysts": 0, "yearAgoRevenue": {}, "growth": {}}, "epsTrend": {"current": 0.0, "7daysAgo": 0.0, "30daysAgo": 0.0, "60daysAgo": 0.0, "90daysAgo": 0.0}, "epsRevisions": {"upLast7days": 0, "upLast30days": 0, "downLast30days": 0, "downLast90days": {}}}, {"maxAge": 1, "period": "0y", "endDate": null, "growth": {}, "earningsEstimate": {"avg": 0.0, "low": 0.0, "high": 0.0, "yearAgoEps": {}, "numberOfAnalysts": 0, "growth": {}}, "revenueEstimate": {"avg": 0, "low": 0, "high": 0, "numberOfAnalysts": 0, "yearAgoRevenue": {}, "growth": {}}, "epsTrend": {"current": 0.0, "7daysAgo": 0.0, "30daysAgo": 0.0, "60daysAgo": 0.0, "90daysAgo": 0.0}, "epsRevisions": {"upLast7days": 0, "upLast30days": 0, "downLast30days": 0, "downLast90days": {}}}, {"maxAge": 1, "period": "+1y", "endDate": null, "growth": {}, "earningsEstimate": {"avg": 0.0, "low": 0.0, "high": 0.0, "yearAgoEps": {}, "numberOfAnalysts": 0, "growth": {}}, "revenueEstimate": {"avg": 0, "low": 0, "high": 0, "numberOfAnalysts": 0, "yearAgoRevenue": {}, "growth": {}}, "epsTrend": {"current": 0.0, "7daysAgo": 0.0, "30daysAgo": 0.0, "60daysAgo": 0.0, "90daysAgo": 0.0}, "epsRevisions": {"upLast7days": 0, "upLast30days": 0, "downLast30days": 0, "downLast90days": {}}}, {"maxAge": 1, "period": "+5y", "endDate": null, "growth": {}, "earningsEstimate": {"avg": {}, "low": {}, "high": {}, "yearAgoEps": {}, "numberOfAnalysts": {}, "growth": {}}, "revenueEstimate": {"avg": {}, "low": {}, "high": {}, "numberOfAnalysts": {}, "yearAgoRevenue": {}, "growth": {}}, "epsTrend": {"current": {}, "7daysAgo": {}, "30daysAgo": {}, "60daysAgo": {}, "90daysAgo": {}}, "epsRevisions": {"upLast7days": {}, "upLast30days": {}, "downLast30days": {}, "downLast90days": {}}}, {"maxAge": 1, "period": "-5y", "endDate": null, "growth": {}, "earningsEstimate": {"avg": {}, "low": {}, "high": {}, "yearAgoEps": {}, "numberOfAnalysts": {}, "growth": {}}, "revenueEstimate": {"avg": {}, "low": {}, "high": {}, "numberOfAnalysts": {}, "yearAgoRevenue": {}, "growth": {}}, "epsTrend": {"current": {}, "7daysAgo": {}, "30daysAgo": {}, "60daysAgo": {}, "90daysAgo": {}}, "epsRevisions": {"upLast7days": {}, "upLast30days": {}, "downLast30days": {}, "downLast90days": {}}}], "maxAge": 1}, "institutionOwnership": {"maxAge": 1, "ownershipList": []}, "majorHoldersBreakdown": {"maxAge": 1, "insidersPercentHeld": 0.59916, "institutionsPercentHeld": 0.0, "institutionsFloatPercentHeld": 0.0, "institutionsCount": 0}, "balanceSheetHistoryQuarterly": {"balanceSheetStatements": [{"maxAge": 1, "endDate": "2020-12-31", "totalStockholderEquity": 672400000, "netTangibleAssets": 654200000}, {"maxAge": 1, "endDate": "2020-09-30", "cash": 102000000, "shortTermInvestments": 146700000, "netReceivables": 696500000, "inventory": 142100000, "otherCurrentAssets": 109400000, "totalCurrentAssets": 1196700000, "longTermInvestments": 36900000, "propertyPlantEquipment": 1111700000, "intangibleAssets": 18200000, "otherAssets": 279100000, "deferredLongTermAssetCharges": 61200000, "totalAssets": 2642600000, "accountsPayable": 431900000, "otherCurrentLiab": 656800000, "longTermDebt": 222200000, "otherLiab": 64200000, "totalCurrentLiabilities": 1481600000, "totalLiab": 1970200000, "commonStock": 228200000, "retainedEarnings": 443000000, "treasuryStock": 1200000, "otherStockholderEquity": 1200000, "totalStockholderEquity": 672400000, "netTangibleAssets": 654200000}, {"maxAge": 1, "endDate": "2020-06-30", "totalStockholderEquity": 658900000, "netTangibleAssets": 639400000}, {"maxAge": 1, "endDate": "2020-03-31", "cash": 131100000, "shortTermInvestments": 6300000, "netReceivables": 877000000, "inventory": 105200000, "otherCurrentAssets": 101900000, "totalCurrentAssets": 1231700000, "longTermInvestments": 1600000, "propertyPlantEquipment": 1182100000, "intangibleAssets": 19500000, "otherAssets": 365800000, "deferredLongTermAssetCharges": 65600000, "totalAssets": 2800700000, "accountsPayable": 377200000, "shortLongTermDebt": 145900000, "otherCurrentLiab": 353200000, "longTermDebt": 294800000, "otherLiab": 59500000, "deferredLongTermLiab": 700000, "totalCurrentLiabilities": 1724900000, "totalLiab": 2141800000, "commonStock": 228200000, "retainedEarnings": 429500000, "treasuryStock": 1200000, "otherStockholderEquity": 1200000, "totalStockholderEquity": 658900000, "netTangibleAssets": 639400000}], "maxAge": 86400}, "earningsHistory": {"history": [{"maxAge": 1, "epsActual": {}, "epsEstimate": {}, "epsDifference": {}, "surprisePercent": {}, "quarter": {}, "period": "-4q"}, {"maxAge": 1, "epsActual": {}, "epsEstimate": {}, "epsDifference": {}, "surprisePercent": {}, "quarter": {}, "period": "-3q"}, {"maxAge": 1, "epsActual": {}, "epsEstimate": {}, "epsDifference": {}, "surprisePercent": {}, "quarter": {}, "period": "-2q"}, {"maxAge": 1, "epsActual": {}, "epsEstimate": {}, "epsDifference": {}, "surprisePercent": {}, "quarter": {}, "period": "-1q"}], "maxAge": 86400}, "summaryProfile": {"address1": "Plot No. EL-6, TTC Industrial Area", "address2": "MIDC, Electronic Zone Mahape", "city": "Navi Mumbai", "zip": "400710", "country": "India", "phone": "91 22 6791 8728", "fax": "91 22 6791 8787", "website": "http://www.nelco.in", "industry": "Communication Equipment", "sector": "Technology", "longBusinessSummary": "Nelco Limited provides systems and solutions in the areas of very small aperture terminals (VSAT) connectivity, and integrated security and surveillance. It offers VSAT satellite communication services for renewable energy, enterprise, oil, energy, and gas sectors, as well as to bank ATM and branches. The company is also involved in the design, supply, installation, and maintenance of integrated security and surveillance solutions for application in industrial plants, power stations, broadcasting stations, telecommunications stations, airports, railways, seaports, and borders. It serves businesses and government institutions. The company was founded in 1940 and is based in Navi Mumbai, India.", "fullTimeEmployees": 175, "companyOfficers": [], "maxAge": 86400}, "netSharePurchaseActivity": {"maxAge": 1, "period": "6m", "buyInfoCount": 0, "buyInfoShares": 0, "sellInfoCount": 0, "netInfoCount": 0, "netInfoShares": 0, "netPercentInsiderShares": 0.0, "totalInsiderShares": 13705337}, "sectorTrend": {"maxAge": 1, "symbol": null, "estimates": []}, "incomeStatementHistoryQuarterly": {"incomeStatementHistory": [{"maxAge": 1, "endDate": "2020-12-31", "totalRevenue": 585500000, "costOfRevenue": 304900000, "grossProfit": 280600000, "researchDevelopment": {}, "sellingGeneralAdministrative": {}, "nonRecurring": {}, "otherOperatingExpenses": 165800000, "totalOperatingExpenses": 526200000, "operatingIncome": 59300000, "totalOtherIncomeExpenseNet": -19300000, "ebit": 59300000, "interestExpense": -22200000, "incomeBeforeTax": 40000000, "incomeTaxExpense": 1800000, "minorityInterest": {}, "netIncomeFromContinuingOps": 38200000, "discontinuedOperations": {}, "extraordinaryItems": {}, "effectOfAccountingCharges": {}, "otherItems": {}, "netIncome": 38200000, "netIncomeApplicableToCommonShares": 38200000}, {"maxAge": 1, "endDate": "2020-09-30", "totalRevenue": 532200000, "costOfRevenue": 275500000, "grossProfit": 256700000, "researchDevelopment": {}, "sellingGeneralAdministrative": {}, "nonRecurring": {}, "otherOperatingExpenses": 155900000, "totalOperatingExpenses": 486000000, "operatingIncome": 46200000, "totalOtherIncomeExpenseNet": -15300000, "ebit": 46200000, "interestExpense": -24500000, "incomeBeforeTax": 30900000, "incomeTaxExpense": 8700000, "minorityInterest": {}, "netIncomeFromContinuingOps": 22200000, "discontinuedOperations": {}, "extraordinaryItems": {}, "effectOfAccountingCharges": {}, "otherItems": {}, "netIncome": 22200000, "netIncomeApplicableToCommonShares": 22200000}, {"maxAge": 1, "endDate": "2020-06-30", "totalRevenue": 495200000, "costOfRevenue": 255200000, "grossProfit": 240000000, "researchDevelopment": {}, "sellingGeneralAdministrative": {}, "nonRecurring": {}, "otherOperatingExpenses": 139700000, "totalOperatingExpenses": 448900000, "operatingIncome": 46300000, "totalOtherIncomeExpenseNet": -21400000, "ebit": 46300000, "interestExpense": -29400000, "incomeBeforeTax": 24900000, "incomeTaxExpense": 6500000, "minorityInterest": {}, "netIncomeFromContinuingOps": 18400000, "discontinuedOperations": {}, "extraordinaryItems": {}, "effectOfAccountingCharges": {}, "otherItems": {}, "netIncome": 18400000, "netIncomeApplicableToCommonShares": 18400000}, {"maxAge": 1, "endDate": "2020-03-31", "totalRevenue": 612300000, "costOfRevenue": 360800000, "grossProfit": 251500000, "researchDevelopment": {}, "sellingGeneralAdministrative": 6000000, "nonRecurring": {}, "otherOperatingExpenses": 75300000, "totalOperatingExpenses": 502600000, "operatingIncome": 109700000, "totalOtherIncomeExpenseNet": -39700000, "ebit": 109700000, "interestExpense": -26800000, "incomeBeforeTax": 70000000, "incomeTaxExpense": 11800000, "minorityInterest": {}, "netIncomeFromContinuingOps": 58200000, "discontinuedOperations": {}, "extraordinaryItems": {}, "effectOfAccountingCharges": {}, "otherItems": {}, "netIncome": 58200000, "netIncomeApplicableToCommonShares": 58200000}], "maxAge": 86400}, "cashflowStatementHistoryQuarterly": {"cashflowStatements": [{"maxAge": 1, "endDate": "2020-12-31", "netIncome": 38200000, "changeToLiabilities": 0}, {"maxAge": 1, "endDate": "2020-09-30", "netIncome": 22200000, "changeToLiabilities": 0}, {"maxAge": 1, "endDate": "2020-06-30", "netIncome": 18400000, "changeToLiabilities": 0}, {"maxAge": 1, "endDate": "2020-03-31", "netIncome": 58200000, "changeToLiabilities": 0}], "maxAge": 86400}, "earnings": {"maxAge": 86400, "earningsChart": {"quarterly": [], "earningsDate": []}, "financialsChart": {"yearly": [{"date": 2017, "revenue": 1436700000, "earnings": 62800000}, {"date": 2018, "revenue": 1496100000, "earnings": 121100000}, {"date": 2019, "revenue": 1910100000, "earnings": 222900000}, {"date": 2020, "revenue": 2199300000, "earnings": 143800000}], "quarterly": [{"date": "1Q2020", "revenue": 612300000, "earnings": 58200000}, {"date": "2Q2020", "revenue": 495200000, "earnings": 18400000}, {"date": "3Q2020", "revenue": 532200000, "earnings": 22200000}, {"date": "4Q2020", "revenue": 585500000, "earnings": 38200000}]}, "financialCurrency": "INR"}, "financialData": {"maxAge": 86400, "currentPrice": 200.3, "recommendationKey": "none", "totalCash": 248700000, "totalCashPerShare": 10.872, "ebitda": 473300000, "totalDebt": 817299968, "totalRevenue": 2225200128, "debtToEquity": 121.55, "revenuePerShare": 97.477, "grossProfits": 1058200000, "earningsGrowth": 0.044, "revenueGrowth": 0.039, "grossMargins": 0.46234, "ebitdaMargins": 0.21270001, "operatingMargins": 0.11752, "profitMargins": 0.06157, "financialCurrency": "INR"}}}