{"NEOGEN.NS": {"assetProfile": {"address1": "Dev Corpora Building", "address2": "Office No. 1002, 10th Floor Opposite Cadbury Junction Off Pokhran Road, No. 2, Khopat", "city": "Thane", "zip": "400601", "country": "India", "phone": "91 22 2549 7300", "fax": "91 22 2549 7399", "website": "http://www.neogenchem.com", "industry": "Specialty Chemicals", "sector": "Basic Materials", "longBusinessSummary": "Neogen Chemicals Limited manufacturers and sells bromine and lithium based specialty chemicals in India. It offers organo bromine compounds, such as alkyl bromide compounds, dibromo alkane compounds, and bromo chloro alkanes; specialty chemical compounds; grignard reagents; advance intermediates; inorganic bromine compounds; and lithium salts. The company also provides custom synthesis and contract manufacturing services. It serves pharmaceutical, agrochemical, engineering, flavour and fragrance, electronic-chemical, refrigeration, construction chemicals, pharmaceutical, and specialty polymer industries, as well as heating, ventilation, and air-conditioning industries. The company also exports its products to 27 countries. Neogen Chemicals Limited was founded in 1989 and is based in Thane, India.", "fullTimeEmployees": 247, "companyOfficers": [{"maxAge": 1, "name": "Mr. Haridas Thakarshi Kanani B.Tech.", "age": 74, "title": "Chairman & MD", "yearBorn": 1946, "fiscalYear": 2020, "totalPay": 5218000, "exercisedValue": 0, "unexercisedValue": 0}, {"maxAge": 1, "name": "Dr. Harin Haridas Kanani Ph.D.", "age": 44, "title": "MD & Director", "yearBorn": 1976, "fiscalYear": 2020, "totalPay": 4699000, "exercisedValue": 0, "unexercisedValue": 0}, {"maxAge": 1, "name": "Ms. Unnati Rajesh Kanani", "title": "Company Sec. & Compliance Officer", "fiscalYear": 2020, "totalPay": 690559, "exercisedValue": 0, "unexercisedValue": 0}, {"maxAge": 1, "name": "Mr. Shyamsunder Radeshyam Upadhyay", "age": 66, "title": "Exec. Director", "yearBorn": 1954, "fiscalYear": 2020, "totalPay": 4670000, "exercisedValue": 0, "unexercisedValue": 0}, {"maxAge": 1, "name": "Mr. Ketan  Vyas", "age": 44, "title": "Chief Financial Officer", "yearBorn": 1976, "exercisedValue": 0, "unexercisedValue": 0}], "compensationAsOfEpochDate": "2020-12-31 05:30:00", "maxAge": 86400}, "cashflowStatementHistory": {"cashflowStatements": [{"maxAge": 1, "endDate": "2020-03-31", "netIncome": 286565000, "depreciation": 52035000, "changeToNetincome": 166250000, "changeToAccountReceivables": -145700000, "changeToLiabilities": -69676000, "changeToInventory": -574924000, "changeToOperatingActivities": -60402000, "totalCashFromOperatingActivities": -345473000, "capitalExpenditures": -286249000, "otherCashflowsFromInvestingActivities": 2038000, "totalCashflowsFromInvestingActivities": -286287000, "dividendsPaid": -43017000, "netBorrowings": 165355000, "otherCashflowsFromFinancingActivities": -195973000, "totalCashFromFinancingActivities": 626365000, "changeInCash": -5395000, "issuanceOfStock": 700000000}, {"maxAge": 1, "endDate": "2019-03-31", "netIncome": 209469000, "depreciation": 28227000, "changeToNetincome": 148766000, "changeToAccountReceivables": -192960000, "changeToLiabilities": 61463000, "changeToInventory": -223855000, "changeToOperatingActivities": -68020000, "totalCashFromOperatingActivities": -36769000, "capitalExpenditures": -201448000, "investments": -1587000, "otherCashflowsFromInvestingActivities": 2101000, "totalCashflowsFromInvestingActivities": -200934000, "dividendsPaid": -37538000, "netBorrowings": 382317000, "otherCashflowsFromFinancingActivities": -105032000, "totalCashFromFinancingActivities": 239747000, "changeInCash": 2045000, "issuanceOfStock": 700000000}, {"maxAge": 1, "endDate": "2018-03-31", "netIncome": 109845000, "depreciation": 18441000, "changeToNetincome": 124138000, "changeToAccountReceivables": -92025000, "changeToLiabilities": 56921000, "changeToInventory": -99798000, "changeToOperatingActivities": 889000, "totalCashFromOperatingActivities": 118490000, "capitalExpenditures": -138852000, "investments": 84000, "otherCashflowsFromInvestingActivities": 12008000, "totalCashflowsFromInvestingActivities": -126760000, "dividendsPaid": -31786000, "netBorrowings": 120402000, "otherCashflowsFromFinancingActivities": -92940000, "totalCashFromFinancingActivities": -4324000, "changeInCash": -12595000, "issuanceOfStock": 700000000}, {"maxAge": 1, "endDate": "2017-03-31", "netIncome": 76830000, "depreciation": 13090000, "changeToNetincome": 61510000, "changeToAccountReceivables": -163110000, "changeToLiabilities": 91450000, "changeToInventory": -82560000, "changeToOperatingActivities": 4820000, "totalCashFromOperatingActivities": 2060000, "capitalExpenditures": -327450000, "investments": -4030000, "otherCashflowsFromInvestingActivities": 2240000, "totalCashflowsFromInvestingActivities": -329240000, "dividendsPaid": -3830000, "netBorrowings": 295640000, "otherCashflowsFromFinancingActivities": -65580000, "totalCashFromFinancingActivities": 333230000, "changeInCash": 6050000, "issuanceOfStock": 700000000}], "maxAge": 86400}, "institutionOwnership": {"ownershipList": [], "maxAge": 1}, "majorHoldersBreakdown": {"maxAge": 1, "insidersPercentHeld": 0.71503997, "institutionsPercentHeld": 0.14786, "institutionsFloatPercentHeld": 0.51887, "institutionsCount": 9}, "balanceSheetHistoryQuarterly": {"balanceSheetStatements": [{"maxAge": 1, "endDate": "2020-12-31", "totalStockholderEquity": 1698442000, "netTangibleAssets": 1695045000}, {"maxAge": 1, "endDate": "2020-09-30", "cash": 18704000, "netReceivables": 765755000, "inventory": 1252441000, "otherCurrentAssets": 316410000, "totalCurrentAssets": 2353310000, "longTermInvestments": 4500000, "propertyPlantEquipment": 1417389000, "intangibleAssets": 3397000, "otherAssets": 105787000, "totalAssets": 3884383000, "accountsPayable": 530938000, "otherCurrentLiab": 167814000, "longTermDebt": 447155000, "otherLiab": 102061000, "totalCurrentLiabilities": 1553721000, "totalLiab": 2185941000, "commonStock": 233346000, "treasuryStock": 1465096000, "otherStockholderEquity": 1465096000, "totalStockholderEquity": 1698442000, "netTangibleAssets": 1695045000}, {"maxAge": 1, "endDate": "2020-06-30", "totalStockholderEquity": 1562455000, "netTangibleAssets": 1559298000}, {"maxAge": 1, "endDate": "2020-03-31", "cash": 5602000, "netReceivables": 754863000, "inventory": 1298706000, "otherCurrentAssets": 221876000, "totalCurrentAssets": 2310611000, "longTermInvestments": 6003000, "propertyPlantEquipment": 1129187000, "intangibleAssets": 3157000, "otherAssets": 99543000, "totalAssets": 3548501000, "accountsPayable": 358511000, "shortLongTermDebt": 48267000, "otherCurrentLiab": 43985000, "longTermDebt": 303563000, "otherLiab": 111940000, "totalCurrentLiabilities": 1498665000, "totalLiab": 1986046000, "commonStock": 233346000, "retainedEarnings": 652581000, "treasuryStock": 72038000, "capitalSurplus": 604490000, "otherStockholderEquity": 72038000, "totalStockholderEquity": 1562455000, "netTangibleAssets": 1559298000}], "maxAge": 86400}, "indexTrend": {"maxAge": 1, "symbol": "SP5", "peRatio": 19.7411, "pegRatio": 1.34172, "estimates": [{"period": "0q", "growth": 0.549}, {"period": "+1q", "growth": 0.431}, {"period": "0y", "growth": 0.305}, {"period": "+1y", "growth": 0.109}, {"period": "+5y", "growth": 0.120865}, {"period": "-5y"}]}, "defaultKeyStatistics": {"maxAge": 1, "priceHint": 2, "enterpriseValue": 21460463616, "profitMargins": 0.08992, "floatShares": 7358720, "sharesOutstanding": 23334600, "heldPercentInsiders": 0.71503997, "heldPercentInstitutions": 0.14786, "category": null, "bookValue": 72.736, "priceToBook": 11.885448, "fundFamily": null, "legalType": null, "lastFiscalYearEnd": "2020-03-31 05:30:00", "nextFiscalYearEnd": "2022-03-31 05:30:00", "mostRecentQuarter": "2020-12-31 05:30:00", "earningsQuarterlyGrowth": 0.039, "netIncomeToCommon": 293153984, "trailingEps": 12.717, "lastSplitFactor": null, "enterpriseToRevenue": 6.583, "enterpriseToEbitda": 36.105}, "summaryProfile": {"address1": "Dev Corpora Building", "address2": "Office No. 1002, 10th Floor Opposite Cadbury Junction Off Pokhran Road, No. 2, Khopat", "city": "Thane", "zip": "400601", "country": "India", "phone": "91 22 2549 7300", "fax": "91 22 2549 7399", "website": "http://www.neogenchem.com", "industry": "Specialty Chemicals", "sector": "Basic Materials", "longBusinessSummary": "Neogen Chemicals Limited manufacturers and sells bromine and lithium based specialty chemicals in India. It offers organo bromine compounds, such as alkyl bromide compounds, dibromo alkane compounds, and bromo chloro alkanes; specialty chemical compounds; grignard reagents; advance intermediates; inorganic bromine compounds; and lithium salts. The company also provides custom synthesis and contract manufacturing services. It serves pharmaceutical, agrochemical, engineering, flavour and fragrance, electronic-chemical, refrigeration, construction chemicals, pharmaceutical, and specialty polymer industries, as well as heating, ventilation, and air-conditioning industries. The company also exports its products to 27 countries. Neogen Chemicals Limited was founded in 1989 and is based in Thane, India.", "fullTimeEmployees": 247, "companyOfficers": [], "maxAge": 86400}, "netSharePurchaseActivity": {"maxAge": 1, "period": "6m", "buyInfoCount": 0, "buyInfoShares": 0, "sellInfoCount": 0, "netInfoCount": 0, "netInfoShares": 0, "netPercentInsiderShares": 0.0, "totalInsiderShares": 16630149}, "insiderTransactions": {"transactions": [{"maxAge": 1, "shares": 75000, "value": 715972, "filerUrl": "", "transactionText": "Sale at price 9.55 per share.", "filerName": "Surana (Anurag)", "filerRelation": "Director", "moneyText": "", "startDate": "2020-12-17", "ownership": "D"}, {"maxAge": 1, "shares": 64562, "value": 619310, "filerUrl": "", "transactionText": "Sale at price 9.59 per share.", "filerName": "Surana (Radhika)", "filerRelation": "UNREPORTED", "moneyText": "", "startDate": "2020-12-16", "ownership": "D"}, {"maxAge": 1, "shares": 10438, "value": 106101, "filerUrl": "", "transactionText": "Sale at price 10.16 per share.", "filerName": "Surana (Radhika)", "filerRelation": "UNREPORTED", "moneyText": "", "startDate": "2020-12-15", "ownership": "D"}, {"maxAge": 1, "shares": 200000, "filerUrl": "", "transactionText": "", "filerName": "Surana (Radhika)", "filerRelation": "UNREPORTED", "moneyText": "", "startDate": "2020-06-04", "ownership": "D"}, {"maxAge": 1, "shares": 200000, "filerUrl": "", "transactionText": "", "filerName": "Kanani (Beena Haridas)", "filerRelation": "Promoter", "moneyText": "", "startDate": "2020-06-03", "ownership": "D"}, {"maxAge": 1, "shares": 200000, "filerUrl": "", "transactionText": "", "filerName": "Kanani (Beena Haridas)", "filerRelation": "Promoter", "moneyText": "", "startDate": "2020-06-03", "ownership": "D"}, {"maxAge": 1, "shares": 400002, "filerUrl": "", "transactionText": "", "filerName": "Kanani (Haridas Thakarshi)", "filerRelation": "Promoter", "moneyText": "", "startDate": "2020-06-03", "ownership": "D"}], "maxAge": 1}, "quoteType": {"exchange": "NSI", "quoteType": "EQUITY", "symbol": "NEOGEN.NS", "underlyingSymbol": "NEOGEN.NS", "shortName": "NEOGEN CHEMICALS", "longName": "Neogen Chemicals Limited", "firstTradeDateEpochUtc": "2019-05-08 09:15:00", "timeZoneFullName": "Asia/Kolkata", "timeZoneShortName": "IST", "uuid": "41a9cb57-744b-3a8e-bc6f-4c26e2dfdf23", "gmtOffSetMilliseconds": 19800000, "maxAge": 1}, "incomeStatementHistory": {"incomeStatementHistory": [{"maxAge": 1, "endDate": "2020-03-31", "totalRevenue": 3061217000, "costOfRevenue": 1840973000, "grossProfit": 1220244000, "researchDevelopment": {}, "sellingGeneralAdministrative": 200349000, "nonRecurring": {}, "otherOperatingExpenses": 440949000, "totalOperatingExpenses": 2533111000, "operatingIncome": 528106000, "totalOtherIncomeExpenseNet": -117138000, "ebit": 528106000, "interestExpense": -109567000, "incomeBeforeTax": 410968000, "incomeTaxExpense": 124403000, "minorityInterest": {}, "netIncomeFromContinuingOps": 286565000, "discontinuedOperations": {}, "extraordinaryItems": {}, "effectOfAccountingCharges": {}, "otherItems": {}, "netIncome": 286565000, "netIncomeApplicableToCommonShares": 286565000}, {"maxAge": 1, "endDate": "2019-03-31", "totalRevenue": 2390582000, "costOfRevenue": 1406917000, "grossProfit": 983665000, "researchDevelopment": {}, "sellingGeneralAdministrative": 142489000, "nonRecurring": {}, "otherOperatingExpenses": 406986000, "totalOperatingExpenses": 1984760000, "operatingIncome": 405822000, "totalOtherIncomeExpenseNet": -113279000, "ebit": 405822000, "interestExpense": -112476000, "incomeBeforeTax": 292543000, "incomeTaxExpense": 83074000, "minorityInterest": {}, "netIncomeFromContinuingOps": 209469000, "discontinuedOperations": {}, "extraordinaryItems": {}, "effectOfAccountingCharges": {}, "otherItems": {}, "netIncome": 209469000, "netIncomeApplicableToCommonShares": 209469000}, {"maxAge": 1, "endDate": "2018-03-31", "totalRevenue": 1611530000, "costOfRevenue": 948318000, "grossProfit": 663212000, "researchDevelopment": {}, "sellingGeneralAdministrative": 108142000, "nonRecurring": {}, "otherOperatingExpenses": 266075000, "totalOperatingExpenses": 1340128000, "operatingIncome": 271402000, "totalOtherIncomeExpenseNet": -97151000, "ebit": 271402000, "interestExpense": -98539000, "incomeBeforeTax": 174251000, "incomeTaxExpense": 64406000, "minorityInterest": {}, "netIncomeFromContinuingOps": 109845000, "discontinuedOperations": {}, "extraordinaryItems": {}, "effectOfAccountingCharges": {}, "otherItems": {}, "netIncome": 109845000, "netIncomeApplicableToCommonShares": 109845000}, {"maxAge": 1, "endDate": "2017-03-31", "totalRevenue": 1100670000, "costOfRevenue": 526310000, "grossProfit": 574360000, "researchDevelopment": {}, "sellingGeneralAdministrative": 71110000, "nonRecurring": {}, "otherOperatingExpenses": 303380000, "totalOperatingExpenses": 913910000, "operatingIncome": 186760000, "totalOtherIncomeExpenseNet": -71700000, "ebit": 186760000, "interestExpense": -66110000, "incomeBeforeTax": 115060000, "incomeTaxExpense": 38230000, "minorityInterest": {}, "netIncomeFromContinuingOps": 76830000, "discontinuedOperations": {}, "extraordinaryItems": {}, "effectOfAccountingCharges": {}, "otherItems": {}, "netIncome": 76830000, "netIncomeApplicableToCommonShares": 76830000}], "maxAge": 86400}, "fundOwnership": {"ownershipList": [], "maxAge": 1}, "summaryDetail": {"maxAge": 1, "priceHint": 2, "previousClose": 871.85, "open": 868.95, "dayLow": 861.1, "dayHigh": 883.0, "regularMarketPreviousClose": 871.85, "regularMarketOpen": 868.95, "regularMarketDayLow": 861.1, "regularMarketDayHigh": 883.0, "dividendRate": 2.0, "dividendYield": 0.0023, "exDividendDate": "2020-09-17 05:30:00", "payoutRatio": 0.1592, "trailingPE": 67.979866, "volume": 24590, "regularMarketVolume": 24590, "averageVolume": 94608, "averageVolume10days": 114565, "averageDailyVolume10Day": 114565, "bid": 0.0, "ask": 0.0, "marketCap": 20129968128, "fiftyTwoWeekLow": 351.0, "fiftyTwoWeekHigh": 938.0, "priceToSalesTrailing12Months": 6.1744843, "fiftyDayAverage": 831.77203, "twoHundredDayAverage": 718.29895, "trailingAnnualDividendRate": 2.0, "trailingAnnualDividendYield": 0.0022939728, "currency": "INR", "fromCurrency": null, "lastMarket": null, "algorithm": null, "tradeable": false}, "incomeStatementHistoryQuarterly": {"incomeStatementHistory": [{"maxAge": 1, "endDate": "2020-12-31", "totalRevenue": 851785000, "costOfRevenue": 498359000, "grossProfit": 353426000, "researchDevelopment": {}, "sellingGeneralAdministrative": 52125000, "nonRecurring": {}, "otherOperatingExpenses": 132809000, "totalOperatingExpenses": 700961000, "operatingIncome": 150824000, "totalOtherIncomeExpenseNet": -31406000, "ebit": 150824000, "interestExpense": -32601000, "incomeBeforeTax": 119418000, "incomeTaxExpense": 34295000, "minorityInterest": {}, "netIncomeFromContinuingOps": 85123000, "discontinuedOperations": {}, "extraordinaryItems": {}, "effectOfAccountingCharges": {}, "otherItems": {}, "netIncome": 85123000, "netIncomeApplicableToCommonShares": 85123000}, {"maxAge": 1, "endDate": "2020-09-30", "totalRevenue": 819504000, "costOfRevenue": 479720000, "grossProfit": 339784000, "researchDevelopment": {}, "sellingGeneralAdministrative": 54331000, "nonRecurring": {}, "otherOperatingExpenses": 131031000, "totalOperatingExpenses": 681958000, "operatingIncome": 137546000, "totalOtherIncomeExpenseNet": -34936000, "ebit": 137546000, "interestExpense": -36928000, "incomeBeforeTax": 102610000, "incomeTaxExpense": 28822000, "minorityInterest": {}, "netIncomeFromContinuingOps": 73788000, "discontinuedOperations": {}, "extraordinaryItems": {}, "effectOfAccountingCharges": {}, "otherItems": {}, "netIncome": 73788000, "netIncomeApplicableToCommonShares": 73788000}, {"maxAge": 1, "endDate": "2020-06-30", "totalRevenue": 765906000, "costOfRevenue": 474042000, "grossProfit": 291864000, "researchDevelopment": {}, "sellingGeneralAdministrative": 46648000, "nonRecurring": {}, "otherOperatingExpenses": 109673000, "totalOperatingExpenses": 646284000, "operatingIncome": 119622000, "totalOtherIncomeExpenseNet": -31856000, "ebit": 119622000, "interestExpense": -33152000, "incomeBeforeTax": 87766000, "incomeTaxExpense": 26593000, "minorityInterest": {}, "netIncomeFromContinuingOps": 61173000, "discontinuedOperations": {}, "extraordinaryItems": {}, "effectOfAccountingCharges": {}, "otherItems": {}, "netIncome": 61173000, "netIncomeApplicableToCommonShares": 61173000}, {"maxAge": 1, "endDate": "2020-03-31", "totalRevenue": 822992000, "costOfRevenue": 497109000, "grossProfit": 325883000, "researchDevelopment": {}, "sellingGeneralAdministrative": 67905000, "nonRecurring": {}, "otherOperatingExpenses": 101509000, "totalOperatingExpenses": 682096000, "operatingIncome": 140896000, "totalOtherIncomeExpenseNet": -28604000, "ebit": 140896000, "interestExpense": -19292000, "incomeBeforeTax": 112292000, "incomeTaxExpense": 39223000, "minorityInterest": {}, "netIncomeFromContinuingOps": 73069000, "discontinuedOperations": {}, "extraordinaryItems": {}, "effectOfAccountingCharges": {}, "otherItems": {}, "netIncome": 73069000, "netIncomeApplicableToCommonShares": 73069000}], "maxAge": 86400}, "cashflowStatementHistoryQuarterly": {"cashflowStatements": [{"maxAge": 1, "endDate": "2020-12-31", "netIncome": 85123000, "changeToLiabilities": 0}, {"maxAge": 1, "endDate": "2020-09-30", "netIncome": 73788000, "changeToLiabilities": 0}, {"maxAge": 1, "endDate": "2020-06-30", "netIncome": 61173000, "changeToLiabilities": 0}, {"maxAge": 1, "endDate": "2020-03-31", "netIncome": 73069000, "changeToLiabilities": 0}], "maxAge": 86400}, "insiderHolders": {"holders": [{"maxAge": 1, "name": "Kanani (Beena Haridas)", "relation": "Promoter", "url": "", "transactionDescription": "Gift", "latestTransDate": "2020-06-03", "positionDirect": 100309, "positionDirectDate": "2020-06-03"}, {"maxAge": 1, "name": "Kanani (Haridas Thakarshi)", "relation": "Promoter", "url": "", "transactionDescription": "Sale", "latestTransDate": "2020-06-03", "positionDirect": 11900078, "positionDirectDate": "2020-06-03"}, {"maxAge": 1, "name": "Surana (Anurag)", "relation": "Director", "url": "", "transactionDescription": "Sale", "latestTransDate": "2020-12-17", "positionDirect": 225000, "positionDirectDate": "2020-12-17"}, {"maxAge": 1, "name": "Surana (Radhika)", "relation": "UNREPORTED", "url": "", "transactionDescription": "Sale", "latestTransDate": "2020-12-16", "positionDirect": 125000, "positionDirectDate": "2020-12-16"}], "maxAge": 1}, "calendarEvents": {"maxAge": 1, "earnings": {"earningsDate": ["2021-02-13 05:30:S"]}, "exDividendDate": "2020-09-17 05:30:00"}, "upgradeDowngradeHistory": {"history": [], "maxAge": 86400}, "price": {"maxAge": 1, "regularMarketChangePercent": -0.008430322, "regularMarketChange": -7.3499756, "regularMarketTime": "2021-04-30 15:30:01", "priceHint": 2, "regularMarketPrice": 864.5, "regularMarketDayHigh": 883.0, "regularMarketDayLow": 861.1, "regularMarketVolume": 24590, "averageDailyVolume10Day": 114565, "averageDailyVolume3Month": 94608, "regularMarketPreviousClose": 871.85, "regularMarketSource": "FREE_REALTIME", "regularMarketOpen": 868.95, "exchange": "NSI", "exchangeName": "NSE", "exchangeDataDelayedBy": 15, "marketState": "CLOSED", "quoteType": "EQUITY", "symbol": "NEOGEN.NS", "underlyingSymbol": null, "shortName": "NEOGEN CHEMICALS", "longName": "Neogen Chemicals Limited", "currency": "INR", "quoteSourceName": "Delayed Quote", "currencySymbol": "\u20b9", "fromCurrency": null, "lastMarket": null, "marketCap": 20129968128}, "balanceSheetHistory": {"balanceSheetStatements": [{"maxAge": 1, "endDate": "2020-03-31", "cash": 5602000, "netReceivables": 754863000, "inventory": 1298706000, "otherCurrentAssets": 221876000, "totalCurrentAssets": 2310611000, "longTermInvestments": 6003000, "propertyPlantEquipment": 1129187000, "intangibleAssets": 3157000, "otherAssets": 99543000, "totalAssets": 3548501000, "accountsPayable": 358511000, "shortLongTermDebt": 48267000, "otherCurrentLiab": 43985000, "longTermDebt": 303563000, "otherLiab": 111940000, "totalCurrentLiabilities": 1498665000, "totalLiab": 1986046000, "commonStock": 233346000, "retainedEarnings": 652581000, "treasuryStock": 72038000, "capitalSurplus": 604490000, "otherStockholderEquity": 72038000, "totalStockholderEquity": 1562455000, "netTangibleAssets": 1559298000}, {"maxAge": 1, "endDate": "2019-03-31", "cash": 11664000, "netReceivables": 611012000, "inventory": 723782000, "otherCurrentAssets": 244666000, "totalCurrentAssets": 1597650000, "longTermInvestments": 5258000, "propertyPlantEquipment": 830973000, "intangibleAssets": 1081000, "otherAssets": 29410000, "totalAssets": 2464372000, "accountsPayable": 428187000, "shortLongTermDebt": 42267000, "otherCurrentLiab": 23025000, "longTermDebt": 505940000, "otherLiab": 89015000, "totalCurrentLiabilities": 1167410000, "totalLiab": 1762365000, "commonStock": 200788000, "retainedEarnings": 392194000, "treasuryStock": 94538000, "capitalSurplus": 14487000, "otherStockholderEquity": 94538000, "totalStockholderEquity": 702007000, "netTangibleAssets": 700926000}, {"maxAge": 1, "endDate": "2018-03-31", "cash": 3173000, "netReceivables": 416059000, "inventory": 499927000, "otherCurrentAssets": 143672000, "totalCurrentAssets": 1067725000, "longTermInvestments": 4228000, "propertyPlantEquipment": 683781000, "intangibleAssets": 505000, "otherAssets": 47893000, "totalAssets": 1804132000, "accountsPayable": 366724000, "shortLongTermDebt": 24959000, "otherCurrentLiab": 18973000, "longTermDebt": 384948000, "otherLiab": 79284000, "totalCurrentLiabilities": 835750000, "totalLiab": 1299982000, "commonStock": 200000000, "retainedEarnings": 213645000, "treasuryStock": 90505000, "otherStockholderEquity": 90505000, "totalStockholderEquity": 504150000, "netTangibleAssets": 503645000}, {"maxAge": 1, "endDate": "2017-03-31", "cash": 5770000, "netReceivables": 455700000, "inventory": 400130000, "otherCurrentAssets": 30010000, "totalCurrentAssets": 897180000, "longTermInvestments": 4880000, "propertyPlantEquipment": 575780000, "intangibleAssets": 30000, "otherAssets": 45280000, "totalAssets": 1523150000, "accountsPayable": 309800000, "shortLongTermDebt": 21380000, "otherCurrentLiab": 18920000, "longTermDebt": 367610000, "otherLiab": 70050000, "totalCurrentLiabilities": 665830000, "totalLiab": 1103490000, "commonStock": 200000000, "retainedEarnings": 137950000, "treasuryStock": 81710000, "otherStockholderEquity": 81710000, "totalStockholderEquity": 419660000, "netTangibleAssets": 419630000}], "maxAge": 86400}, "financialData": {"maxAge": 86400, "currentPrice": 864.5, "recommendationKey": "none", "totalCash": 18704000, "totalCashPerShare": 0.804, "ebitda": 594391744, "totalDebt": 1372929024, "totalRevenue": 3260186112, "debtToEquity": 80.835, "revenuePerShare": 141.434, "grossProfits": 1220244000, "earningsGrowth": 0.058, "revenueGrowth": 0.035, "grossMargins": 0.40210998, "ebitdaMargins": 0.18232, "operatingMargins": 0.16836001, "profitMargins": 0.08992, "financialCurrency": "INR"}}}