{"NESCO.NS": {"assetProfile": {"address1": "Nesco Center", "address2": "Western Express Highway Goregaon (East)", "city": "Mumbai", "zip": "400063", "country": "India", "phone": "91 22 6645 0123", "fax": "91 22 6645 0101", "website": "http://www.nesco.in", "industry": "Conglomerates", "sector": "Industrials", "longBusinessSummary": "Nesco Limited operates exhibition center and IT park in India. It operates through IT Park, Bombay Exhibition Center, Industrial Capital Goods Division, and Nesco Foods segments. The company is also involved in the operation of convention and exhibition center that provides space for trade fairs, exhibitions, conventions, and conferences. In addition, it manufactures and sells shot blasting, shot peering, and other surface preparation equipment and systems; spares and abrasives for shot blasting, peening, etc.; and offers facility development and management services. Further, it invests in mutual funds and securities; and operates kitchens, and food courts and kiosks, as well as provides mass catering services. The company was formerly known as New Standard Engineering Co. Ltd. Nesco Limited was founded in 1939 and is based in Mumbai, India.", "fullTimeEmployees": 158, "companyOfficers": [{"maxAge": 1, "name": "Mr. Sumant Jethabhai Patel", "age": 81, "title": "Exec. Chairman", "yearBorn": 1939, "fiscalYear": 2020, "totalPay": 99600000, "exercisedValue": 0, "unexercisedValue": 0}, {"maxAge": 1, "name": "Mr. Krishna Sumant Patel", "title": "Exec. Vice Chairman & MD", "fiscalYear": 2020, "totalPay": 102096000, "exercisedValue": 0, "unexercisedValue": 0}, {"maxAge": 1, "name": "Mr. Dipesh R. Singhania", "title": "CFO & Head of Legal", "exercisedValue": 0, "unexercisedValue": 0}, {"maxAge": 1, "name": "Ms. Jinal Jitendra Shah", "title": "Company Sec. & Compliance Officer", "exercisedValue": 0, "unexercisedValue": 0}], "compensationAsOfEpochDate": "2020-12-31 05:30:00", "maxAge": 86400}, "recommendationTrend": {"trend": [{"period": "0m", "strongBuy": 0, "buy": 0, "hold": 0, "sell": 0, "strongSell": 0}, {"period": "-1m", "strongBuy": 0, "buy": 1, "hold": 0, "sell": 0, "strongSell": 0}, {"period": "-2m", "strongBuy": 0, "buy": 2, "hold": 0, "sell": 0, "strongSell": 0}, {"period": "-3m", "strongBuy": 0, "buy": 2, "hold": 0, "sell": 0, "strongSell": 0}], "maxAge": 86400}, "cashflowStatementHistory": {"cashflowStatements": [{"maxAge": 1, "endDate": "2020-03-31", "netIncome": 2338901000, "depreciation": 224377000, "changeToNetincome": -372099000, "changeToAccountReceivables": -7322000, "changeToLiabilities": 40103000, "changeToInventory": 4123000, "changeToOperatingActivities": -136147000, "totalCashFromOperatingActivities": 2091936000, "capitalExpenditures": -569747000, "investments": -1070677000, "otherCashflowsFromInvestingActivities": 62176000, "totalCashflowsFromInvestingActivities": -1578248000, "dividendsPaid": -387533000, "otherCashflowsFromFinancingActivities": -81613000, "totalCashFromFinancingActivities": -469146000, "changeInCash": 44443000}, {"maxAge": 1, "endDate": "2019-03-31", "netIncome": 1804281000, "depreciation": 118738000, "changeToNetincome": -332476000, "changeToAccountReceivables": -66788000, "changeToLiabilities": 22033000, "changeToInventory": 33821000, "changeToOperatingActivities": 128694000, "totalCashFromOperatingActivities": 1708303000, "capitalExpenditures": -1499104000, "investments": -60968000, "otherCashflowsFromInvestingActivities": 12479000, "totalCashflowsFromInvestingActivities": -1547593000, "dividendsPaid": -162060000, "otherCashflowsFromFinancingActivities": -36002000, "totalCashFromFinancingActivities": -198062000, "changeInCash": -37253000}, {"maxAge": 1, "endDate": "2018-03-31", "netIncome": 1787179000, "depreciation": 110273000, "changeToNetincome": -300377000, "changeToAccountReceivables": -33967000, "changeToLiabilities": -26839000, "changeToInventory": 9809000, "changeToOperatingActivities": -83825000, "totalCashFromOperatingActivities": 1462253000, "capitalExpenditures": -1373114000, "investments": 123636000, "otherCashflowsFromInvestingActivities": 21313000, "totalCashflowsFromInvestingActivities": -1228165000, "dividendsPaid": -155012000, "otherCashflowsFromFinancingActivities": -36094000, "totalCashFromFinancingActivities": -191106000, "changeInCash": 42982000}, {"maxAge": 1, "endDate": "2017-03-31", "netIncome": 1699493000, "depreciation": 81297000, "changeToNetincome": -350743000, "changeToAccountReceivables": 19378000, "changeToLiabilities": 136168000, "changeToInventory": -23585000, "changeToOperatingActivities": -35719000, "totalCashFromOperatingActivities": 1526289000, "capitalExpenditures": -1551856000, "investments": -7449000, "otherCashflowsFromInvestingActivities": 29667000, "totalCashflowsFromInvestingActivities": -1529638000, "dividendsPaid": -155012000, "otherCashflowsFromFinancingActivities": -993000, "totalCashFromFinancingActivities": -993000, "changeInCash": -4343000}], "maxAge": 86400}, "indexTrend": {"maxAge": 1, "symbol": "SP5", "peRatio": 19.7411, "pegRatio": 1.34172, "estimates": [{"period": "0q", "growth": 0.549}, {"period": "+1q", "growth": 0.431}, {"period": "0y", "growth": 0.305}, {"period": "+1y", "growth": 0.109}, {"period": "+5y", "growth": 0.120865}, {"period": "-5y"}]}, "defaultKeyStatistics": {"maxAge": 1, "priceHint": 2, "enterpriseValue": 35540013056, "forwardPE": 18.061707, "profitMargins": 0.46264, "floatShares": 18508658, "sharesOutstanding": 70460000, "heldPercentInsiders": 0.70107, "heldPercentInstitutions": 0.05677, "beta": 0.723161, "category": null, "bookValue": 204.636, "priceToBook": 2.4316347, "fundFamily": null, "legalType": null, "lastFiscalYearEnd": "2020-03-31 05:30:00", "nextFiscalYearEnd": "2022-03-31 05:30:00", "mostRecentQuarter": "2020-12-31 05:30:00", "earningsQuarterlyGrowth": -0.292, "netIncomeToCommon": 1856514048, "trailingEps": 26.349, "forwardEps": 128.82, "pegRatio": 0.94, "lastSplitFactor": "5:1", "lastSplitDate": "2017-09-15 05:30:00", "enterpriseToRevenue": 8.857, "enterpriseToEbitda": 12.561}, "industryTrend": {"maxAge": 1, "symbol": null, "estimates": []}, "quoteType": {"exchange": "NSI", "quoteType": "EQUITY", "symbol": "NESCO.NS", "underlyingSymbol": "NESCO.NS", "shortName": "NESCO LTD", "longName": "Nesco Limited", "firstTradeDateEpochUtc": "2008-04-08 09:15:00", "timeZoneFullName": "Asia/Kolkata", "timeZoneShortName": "IST", "uuid": "c69bf3c6-9c51-34ba-ba41-7e63af4ffa3a", "gmtOffSetMilliseconds": 19800000, "maxAge": 1}, "incomeStatementHistory": {"incomeStatementHistory": [{"maxAge": 1, "endDate": "2020-03-31", "totalRevenue": 4741102000, "costOfRevenue": 316085000, "grossProfit": 4425017000, "researchDevelopment": {}, "sellingGeneralAdministrative": 239824000, "nonRecurring": {}, "otherOperatingExpenses": 979102000, "totalOperatingExpenses": 1759388000, "operatingIncome": 2981714000, "totalOtherIncomeExpenseNet": -58861000, "ebit": 2981714000, "interestExpense": -58285000, "incomeBeforeTax": 2922853000, "incomeTaxExpense": 583952000, "minorityInterest": {}, "netIncomeFromContinuingOps": 2338901000, "discontinuedOperations": {}, "extraordinaryItems": {}, "effectOfAccountingCharges": {}, "otherItems": {}, "netIncome": 2338901000, "netIncomeApplicableToCommonShares": 2338901000}, {"maxAge": 1, "endDate": "2019-03-31", "totalRevenue": 3918317000, "costOfRevenue": 312151000, "grossProfit": 3606166000, "researchDevelopment": {}, "sellingGeneralAdministrative": 219175000, "nonRecurring": {}, "otherOperatingExpenses": 718052000, "totalOperatingExpenses": 1368116000, "operatingIncome": 2550201000, "totalOtherIncomeExpenseNet": -71256000, "ebit": 2550201000, "interestExpense": -44450000, "incomeBeforeTax": 2478945000, "incomeTaxExpense": 674664000, "minorityInterest": {}, "netIncomeFromContinuingOps": 1804281000, "discontinuedOperations": {}, "extraordinaryItems": {}, "effectOfAccountingCharges": {}, "otherItems": {}, "netIncome": 1804281000, "netIncomeApplicableToCommonShares": 1804281000}, {"maxAge": 1, "endDate": "2018-03-31", "totalRevenue": 3556528000, "costOfRevenue": 256083000, "grossProfit": 3300445000, "researchDevelopment": {}, "sellingGeneralAdministrative": 191556000, "nonRecurring": {}, "otherOperatingExpenses": 578187000, "totalOperatingExpenses": 1136099000, "operatingIncome": 2420429000, "totalOtherIncomeExpenseNet": -41094000, "ebit": 2420429000, "interestExpense": -51436000, "incomeBeforeTax": 2379335000, "incomeTaxExpense": 592148000, "minorityInterest": 11000, "netIncomeFromContinuingOps": 1787187000, "discontinuedOperations": {}, "extraordinaryItems": {}, "effectOfAccountingCharges": {}, "otherItems": {}, "netIncome": 1787179000, "netIncomeApplicableToCommonShares": 1787179000}, {"maxAge": 1, "endDate": "2017-03-31", "totalRevenue": 3543534000, "costOfRevenue": 310472000, "grossProfit": 3233062000, "researchDevelopment": {}, "sellingGeneralAdministrative": 169604000, "nonRecurring": {}, "otherOperatingExpenses": 487508000, "totalOperatingExpenses": 1048881000, "operatingIncome": 2494653000, "totalOtherIncomeExpenseNet": -50271000, "ebit": 2494653000, "interestExpense": -49491000, "incomeBeforeTax": 2444382000, "incomeTaxExpense": 744887000, "minorityInterest": 3000, "netIncomeFromContinuingOps": 1699495000, "discontinuedOperations": {}, "extraordinaryItems": {}, "effectOfAccountingCharges": {}, "otherItems": {}, "netIncome": 1699493000, "netIncomeApplicableToCommonShares": 1699493000}], "maxAge": 86400}, "fundOwnership": {"ownershipList": [], "maxAge": 1}, "summaryDetail": {"maxAge": 1, "priceHint": 2, "previousClose": 506.1, "open": 505.0, "dayLow": 493.9, "dayHigh": 506.9, "regularMarketPreviousClose": 506.1, "regularMarketOpen": 505.0, "regularMarketDayLow": 493.9, "regularMarketDayHigh": 506.9, "exDividendDate": "2020-03-18 05:30:00", "payoutRatio": 0.113900006, "beta": 0.723161, "trailingPE": 18.884966, "forwardPE": 3.862754, "volume": 33154, "regularMarketVolume": 33154, "averageVolume": 115369, "averageVolume10days": 57400, "averageDailyVolume10Day": 57400, "bid": 0.0, "ask": 0.0, "bidSize": 0, "askSize": 0, "marketCap": 35043581952, "fiftyTwoWeekLow": 380.0, "fiftyTwoWeekHigh": 639.0, "priceToSalesTrailing12Months": 8.732891, "fiftyDayAverage": 573.45154, "twoHundredDayAverage": 552.7489, "trailingAnnualDividendRate": 3.0, "trailingAnnualDividendYield": 0.0059276824, "currency": "INR", "fromCurrency": null, "lastMarket": null, "algorithm": null, "tradeable": false}, "insiderHolders": {"holders": [{"maxAge": 1, "name": "Chandler & Price India Pvt. Ltd.", "relation": "Promoter", "url": "", "transactionDescription": "Acquisition", "latestTransDate": "2020-11-19", "positionDirect": 19584718, "positionDirectDate": "2020-11-19"}, {"maxAge": 1, "name": "Chouhan (Mahendra K.)", "relation": "Non-Independent Executive Director", "url": "", "transactionDescription": "Sale", "latestTransDate": "2020-12-31", "positionDirect": 0, "positionDirectDate": "2020-12-31"}, {"maxAge": 1, "name": "Diwanji (Jai S.)", "relation": "Director (Non-Executive)", "url": "", "transactionDescription": "Acquisition", "latestTransDate": "2018-10-09", "positionDirect": 2500, "positionDirectDate": "2018-10-09"}, {"maxAge": 1, "name": "Engineering Global Pte Ltd", "relation": "Promoter", "url": "", "transactionDescription": "Other", "latestTransDate": "2015-07-22", "positionDirect": 894400, "positionDirectDate": "2015-07-22"}, {"maxAge": 1, "name": "Engineering Imports & Exports Pvt. Ltd.", "relation": "Institution- Corporation", "url": "", "transactionDescription": "Acquisition", "latestTransDate": "2014-03-29", "positionDirect": 1144400, "positionDirectDate": "2014-03-29"}, {"maxAge": 1, "name": "Parpia (Manu Mahmud)", "relation": "UNREPORTED", "url": "", "transactionDescription": "Acquisition", "latestTransDate": "2017-06-01", "positionDirect": 500, "positionDirectDate": "2017-06-01"}, {"maxAge": 1, "name": "Patel (Aarav Krishna)", "relation": "Promoter", "url": "", "transactionDescription": "Other", "latestTransDate": "2020-02-18", "positionDirect": 140000, "positionDirectDate": "2020-02-18"}, {"maxAge": 1, "name": "Patel (S J)", "relation": "Promoter", "url": "", "transactionDescription": "Other", "latestTransDate": "2020-02-18", "positionDirect": 8867335, "positionDirectDate": "2020-02-18"}, {"maxAge": 1, "name": "Patel Consultancy Services Pvt. Ltd.", "relation": "Promoter", "url": "", "transactionDescription": "Acquisition", "latestTransDate": "2020-06-18", "positionDirect": 5362500, "positionDirectDate": "2020-06-18"}], "maxAge": 1}, "calendarEvents": {"maxAge": 1, "earnings": {"earningsDate": [], "revenueAverage": 807000000, "revenueLow": 807000000, "revenueHigh": 807000000}, "exDividendDate": "2020-03-18 05:30:00"}, "upgradeDowngradeHistory": {"history": [], "maxAge": 86400}, "price": {"maxAge": 1, "regularMarketChangePercent": -0.016795099, "regularMarketChange": -8.5, "regularMarketTime": "2021-04-30 15:29:54", "priceHint": 2, "regularMarketPrice": 497.6, "regularMarketDayHigh": 506.9, "regularMarketDayLow": 493.9, "regularMarketVolume": 33154, "averageDailyVolume10Day": 57400, "averageDailyVolume3Month": 115369, "regularMarketPreviousClose": 506.1, "regularMarketSource": "FREE_REALTIME", "regularMarketOpen": 505.0, "exchange": "NSI", "exchangeName": "NSE", "exchangeDataDelayedBy": 15, "marketState": "CLOSED", "quoteType": "EQUITY", "symbol": "NESCO.NS", "underlyingSymbol": null, "shortName": "NESCO LTD", "longName": "Nesco Limited", "currency": "INR", "quoteSourceName": "Delayed Quote", "currencySymbol": "\u20b9", "fromCurrency": null, "lastMarket": null, "marketCap": 35043581952}, "balanceSheetHistory": {"balanceSheetStatements": [{"maxAge": 1, "endDate": "2020-03-31", "cash": 95570000, "netReceivables": 438304000, "inventory": 86179000, "otherCurrentAssets": 88369000, "totalCurrentAssets": 1099320000, "longTermInvestments": 6190033000, "propertyPlantEquipment": 7749057000, "intangibleAssets": 29205000, "otherAssets": 1029674000, "totalAssets": 16097289000, "accountsPayable": 146037000, "otherCurrentLiab": 826700000, "otherLiab": 1513345000, "totalCurrentLiabilities": 1009165000, "totalLiab": 2522510000, "commonStock": 140920000, "retainedEarnings": 13432015000, "treasuryStock": 1844000, "otherStockholderEquity": 1844000, "totalStockholderEquity": 13574779000, "netTangibleAssets": 13545574000}, {"maxAge": 1, "endDate": "2019-03-31", "cash": 51127000, "netReceivables": 250413000, "inventory": 90302000, "otherCurrentAssets": 58790000, "totalCurrentAssets": 702716000, "longTermInvestments": 5059572000, "propertyPlantEquipment": 7200306000, "intangibleAssets": 19524000, "otherAssets": 505221000, "totalAssets": 13487339000, "accountsPayable": 107619000, "otherCurrentLiab": 743486000, "otherLiab": 876485000, "totalCurrentLiabilities": 906100000, "totalLiab": 1782585000, "commonStock": 140920000, "retainedEarnings": 11561431000, "treasuryStock": 2403000, "otherStockholderEquity": 2403000, "totalStockholderEquity": 11704754000, "netTangibleAssets": 11685230000}, {"maxAge": 1, "endDate": "2018-03-31", "cash": 88380000, "netReceivables": 151777000, "inventory": 124123000, "otherCurrentAssets": 92467000, "totalCurrentAssets": 1179408000, "longTermInvestments": 4262392000, "propertyPlantEquipment": 5849606000, "intangibleAssets": 5850000, "otherAssets": 531822000, "totalAssets": 11829078000, "accountsPayable": 93912000, "otherCurrentLiab": 1152099000, "otherLiab": 421186000, "minorityInterest": 11000, "totalCurrentLiabilities": 1296509000, "totalLiab": 1717695000, "commonStock": 140920000, "retainedEarnings": 9970217000, "treasuryStock": 235000, "otherStockholderEquity": 235000, "totalStockholderEquity": 10111372000, "netTangibleAssets": 10105522000}, {"maxAge": 1, "endDate": "2017-03-31", "cash": 45398000, "netReceivables": 169370000, "inventory": 133932000, "otherCurrentAssets": 137983000, "totalCurrentAssets": 486683000, "longTermInvestments": 4817957000, "propertyPlantEquipment": 4501467000, "otherAssets": 526254000, "totalAssets": 10332361000, "accountsPayable": 228968000, "otherCurrentLiab": 386011000, "otherLiab": 1198190000, "minorityInterest": 3000, "totalCurrentLiabilities": 623984000, "totalLiab": 1822174000, "commonStock": 140920000, "retainedEarnings": 8305596000, "treasuryStock": 63668000, "otherStockholderEquity": 63668000, "totalStockholderEquity": 8510184000, "netTangibleAssets": 8510184000}], "maxAge": 86400}, "earningsTrend": {"trend": [{"maxAge": 1, "period": "0q", "endDate": "2018-03-31", "growth": {}, "earningsEstimate": {"avg": 0.0, "low": 0.0, "high": 0.0, "yearAgoEps": 4.89, "numberOfAnalysts": 0, "growth": {}}, "revenueEstimate": {"avg": 807000000, "low": 807000000, "high": 807000000, "numberOfAnalysts": 1, "yearAgoRevenue": {}, "growth": {}}, "epsTrend": {"current": 0.0, "7daysAgo": 6.92, "30daysAgo": 6.92, "60daysAgo": 6.92, "90daysAgo": 6.92}, "epsRevisions": {"upLast7days": 0, "upLast30days": 0, "downLast30days": 0, "downLast90days": {}}}, {"maxAge": 1, "period": "+1q", "endDate": "2018-06-30", "growth": {}, "earningsEstimate": {"avg": 0.0, "low": 0.0, "high": 0.0, "yearAgoEps": 5.92, "numberOfAnalysts": 0, "growth": {}}, "revenueEstimate": {"avg": 669000000, "low": 669000000, "high": 669000000, "numberOfAnalysts": 1, "yearAgoRevenue": {}, "growth": {}}, "epsTrend": {"current": 0.0, "7daysAgo": 5.6, "30daysAgo": 5.6, "60daysAgo": 5.6, "90daysAgo": 5.6}, "epsRevisions": {"upLast7days": 0, "upLast30days": 0, "downLast30days": 0, "downLast90days": {}}}, {"maxAge": 1, "period": "0y", "endDate": "2018-03-31", "growth": {}, "earningsEstimate": {"avg": 27.15, "low": 25.3, "high": 29.0, "yearAgoEps": {}, "numberOfAnalysts": 2, "growth": {}}, "revenueEstimate": {"avg": 3377000000, "low": 3088000000, "high": 3666000000, "numberOfAnalysts": 2, "yearAgoRevenue": 3114310000, "growth": 0.084}, "epsTrend": {"current": 27.15, "7daysAgo": 27.15, "30daysAgo": 27.38, "60daysAgo": 27.38, "90daysAgo": 27.38}, "epsRevisions": {"upLast7days": 0, "upLast30days": 0, "downLast30days": 0, "downLast90days": {}}}, {"maxAge": 1, "period": "+1y", "endDate": "2019-03-31", "growth": 0.015, "earningsEstimate": {"avg": 27.55, "low": 25.9, "high": 29.2, "yearAgoEps": 27.15, "numberOfAnalysts": 2, "growth": 0.015}, "revenueEstimate": {"avg": 3476000000, "low": 3106000000, "high": 3846000000, "numberOfAnalysts": 2, "yearAgoRevenue": 3377000000, "growth": 0.029000001}, "epsTrend": {"current": 27.55, "7daysAgo": 27.55, "30daysAgo": 28.58, "60daysAgo": 28.58, "90daysAgo": 28.58}, "epsRevisions": {"upLast7days": 0, "upLast30days": 0, "downLast30days": 0, "downLast90days": {}}}, {"maxAge": 1, "period": "+5y", "endDate": null, "growth": 0.23, "earningsEstimate": {"avg": {}, "low": {}, "high": {}, "yearAgoEps": {}, "numberOfAnalysts": {}, "growth": {}}, "revenueEstimate": {"avg": {}, "low": {}, "high": {}, "numberOfAnalysts": {}, "yearAgoRevenue": {}, "growth": {}}, "epsTrend": {"current": {}, "7daysAgo": {}, "30daysAgo": {}, "60daysAgo": {}, "90daysAgo": {}}, "epsRevisions": {"upLast7days": {}, "upLast30days": {}, "downLast30days": {}, "downLast90days": {}}}, {"maxAge": 1, "period": "-5y", "endDate": null, "growth": 0.18183, "earningsEstimate": {"avg": {}, "low": {}, "high": {}, "yearAgoEps": {}, "numberOfAnalysts": {}, "growth": {}}, "revenueEstimate": {"avg": {}, "low": {}, "high": {}, "numberOfAnalysts": {}, "yearAgoRevenue": {}, "growth": {}}, "epsTrend": {"current": {}, "7daysAgo": {}, "30daysAgo": {}, "60daysAgo": {}, "90daysAgo": {}}, "epsRevisions": {"upLast7days": {}, "upLast30days": {}, "downLast30days": {}, "downLast90days": {}}}], "maxAge": 1}, "institutionOwnership": {"ownershipList": [], "maxAge": 1}, "majorHoldersBreakdown": {"maxAge": 1, "insidersPercentHeld": 0.70107, "institutionsPercentHeld": 0.05677, "institutionsFloatPercentHeld": 0.1899, "institutionsCount": 21}, "balanceSheetHistoryQuarterly": {"balanceSheetStatements": [{"maxAge": 1, "endDate": "2020-12-31", "totalStockholderEquity": 14412889000, "netTangibleAssets": 14385677000}, {"maxAge": 1, "endDate": "2020-09-30", "cash": 94451000, "netReceivables": 422975000, "inventory": 83734000, "otherCurrentAssets": 130915000, "totalCurrentAssets": 732075000, "longTermInvestments": 7581186000, "propertyPlantEquipment": 7660377000, "intangibleAssets": 27212000, "otherAssets": 1126753000, "totalAssets": 17127603000, "accountsPayable": 151230000, "otherCurrentLiab": 810212000, "otherLiab": 1753272000, "totalCurrentLiabilities": 961442000, "totalLiab": 2714714000, "commonStock": 140920000, "treasuryStock": 14271969000, "otherStockholderEquity": 14271969000, "totalStockholderEquity": 14412889000, "netTangibleAssets": 14385677000}, {"maxAge": 1, "endDate": "2020-06-30", "totalStockholderEquity": 13574779000, "netTangibleAssets": 13545574000}, {"maxAge": 1, "endDate": "2020-03-31", "cash": 95570000, "netReceivables": 438304000, "inventory": 86179000, "otherCurrentAssets": 88369000, "totalCurrentAssets": 1099320000, "longTermInvestments": 6190033000, "propertyPlantEquipment": 7749057000, "intangibleAssets": 29205000, "otherAssets": 1029674000, "totalAssets": 16097289000, "accountsPayable": 146037000, "otherCurrentLiab": 826700000, "otherLiab": 1513345000, "totalCurrentLiabilities": 1009165000, "totalLiab": 2522510000, "commonStock": 140920000, "retainedEarnings": 13432015000, "treasuryStock": 1844000, "otherStockholderEquity": 1844000, "totalStockholderEquity": 13574779000, "netTangibleAssets": 13545574000}], "maxAge": 86400}, "earningsHistory": {"history": [{"maxAge": 1, "epsActual": 4.89, "epsEstimate": 7.19, "epsDifference": -2.3, "surprisePercent": -0.32, "quarter": "2017-03-31", "period": "-4q"}, {"maxAge": 1, "epsActual": 5.92, "epsEstimate": 5.6, "epsDifference": 0.32, "surprisePercent": 0.056999996, "quarter": "2017-06-30", "period": "-3q"}, {"maxAge": 1, "epsActual": 6.87, "epsEstimate": 7.08, "epsDifference": -0.21, "surprisePercent": -0.03, "quarter": "2017-09-30", "period": "-2q"}, {"maxAge": 1, "epsActual": 6.22, "epsEstimate": 7.7, "epsDifference": -1.48, "surprisePercent": -0.192, "quarter": "2017-12-31", "period": "-1q"}], "maxAge": 86400}, "summaryProfile": {"address1": "Nesco Center", "address2": "Western Express Highway Goregaon (East)", "city": "Mumbai", "zip": "400063", "country": "India", "phone": "91 22 6645 0123", "fax": "91 22 6645 0101", "website": "http://www.nesco.in", "industry": "Conglomerates", "sector": "Industrials", "longBusinessSummary": "Nesco Limited operates exhibition center and IT park in India. It operates through IT Park, Bombay Exhibition Center, Industrial Capital Goods Division, and Nesco Foods segments. The company is also involved in the operation of convention and exhibition center that provides space for trade fairs, exhibitions, conventions, and conferences. In addition, it manufactures and sells shot blasting, shot peering, and other surface preparation equipment and systems; spares and abrasives for shot blasting, peening, etc.; and offers facility development and management services. Further, it invests in mutual funds and securities; and operates kitchens, and food courts and kiosks, as well as provides mass catering services. The company was formerly known as New Standard Engineering Co. Ltd. Nesco Limited was founded in 1939 and is based in Mumbai, India.", "fullTimeEmployees": 158, "companyOfficers": [], "maxAge": 86400}, "netSharePurchaseActivity": {"maxAge": 1, "period": "6m", "buyInfoCount": 0, "buyInfoShares": 0, "sellInfoCount": 0, "netInfoCount": 0, "netInfoShares": 0, "netPercentInsiderShares": 0.0, "totalInsiderShares": 49362288}, "insiderTransactions": {"transactions": [{"maxAge": 1, "shares": 2100, "value": 15723, "filerUrl": "", "transactionText": "Sale at price 7.49 per share.", "filerName": "Chouhan (Mahendra K.)", "filerRelation": "Non-Independent Executive Director", "moneyText": "", "startDate": "2020-12-31", "ownership": "D"}, {"maxAge": 1, "shares": 1830, "value": 13635, "filerUrl": "", "transactionText": "Acquisition at price 7.45 per share.", "filerName": "Chandler & Price India Pvt. Ltd.", "filerRelation": "Promoter", "moneyText": "", "startDate": "2020-11-19", "ownership": "D"}, {"maxAge": 1, "shares": 9500, "filerUrl": "", "transactionText": "", "filerName": "Patel Consultancy Services Pvt. Ltd.", "filerRelation": "Promoter", "moneyText": "", "startDate": "2020-06-18", "ownership": "D"}, {"maxAge": 1, "shares": 5000, "filerUrl": "", "transactionText": "", "filerName": "Patel Consultancy Services Pvt. Ltd.", "filerRelation": "Promoter", "moneyText": "", "startDate": "2020-06-17", "ownership": "D"}, {"maxAge": 1, "shares": 12500, "filerUrl": "", "transactionText": "", "filerName": "Patel Consultancy Services Pvt. Ltd.", "filerRelation": "Promoter", "moneyText": "", "startDate": "2020-06-15", "ownership": "D"}, {"maxAge": 1, "shares": 10000, "filerUrl": "", "transactionText": "", "filerName": "Chandler & Price India Pvt. Ltd.", "filerRelation": "Promoter", "moneyText": "", "startDate": "2020-06-12", "ownership": "D"}, {"maxAge": 1, "shares": 10000, "filerUrl": "", "transactionText": "", "filerName": "Chandler & Price India Pvt. Ltd.", "filerRelation": "Promoter", "moneyText": "", "startDate": "2020-06-11", "ownership": "D"}, {"maxAge": 1, "shares": 19388, "filerUrl": "", "transactionText": "", "filerName": "Chandler & Price India Pvt. Ltd.", "filerRelation": "Promoter", "moneyText": "", "startDate": "2020-06-10", "ownership": "D"}, {"maxAge": 1, "shares": 7573, "filerUrl": "", "transactionText": "", "filerName": "Chandler & Price India Pvt. Ltd.", "filerRelation": "Promoter", "moneyText": "", "startDate": "2020-06-05", "ownership": "D"}, {"maxAge": 1, "shares": 26000, "filerUrl": "", "transactionText": "", "filerName": "Chandler & Price India Pvt. Ltd.", "filerRelation": "Promoter", "moneyText": "", "startDate": "2020-06-04", "ownership": "D"}, {"maxAge": 1, "shares": 26885, "filerUrl": "", "transactionText": "", "filerName": "Chandler & Price India Pvt. Ltd.", "filerRelation": "Promoter", "moneyText": "", "startDate": "2020-06-02", "ownership": "D"}, {"maxAge": 1, "shares": 10500, "filerUrl": "", "transactionText": "", "filerName": "Chandler & Price India Pvt. Ltd.", "filerRelation": "Promoter", "moneyText": "", "startDate": "2020-05-27", "ownership": "D"}, {"maxAge": 1, "shares": 11000, "filerUrl": "", "transactionText": "", "filerName": "Chandler & Price India Pvt. Ltd.", "filerRelation": "Promoter", "moneyText": "", "startDate": "2020-05-22", "ownership": "D"}, {"maxAge": 1, "shares": 32156, "filerUrl": "", "transactionText": "", "filerName": "Patel Consultancy Services Pvt. Ltd.", "filerRelation": "Promoter", "moneyText": "", "startDate": "2020-03-24", "ownership": "D"}, {"maxAge": 1, "shares": 45344, "filerUrl": "", "transactionText": "", "filerName": "Patel Consultancy Services Pvt. Ltd.", "filerRelation": "Promoter", "moneyText": "", "startDate": "2020-03-23", "ownership": "D"}, {"maxAge": 1, "shares": 15100, "filerUrl": "", "transactionText": "", "filerName": "Chandler & Price India Pvt. Ltd.", "filerRelation": "Promoter", "moneyText": "", "startDate": "2020-03-23", "ownership": "D"}, {"maxAge": 1, "shares": 140000, "filerUrl": "", "transactionText": "", "filerName": "Patel (Aarav Krishna)", "filerRelation": "Promoter", "moneyText": "", "startDate": "2020-02-18", "ownership": "D"}, {"maxAge": 1, "shares": 7065867, "filerUrl": "", "transactionText": "", "filerName": "Patel (S J)", "filerRelation": "Promoter", "moneyText": "", "startDate": "2020-02-18", "ownership": "D"}, {"maxAge": 1, "shares": 3400, "filerUrl": "", "transactionText": "", "filerName": "Chandler & Price India Pvt. Ltd.", "filerRelation": "Promoter", "moneyText": "", "startDate": "2019-06-03", "ownership": "D"}, {"maxAge": 1, "shares": 3403, "filerUrl": "", "transactionText": "", "filerName": "Chandler & Price India Pvt. Ltd.", "filerRelation": "Promoter", "moneyText": "", "startDate": "2018-11-26", "ownership": "D"}, {"maxAge": 1, "shares": 2281, "filerUrl": "", "transactionText": "", "filerName": "Chandler & Price India Pvt. Ltd.", "filerRelation": "Promoter", "moneyText": "", "startDate": "2018-11-21", "ownership": "D"}, {"maxAge": 1, "shares": 4562, "filerUrl": "", "transactionText": "", "filerName": "Chandler & Price India Pvt. Ltd.", "filerRelation": "Promoter", "moneyText": "", "startDate": "2018-11-20", "ownership": "D"}, {"maxAge": 1, "shares": 1269, "filerUrl": "", "transactionText": "", "filerName": "Chandler & Price India Pvt. Ltd.", "filerRelation": "Promoter", "moneyText": "", "startDate": "2018-10-11", "ownership": "D"}, {"maxAge": 1, "shares": 2500, "filerUrl": "", "transactionText": "", "filerName": "Diwanji (Jai S.)", "filerRelation": "Director (Non-Executive)", "moneyText": "", "startDate": "2018-10-09", "ownership": "D"}, {"maxAge": 1, "shares": 2400, "filerUrl": "", "transactionText": "", "filerName": "Chandler & Price India Pvt. Ltd.", "filerRelation": "Promoter", "moneyText": "", "startDate": "2018-03-05", "ownership": "D"}, {"maxAge": 1, "shares": 457, "filerUrl": "", "transactionText": "", "filerName": "Chandler & Price India Pvt. Ltd.", "filerRelation": "Promoter", "moneyText": "", "startDate": "2017-12-18", "ownership": "D"}, {"maxAge": 1, "shares": 15552598, "filerUrl": "", "transactionText": "", "filerName": "Chandler & Price India Pvt. Ltd.", "filerRelation": "Promoter", "moneyText": "", "startDate": "2017-12-15", "ownership": "D"}, {"maxAge": 1, "shares": 3500, "filerUrl": "", "transactionText": "", "filerName": "Parpia (Manu Mahmud)", "filerRelation": "UNREPORTED", "moneyText": "", "startDate": "2017-06-01", "ownership": "D"}, {"maxAge": 1, "shares": 3500, "filerUrl": "", "transactionText": "", "filerName": "Parpia (Manu Mahmud)", "filerRelation": "UNREPORTED", "moneyText": "", "startDate": "2017-06-01", "ownership": "D"}, {"maxAge": 1, "shares": 560, "filerUrl": "", "transactionText": "", "filerName": "Chandler & Price India Pvt. Ltd.", "filerRelation": "Promoter", "moneyText": "", "startDate": "2017-04-21", "ownership": "D"}, {"maxAge": 1, "shares": 500, "filerUrl": "", "transactionText": "", "filerName": "Chandler & Price India Pvt. Ltd.", "filerRelation": "Promoter", "moneyText": "", "startDate": "2017-04-19", "ownership": "D"}, {"maxAge": 1, "shares": 500, "filerUrl": "", "transactionText": "", "filerName": "Chandler & Price India Pvt. Ltd.", "filerRelation": "Promoter", "moneyText": "", "startDate": "2017-04-17", "ownership": "D"}, {"maxAge": 1, "shares": 144400, "filerUrl": "", "transactionText": "", "filerName": "Engineering Global Pte Ltd", "filerRelation": "Promoter", "moneyText": "", "startDate": "2015-07-22", "ownership": "D"}, {"maxAge": 1, "shares": 250000, "filerUrl": "", "transactionText": "", "filerName": "Engineering Global Pte Ltd", "filerRelation": "Promoter", "moneyText": "", "startDate": "2014-12-22", "ownership": "D"}, {"maxAge": 1, "shares": 250000, "filerUrl": "", "transactionText": "", "filerName": "Engineering Global Pte Ltd", "filerRelation": "Promoter", "moneyText": "", "startDate": "2014-09-23", "ownership": "D"}, {"maxAge": 1, "shares": 250000, "filerUrl": "", "transactionText": "", "filerName": "Engineering Imports & Exports Pvt. Ltd.", "filerRelation": "Institution- Corporation", "moneyText": "", "startDate": "2014-03-29", "ownership": "D"}, {"maxAge": 1, "shares": 30104, "filerUrl": "", "transactionText": "", "filerName": "Patel (S J)", "filerRelation": "Executive Chairman", "moneyText": "", "startDate": "2012-08-15", "ownership": "D"}], "maxAge": 1}, "sectorTrend": {"maxAge": 1, "symbol": null, "estimates": []}, "incomeStatementHistoryQuarterly": {"incomeStatementHistory": [{"maxAge": 1, "endDate": "2020-12-31", "totalRevenue": 1007115000, "costOfRevenue": 62328000, "grossProfit": 944787000, "researchDevelopment": {}, "sellingGeneralAdministrative": 39164000, "nonRecurring": {}, "otherOperatingExpenses": 194759000, "totalOperatingExpenses": 359946000, "operatingIncome": 647169000, "totalOtherIncomeExpenseNet": -18332000, "ebit": 647169000, "interestExpense": -18342000, "incomeBeforeTax": 628837000, "incomeTaxExpense": 139488000, "minorityInterest": {}, "netIncomeFromContinuingOps": 489349000, "discontinuedOperations": {}, "extraordinaryItems": {}, "effectOfAccountingCharges": {}, "otherItems": {}, "netIncome": 489349000, "netIncomeApplicableToCommonShares": 489349000}, {"maxAge": 1, "endDate": "2020-09-30", "totalRevenue": 780614000, "costOfRevenue": 29161000, "grossProfit": 751453000, "researchDevelopment": {}, "sellingGeneralAdministrative": 38166000, "nonRecurring": {}, "otherOperatingExpenses": 218832000, "totalOperatingExpenses": 352182000, "operatingIncome": 428432000, "totalOtherIncomeExpenseNet": -22007000, "ebit": 428432000, "interestExpense": -22007000, "incomeBeforeTax": 406425000, "incomeTaxExpense": 81735000, "minorityInterest": {}, "netIncomeFromContinuingOps": 324690000, "discontinuedOperations": {}, "extraordinaryItems": {}, "effectOfAccountingCharges": {}, "otherItems": {}, "netIncome": 324690000, "netIncomeApplicableToCommonShares": 324690000}, {"maxAge": 1, "endDate": "2020-06-30", "totalRevenue": 913859000, "costOfRevenue": 15741000, "grossProfit": 898118000, "researchDevelopment": {}, "sellingGeneralAdministrative": 42250000, "nonRecurring": {}, "otherOperatingExpenses": 138653000, "totalOperatingExpenses": 262026000, "operatingIncome": 651833000, "totalOtherIncomeExpenseNet": -14275000, "ebit": 651833000, "interestExpense": -14275000, "incomeBeforeTax": 637558000, "incomeTaxExpense": 124271000, "minorityInterest": {}, "netIncomeFromContinuingOps": 513287000, "discontinuedOperations": {}, "extraordinaryItems": {}, "effectOfAccountingCharges": {}, "otherItems": {}, "netIncome": 513287000, "netIncomeApplicableToCommonShares": 513287000}, {"maxAge": 1, "endDate": "2020-03-31", "totalRevenue": 1311238000, "costOfRevenue": 163800000, "grossProfit": 1147438000, "researchDevelopment": {}, "sellingGeneralAdministrative": 91349000, "nonRecurring": {}, "otherOperatingExpenses": 209141000, "totalOperatingExpenses": 512984000, "operatingIncome": 798254000, "totalOtherIncomeExpenseNet": -17683000, "ebit": 798254000, "interestExpense": -17107000, "incomeBeforeTax": 780571000, "incomeTaxExpense": 251385000, "minorityInterest": {}, "netIncomeFromContinuingOps": 529186000, "discontinuedOperations": {}, "extraordinaryItems": {}, "effectOfAccountingCharges": {}, "otherItems": {}, "netIncome": 529186000, "netIncomeApplicableToCommonShares": 529186000}], "maxAge": 86400}, "cashflowStatementHistoryQuarterly": {"cashflowStatements": [{"maxAge": 1, "endDate": "2020-12-31", "netIncome": 489349000, "changeToLiabilities": 0}, {"maxAge": 1, "endDate": "2020-09-30", "netIncome": 324690000, "changeToLiabilities": 0}, {"maxAge": 1, "endDate": "2020-06-30", "netIncome": 513287000, "changeToLiabilities": 0}, {"maxAge": 1, "endDate": "2020-03-31", "netIncome": 529186000, "changeToLiabilities": 0}], "maxAge": 86400}, "earnings": {"maxAge": 86400, "earningsChart": {"quarterly": [{"date": "1Q2017", "actual": 4.89, "estimate": 7.19}, {"date": "2Q2017", "actual": 5.92, "estimate": 5.6}, {"date": "3Q2017", "actual": 6.87, "estimate": 7.08}, {"date": "4Q2017", "actual": 6.22, "estimate": 7.7}], "currentQuarterEstimateDate": "1Q", "currentQuarterEstimateYear": 2018, "earningsDate": []}, "financialsChart": {"yearly": [{"date": 2017, "revenue": 3543534000, "earnings": 1699493000}, {"date": 2018, "revenue": 3556528000, "earnings": 1787179000}, {"date": 2019, "revenue": 3918317000, "earnings": 1804281000}, {"date": 2020, "revenue": 4741102000, "earnings": 2338901000}], "quarterly": [{"date": "1Q2020", "revenue": 1311238000, "earnings": 529186000}, {"date": "2Q2020", "revenue": 913859000, "earnings": 513287000}, {"date": "3Q2020", "revenue": 780614000, "earnings": 324690000}, {"date": "4Q2020", "revenue": 1007115000, "earnings": 489349000}]}, "financialCurrency": "INR"}, "financialData": {"maxAge": 86400, "currentPrice": 497.6, "targetHighPrice": 794.0, "targetLowPrice": 606.0, "targetMeanPrice": 700.0, "targetMedianPrice": 700.0, "recommendationMean": 1.5, "recommendationKey": "strong_buy", "numberOfAnalystOpinions": 2, "totalCash": 94451000, "totalCashPerShare": 1.341, "ebitda": 2829296128, "totalDebt": 0, "totalRevenue": 4012826880, "revenuePerShare": 56.963, "grossProfits": 4425017000, "earningsGrowth": -0.292, "revenueGrowth": -0.218, "grossMargins": 0.93245006, "ebitdaMargins": 0.70505995, "operatingMargins": 0.6294, "profitMargins": 0.46264, "financialCurrency": "INR"}}}