{"NESCO.BO": {"recommendationTrend": {"trend": [{"period": "0m", "strongBuy": 0, "buy": 0, "hold": 0, "sell": 0, "strongSell": 0}, {"period": "-1m", "strongBuy": 0, "buy": 0, "hold": 0, "sell": 0, "strongSell": 0}, {"period": "-2m", "strongBuy": 0, "buy": 0, "hold": 0, "sell": 0, "strongSell": 0}, {"period": "-3m", "strongBuy": 0, "buy": 0, "hold": 0, "sell": 0, "strongSell": 0}], "maxAge": 86400}, "cashflowStatementHistory": {"cashflowStatements": [{"maxAge": 1, "endDate": "2020-03-31", "netIncome": 2338901000, "depreciation": 224377000, "changeToNetincome": -372099000, "changeToAccountReceivables": -7322000, "changeToLiabilities": 40103000, "changeToInventory": 4123000, "changeToOperatingActivities": -136147000, "totalCashFromOperatingActivities": 2091936000, "capitalExpenditures": -569747000, "investments": -1070677000, "otherCashflowsFromInvestingActivities": 62176000, "totalCashflowsFromInvestingActivities": -1578248000, "dividendsPaid": -387533000, "otherCashflowsFromFinancingActivities": -81613000, "totalCashFromFinancingActivities": -469146000, "changeInCash": 44443000}, {"maxAge": 1, "endDate": "2019-03-31", "netIncome": 1804281000, "depreciation": 118738000, "changeToNetincome": -332476000, "changeToAccountReceivables": -66788000, "changeToLiabilities": 22033000, "changeToInventory": 33821000, "changeToOperatingActivities": 128694000, "totalCashFromOperatingActivities": 1708303000, "capitalExpenditures": -1499104000, "investments": -60968000, "otherCashflowsFromInvestingActivities": 12479000, "totalCashflowsFromInvestingActivities": -1547593000, "dividendsPaid": -162060000, "otherCashflowsFromFinancingActivities": -36002000, "totalCashFromFinancingActivities": -198062000, "changeInCash": -37253000}, {"maxAge": 1, "endDate": "2018-03-31", "netIncome": 1787179000, "depreciation": 110273000, "changeToNetincome": -300377000, "changeToAccountReceivables": -33967000, "changeToLiabilities": -26839000, "changeToInventory": 9809000, "changeToOperatingActivities": -83825000, "totalCashFromOperatingActivities": 1462253000, "capitalExpenditures": -1373114000, "investments": 123636000, "otherCashflowsFromInvestingActivities": 21313000, "totalCashflowsFromInvestingActivities": -1228165000, "dividendsPaid": -155012000, "otherCashflowsFromFinancingActivities": -36094000, "totalCashFromFinancingActivities": -191106000, "changeInCash": 42982000}, {"maxAge": 1, "endDate": "2017-03-31", "netIncome": 1699493000, "depreciation": 81297000, "changeToNetincome": -350743000, "changeToAccountReceivables": 19378000, "changeToLiabilities": 136168000, "changeToInventory": -23585000, "changeToOperatingActivities": -35719000, "totalCashFromOperatingActivities": 1526289000, "capitalExpenditures": -1551856000, "investments": -7449000, "otherCashflowsFromInvestingActivities": 29667000, "totalCashflowsFromInvestingActivities": -1529638000, "dividendsPaid": -155012000, "otherCashflowsFromFinancingActivities": -993000, "totalCashFromFinancingActivities": -993000, "changeInCash": -4343000}], "maxAge": 86400}, "institutionOwnership": {"ownershipList": [], "maxAge": 1}, "balanceSheetHistoryQuarterly": {"balanceSheetStatements": [{"maxAge": 1, "endDate": "2020-06-30", "totalStockholderEquity": 13574779000, "netTangibleAssets": 13545574000}, {"maxAge": 1, "endDate": "2020-03-31", "cash": 95570000, "netReceivables": 438304000, "inventory": 86179000, "otherCurrentAssets": 88369000, "totalCurrentAssets": 1099320000, "longTermInvestments": 6190033000, "propertyPlantEquipment": 7749057000, "intangibleAssets": 29205000, "otherAssets": 1029674000, "totalAssets": 16097289000, "accountsPayable": 146037000, "otherCurrentLiab": 826700000, "otherLiab": 1513345000, "totalCurrentLiabilities": 1009165000, "totalLiab": 2522510000, "commonStock": 140920000, "retainedEarnings": 13432015000, "treasuryStock": 1844000, "otherStockholderEquity": 1844000, "totalStockholderEquity": 13574779000, "netTangibleAssets": 13545574000}, {"maxAge": 1, "endDate": "2019-12-31", "totalStockholderEquity": 12611166000, "netTangibleAssets": 12582642000}, {"maxAge": 1, "endDate": "2019-09-30", "cash": 130562000, "netReceivables": 274123000, "inventory": 54274000, "otherCurrentAssets": 165580000, "totalCurrentAssets": 624539000, "longTermInvestments": 5900813000, "propertyPlantEquipment": 992499000, "intangibleAssets": 28524000, "otherAssets": 7045698000, "totalAssets": 14592073000, "accountsPayable": 262924000, "otherCurrentLiab": 730709000, "otherLiab": 987274000, "totalCurrentLiabilities": 993633000, "totalLiab": 1980907000, "commonStock": 140920000, "treasuryStock": 12470246000, "otherStockholderEquity": 12470246000, "totalStockholderEquity": 12611166000, "netTangibleAssets": 12582642000}], "maxAge": 86400}, "earningsHistory": {"history": [{"maxAge": 1, "epsActual": 6.87, "epsEstimate": 7.08, "epsDifference": -0.21, "surprisePercent": -0.03, "quarter": "2017-09-30", "period": "-4q"}, {"maxAge": 1, "epsActual": 6.22, "epsEstimate": 7.7, "epsDifference": -1.48, "surprisePercent": -0.192, "quarter": "2017-12-31", "period": "-3q"}, {"maxAge": 1, "epsActual": 5.15, "epsEstimate": 5.54, "epsDifference": -0.39, "surprisePercent": -0.07, "quarter": "2018-06-30", "period": "-2q"}, {"maxAge": 1, "epsActual": 7.0, "epsEstimate": 6.91, "epsDifference": 0.09, "surprisePercent": 0.012999999, "quarter": "2018-09-30", "period": "-1q"}], "maxAge": 86400}, "indexTrend": {"maxAge": 1, "symbol": "SP5", "peRatio": 19.7411, "pegRatio": 1.34172, "estimates": [{"period": "0q", "growth": 0.549}, {"period": "+1q", "growth": 0.431}, {"period": "0y", "growth": 0.305}, {"period": "+1y", "growth": 0.109}, {"period": "+5y", "growth": 0.120865}, {"period": "-5y"}]}, "industryTrend": {"maxAge": 1, "symbol": null, "estimates": []}, "insiderTransactions": {"transactions": [{"maxAge": 1, "shares": 9500, "filerUrl": "", "transactionText": "", "filerName": "Patel Consultancy Services Pvt. Ltd.", "filerRelation": "Promoter", "moneyText": "", "startDate": "2020-06-18", "ownership": "D"}, {"maxAge": 1, "shares": 5000, "filerUrl": "", "transactionText": "", "filerName": "Patel Consultancy Services Pvt. Ltd.", "filerRelation": "Promoter", "moneyText": "", "startDate": "2020-06-17", "ownership": "D"}, {"maxAge": 1, "shares": 12500, "filerUrl": "", "transactionText": "", "filerName": "Patel Consultancy Services Pvt. Ltd.", "filerRelation": "Promoter", "moneyText": "", "startDate": "2020-06-15", "ownership": "D"}, {"maxAge": 1, "shares": 10000, "filerUrl": "", "transactionText": "", "filerName": "Chandler & Price India Pvt. Ltd.", "filerRelation": "Promoter", "moneyText": "", "startDate": "2020-06-12", "ownership": "D"}, {"maxAge": 1, "shares": 10000, "filerUrl": "", "transactionText": "", "filerName": "Chandler & Price India Pvt. Ltd.", "filerRelation": "Promoter", "moneyText": "", "startDate": "2020-06-11", "ownership": "D"}, {"maxAge": 1, "shares": 19388, "filerUrl": "", "transactionText": "", "filerName": "Chandler & Price India Pvt. Ltd.", "filerRelation": "Promoter", "moneyText": "", "startDate": "2020-06-10", "ownership": "D"}, {"maxAge": 1, "shares": 7573, "filerUrl": "", "transactionText": "", "filerName": "Chandler & Price India Pvt. Ltd.", "filerRelation": "Promoter", "moneyText": "", "startDate": "2020-06-05", "ownership": "D"}, {"maxAge": 1, "shares": 26000, "filerUrl": "", "transactionText": "", "filerName": "Chandler & Price India Pvt. Ltd.", "filerRelation": "Promoter", "moneyText": "", "startDate": "2020-06-04", "ownership": "D"}, {"maxAge": 1, "shares": 26885, "filerUrl": "", "transactionText": "", "filerName": "Chandler & Price India Pvt. Ltd.", "filerRelation": "Promoter", "moneyText": "", "startDate": "2020-06-02", "ownership": "D"}, {"maxAge": 1, "shares": 10500, "filerUrl": "", "transactionText": "", "filerName": "Chandler & Price India Pvt. Ltd.", "filerRelation": "Promoter", "moneyText": "", "startDate": "2020-05-27", "ownership": "D"}, {"maxAge": 1, "shares": 11000, "filerUrl": "", "transactionText": "", "filerName": "Chandler & Price India Pvt. Ltd.", "filerRelation": "Promoter", "moneyText": "", "startDate": "2020-05-22", "ownership": "D"}, {"maxAge": 1, "shares": 32156, "filerUrl": "", "transactionText": "", "filerName": "Patel Consultancy Services Pvt. Ltd.", "filerRelation": "Promoter", "moneyText": "", "startDate": "2020-03-24", "ownership": "D"}, {"maxAge": 1, "shares": 45344, "filerUrl": "", "transactionText": "", "filerName": "Patel Consultancy Services Pvt. Ltd.", "filerRelation": "Promoter", "moneyText": "", "startDate": "2020-03-23", "ownership": "D"}, {"maxAge": 1, "shares": 15100, "filerUrl": "", "transactionText": "", "filerName": "Chandler & Price India Pvt. Ltd.", "filerRelation": "Promoter", "moneyText": "", "startDate": "2020-03-23", "ownership": "D"}, {"maxAge": 1, "shares": 7065867, "filerUrl": "", "transactionText": "", "filerName": "Patel (S J)", "filerRelation": "Promoter", "moneyText": "", "startDate": "2020-02-18", "ownership": "D"}, {"maxAge": 1, "shares": 140000, "filerUrl": "", "transactionText": "", "filerName": "Patel (Aarav Krishna)", "filerRelation": "Promoter", "moneyText": "", "startDate": "2020-02-18", "ownership": "D"}, {"maxAge": 1, "shares": 3400, "filerUrl": "", "transactionText": "", "filerName": "Chandler & Price India Pvt. Ltd.", "filerRelation": "Promoter", "moneyText": "", "startDate": "2019-06-03", "ownership": "D"}, {"maxAge": 1, "shares": 3403, "filerUrl": "", "transactionText": "", "filerName": "Chandler & Price India Pvt. Ltd.", "filerRelation": "Promoter", "moneyText": "", "startDate": "2018-11-26", "ownership": "D"}, {"maxAge": 1, "shares": 2281, "filerUrl": "", "transactionText": "", "filerName": "Chandler & Price India Pvt. Ltd.", "filerRelation": "Promoter", "moneyText": "", "startDate": "2018-11-21", "ownership": "D"}, {"maxAge": 1, "shares": 4562, "filerUrl": "", "transactionText": "", "filerName": "Chandler & Price India Pvt. Ltd.", "filerRelation": "Promoter", "moneyText": "", "startDate": "2018-11-20", "ownership": "D"}, {"maxAge": 1, "shares": 1269, "filerUrl": "", "transactionText": "", "filerName": "Chandler & Price India Pvt. Ltd.", "filerRelation": "Promoter", "moneyText": "", "startDate": "2018-10-11", "ownership": "D"}, {"maxAge": 1, "shares": 2500, "filerUrl": "", "transactionText": "", "filerName": "Diwanji (Jai S.)", "filerRelation": "Director (Non-Executive)", "moneyText": "", "startDate": "2018-10-09", "ownership": "D"}, {"maxAge": 1, "shares": 2400, "filerUrl": "", "transactionText": "", "filerName": "Chandler & Price India Pvt. Ltd.", "filerRelation": "Promoter", "moneyText": "", "startDate": "2018-03-05", "ownership": "D"}, {"maxAge": 1, "shares": 457, "filerUrl": "", "transactionText": "", "filerName": "Chandler & Price India Pvt. Ltd.", "filerRelation": "Promoter", "moneyText": "", "startDate": "2017-12-18", "ownership": "D"}, {"maxAge": 1, "shares": 15552598, "filerUrl": "", "transactionText": "", "filerName": "Chandler & Price India Pvt. Ltd.", "filerRelation": "Promoter", "moneyText": "", "startDate": "2017-12-15", "ownership": "D"}, {"maxAge": 1, "shares": 3500, "filerUrl": "", "transactionText": "", "filerName": "Parpia (Manu Mahmud)", "filerRelation": "UNREPORTED", "moneyText": "", "startDate": "2017-06-01", "ownership": "D"}, {"maxAge": 1, "shares": 3500, "filerUrl": "", "transactionText": "", "filerName": "Parpia (Manu Mahmud)", "filerRelation": "UNREPORTED", "moneyText": "", "startDate": "2017-06-01", "ownership": "D"}, {"maxAge": 1, "shares": 560, "filerUrl": "", "transactionText": "", "filerName": "Chandler & Price India Pvt. Ltd.", "filerRelation": "Promoter", "moneyText": "", "startDate": "2017-04-21", "ownership": "D"}, {"maxAge": 1, "shares": 500, "filerUrl": "", "transactionText": "", "filerName": "Chandler & Price India Pvt. Ltd.", "filerRelation": "Promoter", "moneyText": "", "startDate": "2017-04-19", "ownership": "D"}, {"maxAge": 1, "shares": 500, "filerUrl": "", "transactionText": "", "filerName": "Chandler & Price India Pvt. Ltd.", "filerRelation": "Promoter", "moneyText": "", "startDate": "2017-04-17", "ownership": "D"}, {"maxAge": 1, "shares": 144400, "filerUrl": "", "transactionText": "", "filerName": "Engineering Global Pte Ltd", "filerRelation": "Promoter", "moneyText": "", "startDate": "2015-07-22", "ownership": "D"}, {"maxAge": 1, "shares": 250000, "filerUrl": "", "transactionText": "", "filerName": "Engineering Global Pte Ltd", "filerRelation": "Promoter", "moneyText": "", "startDate": "2014-12-22", "ownership": "D"}, {"maxAge": 1, "shares": 250000, "filerUrl": "", "transactionText": "", "filerName": "Engineering Global Pte Ltd", "filerRelation": "Promoter", "moneyText": "", "startDate": "2014-09-23", "ownership": "D"}, {"maxAge": 1, "shares": 250000, "filerUrl": "", "transactionText": "", "filerName": "Engineering Imports & Exports Pvt. Ltd.", "filerRelation": "Institution- Corporation", "moneyText": "", "startDate": "2014-03-29", "ownership": "D"}, {"maxAge": 1, "shares": 30104, "filerUrl": "", "transactionText": "", "filerName": "Patel (S J)", "filerRelation": "Executive Chairman", "moneyText": "", "startDate": "2012-08-15", "ownership": "D"}], "maxAge": 1}, "quoteType": {"exchange": "BSE", "quoteType": "EQUITY", "symbol": "NESCO.BO", "underlyingSymbol": "NESCO.BO", "shortName": "NESCO LTD.", "longName": "Nesco Limited", "firstTradeDateEpochUtc": "2000-02-01 09:15:00", "timeZoneFullName": "Asia/Kolkata", "timeZoneShortName": "IST", "uuid": "db9b15dc-98b5-3890-8c35-f4baca37a26d", "gmtOffSetMilliseconds": 19800000, "maxAge": 1}, "incomeStatementHistory": {"incomeStatementHistory": [{"maxAge": 1, "endDate": "2020-03-31", "totalRevenue": 4741102000, "costOfRevenue": 316085000, "grossProfit": 4425017000, "researchDevelopment": {}, "sellingGeneralAdministrative": 239824000, "nonRecurring": {}, "otherOperatingExpenses": 979102000, "totalOperatingExpenses": 1759388000, "operatingIncome": 2981714000, "totalOtherIncomeExpenseNet": -58861000, "ebit": 2981714000, "interestExpense": -58285000, "incomeBeforeTax": 2922853000, "incomeTaxExpense": 583952000, "minorityInterest": {}, "netIncomeFromContinuingOps": 2338901000, "discontinuedOperations": {}, "extraordinaryItems": {}, "effectOfAccountingCharges": {}, "otherItems": {}, "netIncome": 2338901000, "netIncomeApplicableToCommonShares": 2338901000}, {"maxAge": 1, "endDate": "2019-03-31", "totalRevenue": 3918317000, "costOfRevenue": 312151000, "grossProfit": 3606166000, "researchDevelopment": {}, "sellingGeneralAdministrative": 219175000, "nonRecurring": {}, "otherOperatingExpenses": 718052000, "totalOperatingExpenses": 1368116000, "operatingIncome": 2550201000, "totalOtherIncomeExpenseNet": -71256000, "ebit": 2550201000, "interestExpense": -44450000, "incomeBeforeTax": 2478945000, "incomeTaxExpense": 674664000, "minorityInterest": {}, "netIncomeFromContinuingOps": 1804281000, "discontinuedOperations": {}, "extraordinaryItems": {}, "effectOfAccountingCharges": {}, "otherItems": {}, "netIncome": 1804281000, "netIncomeApplicableToCommonShares": 1804281000}, {"maxAge": 1, "endDate": "2018-03-31", "totalRevenue": 3556528000, "costOfRevenue": 256083000, "grossProfit": 3300445000, "researchDevelopment": {}, "sellingGeneralAdministrative": 191556000, "nonRecurring": {}, "otherOperatingExpenses": 578187000, "totalOperatingExpenses": 1136099000, "operatingIncome": 2420429000, "totalOtherIncomeExpenseNet": -41094000, "ebit": 2420429000, "interestExpense": -51436000, "incomeBeforeTax": 2379335000, "incomeTaxExpense": 592148000, "minorityInterest": 11000, "netIncomeFromContinuingOps": 1787187000, "discontinuedOperations": {}, "extraordinaryItems": {}, "effectOfAccountingCharges": {}, "otherItems": {}, "netIncome": 1787179000, "netIncomeApplicableToCommonShares": 1787179000}, {"maxAge": 1, "endDate": "2017-03-31", "totalRevenue": 3543534000, "costOfRevenue": 310472000, "grossProfit": 3233062000, "researchDevelopment": {}, "sellingGeneralAdministrative": 169604000, "nonRecurring": {}, "otherOperatingExpenses": 487508000, "totalOperatingExpenses": 1048881000, "operatingIncome": 2494653000, "totalOtherIncomeExpenseNet": -50271000, "ebit": 2494653000, "interestExpense": -49491000, "incomeBeforeTax": 2444382000, "incomeTaxExpense": 744887000, "minorityInterest": 3000, "netIncomeFromContinuingOps": 1699495000, "discontinuedOperations": {}, "extraordinaryItems": {}, "effectOfAccountingCharges": {}, "otherItems": {}, "netIncome": 1699493000, "netIncomeApplicableToCommonShares": 1699493000}], "maxAge": 86400}, "fundOwnership": {"ownershipList": [], "maxAge": 1}, "summaryDetail": {"maxAge": 1, "priceHint": 2, "previousClose": 505.85, "open": 503.55, "dayLow": 493.3, "dayHigh": 506.0, "regularMarketPreviousClose": 505.85, "regularMarketOpen": 503.55, "regularMarketDayLow": 493.3, "regularMarketDayHigh": 506.0, "trailingPE": 14.178636, "forwardPE": 3.8619778, "volume": 5505, "regularMarketVolume": 5505, "averageVolume": 9962, "averageVolume10days": 7002, "averageDailyVolume10Day": 7002, "bid": 492.7, "ask": 501.0, "bidSize": 0, "askSize": 0, "marketCap": 35053850624, "fiftyTwoWeekLow": 381.1, "fiftyTwoWeekHigh": 816.9, "fiftyDayAverage": 564.96063, "twoHundredDayAverage": 530.74115, "trailingAnnualDividendRate": 3.0, "trailingAnnualDividendYield": 0.005930612, "currency": "INR", "fromCurrency": null, "lastMarket": null, "algorithm": null, "tradeable": false}, "sectorTrend": {"maxAge": 1, "symbol": null, "estimates": []}, "incomeStatementHistoryQuarterly": {"incomeStatementHistory": [{"maxAge": 1, "endDate": "2020-06-30", "totalRevenue": 913859000, "costOfRevenue": 15741000, "grossProfit": 898118000, "researchDevelopment": {}, "sellingGeneralAdministrative": 42250000, "nonRecurring": {}, "otherOperatingExpenses": 138653000, "totalOperatingExpenses": 262026000, "operatingIncome": 651833000, "totalOtherIncomeExpenseNet": -14275000, "ebit": 651833000, "interestExpense": -14275000, "incomeBeforeTax": 637558000, "incomeTaxExpense": 124271000, "minorityInterest": {}, "netIncomeFromContinuingOps": 513287000, "discontinuedOperations": {}, "extraordinaryItems": {}, "effectOfAccountingCharges": {}, "otherItems": {}, "netIncome": 513287000, "netIncomeApplicableToCommonShares": 513287000}, {"maxAge": 1, "endDate": "2020-03-31", "totalRevenue": 1311238000, "costOfRevenue": 163800000, "grossProfit": 1147438000, "researchDevelopment": {}, "sellingGeneralAdministrative": 91349000, "nonRecurring": {}, "otherOperatingExpenses": 209141000, "totalOperatingExpenses": 512984000, "operatingIncome": 798254000, "totalOtherIncomeExpenseNet": -17683000, "ebit": 798254000, "interestExpense": -17107000, "incomeBeforeTax": 780571000, "incomeTaxExpense": 251385000, "minorityInterest": {}, "netIncomeFromContinuingOps": 529186000, "discontinuedOperations": {}, "extraordinaryItems": {}, "effectOfAccountingCharges": {}, "otherItems": {}, "netIncome": 529186000, "netIncomeApplicableToCommonShares": 529186000}, {"maxAge": 1, "endDate": "2019-12-31", "totalRevenue": 1287467000, "costOfRevenue": 34977000, "grossProfit": 1252490000, "researchDevelopment": {}, "sellingGeneralAdministrative": 53798000, "nonRecurring": {}, "otherOperatingExpenses": 289314000, "totalOperatingExpenses": 448246000, "operatingIncome": 839221000, "totalOtherIncomeExpenseNet": -16517000, "ebit": 839221000, "interestExpense": -16518000, "incomeBeforeTax": 822704000, "incomeTaxExpense": 131526000, "minorityInterest": {}, "netIncomeFromContinuingOps": 691178000, "discontinuedOperations": {}, "extraordinaryItems": {}, "effectOfAccountingCharges": {}, "otherItems": {}, "netIncome": 691178000, "netIncomeApplicableToCommonShares": 691178000}, {"maxAge": 1, "endDate": "2019-09-30", "totalRevenue": 1346390000, "costOfRevenue": 64209000, "grossProfit": 1282181000, "researchDevelopment": {}, "sellingGeneralAdministrative": 49157000, "nonRecurring": {}, "otherOperatingExpenses": 283881000, "totalOperatingExpenses": 471915000, "operatingIncome": 874475000, "totalOtherIncomeExpenseNet": -13785000, "ebit": 874475000, "interestExpense": -13785000, "incomeBeforeTax": 860690000, "incomeTaxExpense": 121150000, "minorityInterest": {}, "netIncomeFromContinuingOps": 739540000, "discontinuedOperations": {}, "extraordinaryItems": {}, "effectOfAccountingCharges": {}, "otherItems": {}, "netIncome": 739540000, "netIncomeApplicableToCommonShares": 739540000}], "maxAge": 86400}, "cashflowStatementHistoryQuarterly": {"cashflowStatements": [{"maxAge": 1, "endDate": "2020-06-30", "netIncome": 513287000, "changeToLiabilities": 0}, {"maxAge": 1, "endDate": "2020-03-31", "netIncome": 529186000, "changeToLiabilities": 0}, {"maxAge": 1, "endDate": "2019-12-31", "netIncome": 691178000, "changeToLiabilities": 0}, {"maxAge": 1, "endDate": "2019-09-30", "netIncome": 739540000, "changeToLiabilities": 0}], "maxAge": 86400}, "insiderHolders": {"holders": [{"maxAge": 1, "name": "Chandler & Price India Pvt. Ltd.", "relation": "Promoter", "url": "", "transactionDescription": "Acquisition", "latestTransDate": "2020-06-12", "positionDirect": 19582888, "positionDirectDate": "2020-06-12"}, {"maxAge": 1, "name": "Diwanji (Jai S.)", "relation": "Director (Non-Executive)", "url": "", "transactionDescription": "Acquisition", "latestTransDate": "2018-10-09", "positionDirect": 2500, "positionDirectDate": "2018-10-09"}, {"maxAge": 1, "name": "Engineering Global Pte Ltd", "relation": "Promoter", "url": "", "transactionDescription": "Other", "latestTransDate": "2015-07-22", "positionDirect": 894400, "positionDirectDate": "2015-07-22"}, {"maxAge": 1, "name": "Engineering Imports & Exports Pvt. Ltd.", "relation": "Institution- Corporation", "url": "", "transactionDescription": "Acquisition", "latestTransDate": "2014-03-29", "positionDirect": 1144400, "positionDirectDate": "2014-03-29"}, {"maxAge": 1, "name": "Parpia (Manu Mahmud)", "relation": "UNREPORTED", "url": "", "transactionDescription": "Acquisition", "latestTransDate": "2017-06-01", "positionDirect": 4000, "positionDirectDate": "2017-06-01"}, {"maxAge": 1, "name": "Patel (Aarav Krishna)", "relation": "Promoter", "url": "", "transactionDescription": "Other", "latestTransDate": "2020-02-18", "positionDirect": 140000, "positionDirectDate": "2020-02-18"}, {"maxAge": 1, "name": "Patel (S J)", "relation": "Promoter", "url": "", "transactionDescription": "Other", "latestTransDate": "2020-02-18", "positionDirect": 8867335, "positionDirectDate": "2020-02-18"}, {"maxAge": 1, "name": "Patel Consultancy Services Pvt. Ltd.", "relation": "Promoter", "url": "", "transactionDescription": "Acquisition", "latestTransDate": "2020-06-18", "positionDirect": 5362500, "positionDirectDate": "2020-06-18"}], "maxAge": 1}, "earnings": {"maxAge": 86400, "earningsChart": {"quarterly": [{"date": "3Q2017", "actual": 6.87, "estimate": 7.08}, {"date": "4Q2017", "actual": 6.22, "estimate": 7.7}, {"date": "2Q2018", "actual": 5.15, "estimate": 5.54}, {"date": "3Q2018", "actual": 7.0, "estimate": 6.91}], "currentQuarterEstimateDate": "4Q", "currentQuarterEstimateYear": 2018, "earningsDate": ["2020-05-19 05:30:S"]}, "financialsChart": {"yearly": [{"date": 2017, "revenue": 3543534000, "earnings": 1699493000}, {"date": 2018, "revenue": 3556528000, "earnings": 1787179000}, {"date": 2019, "revenue": 3918317000, "earnings": 1804281000}, {"date": 2020, "revenue": 4741102000, "earnings": 2338901000}], "quarterly": [{"date": "3Q2019", "revenue": 1346390000, "earnings": 739540000}, {"date": "4Q2019", "revenue": 1287467000, "earnings": 691178000}, {"date": "1Q2020", "revenue": 1311238000, "earnings": 529186000}, {"date": "2Q2020", "revenue": 913859000, "earnings": 513287000}]}, "financialCurrency": "INR"}, "calendarEvents": {"maxAge": 1, "earnings": {"earningsDate": ["2020-05-19 05:30:S"], "revenueAverage": 821000000, "revenueLow": 821000000, "revenueHigh": 821000000}}, "upgradeDowngradeHistory": {"history": [], "maxAge": 86400}, "price": {"maxAge": 1, "regularMarketChangePercent": -0.016506882, "regularMarketChange": -8.350006, "regularMarketTime": "2021-04-30 15:28:41", "priceHint": 2, "regularMarketPrice": 497.5, "regularMarketDayHigh": 506.0, "regularMarketDayLow": 493.3, "regularMarketVolume": 5505, "averageDailyVolume10Day": 7002, "averageDailyVolume3Month": 9962, "regularMarketPreviousClose": 505.85, "regularMarketSource": "FREE_REALTIME", "regularMarketOpen": 503.55, "exchange": "BSE", "exchangeName": "BSE", "exchangeDataDelayedBy": 0, "marketState": "CLOSED", "quoteType": "EQUITY", "symbol": "NESCO.BO", "underlyingSymbol": null, "shortName": "NESCO LTD.", "longName": "Nesco Limited", "currency": "INR", "quoteSourceName": "Delayed Quote", "currencySymbol": "\u20b9", "fromCurrency": null, "lastMarket": null, "marketCap": 35053850624}, "balanceSheetHistory": {"balanceSheetStatements": [{"maxAge": 1, "endDate": "2020-03-31", "cash": 95570000, "netReceivables": 438304000, "inventory": 86179000, "otherCurrentAssets": 88369000, "totalCurrentAssets": 1099320000, "longTermInvestments": 6190033000, "propertyPlantEquipment": 7749057000, "intangibleAssets": 29205000, "otherAssets": 1029674000, "totalAssets": 16097289000, "accountsPayable": 146037000, "otherCurrentLiab": 826700000, "otherLiab": 1513345000, "totalCurrentLiabilities": 1009165000, "totalLiab": 2522510000, "commonStock": 140920000, "retainedEarnings": 13432015000, "treasuryStock": 1844000, "otherStockholderEquity": 1844000, "totalStockholderEquity": 13574779000, "netTangibleAssets": 13545574000}, {"maxAge": 1, "endDate": "2019-03-31", "cash": 51127000, "netReceivables": 250413000, "inventory": 90302000, "otherCurrentAssets": 58790000, "totalCurrentAssets": 702716000, "longTermInvestments": 5059572000, "propertyPlantEquipment": 7200306000, "intangibleAssets": 19524000, "otherAssets": 505221000, "totalAssets": 13487339000, "accountsPayable": 107619000, "otherCurrentLiab": 743486000, "otherLiab": 876485000, "totalCurrentLiabilities": 906100000, "totalLiab": 1782585000, "commonStock": 140920000, "retainedEarnings": 11561431000, "treasuryStock": 2403000, "otherStockholderEquity": 2403000, "totalStockholderEquity": 11704754000, "netTangibleAssets": 11685230000}, {"maxAge": 1, "endDate": "2018-03-31", "cash": 88380000, "netReceivables": 151777000, "inventory": 124123000, "otherCurrentAssets": 92467000, "totalCurrentAssets": 1179408000, "longTermInvestments": 4262392000, "propertyPlantEquipment": 5849606000, "intangibleAssets": 5850000, "otherAssets": 531822000, "totalAssets": 11829078000, "accountsPayable": 93912000, "otherCurrentLiab": 1152099000, "otherLiab": 421186000, "minorityInterest": 11000, "totalCurrentLiabilities": 1296509000, "totalLiab": 1717695000, "commonStock": 140920000, "retainedEarnings": 9970217000, "treasuryStock": 235000, "otherStockholderEquity": 235000, "totalStockholderEquity": 10111372000, "netTangibleAssets": 10105522000}, {"maxAge": 1, "endDate": "2017-03-31", "cash": 45398000, "netReceivables": 169370000, "inventory": 133932000, "otherCurrentAssets": 137983000, "totalCurrentAssets": 486683000, "longTermInvestments": 4817957000, "propertyPlantEquipment": 4501467000, "otherAssets": 526254000, "totalAssets": 10332361000, "accountsPayable": 228968000, "otherCurrentLiab": 386011000, "otherLiab": 1198190000, "minorityInterest": 3000, "totalCurrentLiabilities": 623984000, "totalLiab": 1822174000, "commonStock": 140920000, "retainedEarnings": 8305596000, "treasuryStock": 63668000, "otherStockholderEquity": 63668000, "totalStockholderEquity": 8510184000, "netTangibleAssets": 8510184000}], "maxAge": 86400}, "earningsTrend": {"trend": [{"maxAge": 1, "period": "0q", "endDate": "2018-12-31", "growth": {}, "earningsEstimate": {"avg": 0.0, "low": 0.0, "high": 0.0, "yearAgoEps": 6.87, "numberOfAnalysts": 0, "growth": {}}, "revenueEstimate": {"avg": 821000000, "low": 821000000, "high": 821000000, "numberOfAnalysts": 1, "yearAgoRevenue": 806203000, "growth": 0.018}, "epsTrend": {"current": 0.0, "7daysAgo": 6.91, "30daysAgo": 6.91, "60daysAgo": 6.91, "90daysAgo": 6.91}, "epsRevisions": {"upLast7days": 0, "upLast30days": 0, "downLast30days": 0, "downLast90days": {}}}, {"maxAge": 1, "period": "+1q", "endDate": "2019-03-31", "growth": {}, "earningsEstimate": {"avg": 0.0, "low": 0.0, "high": 0.0, "yearAgoEps": 6.22, "numberOfAnalysts": 0, "growth": {}}, "revenueEstimate": {"avg": 811000000, "low": 811000000, "high": 811000000, "numberOfAnalysts": 1, "yearAgoRevenue": 755411000, "growth": 0.074}, "epsTrend": {"current": 0.0, "7daysAgo": 6.71, "30daysAgo": 6.71, "60daysAgo": 6.71, "90daysAgo": 6.71}, "epsRevisions": {"upLast7days": 0, "upLast30days": 0, "downLast30days": 0, "downLast90days": {}}}, {"maxAge": 1, "period": "0y", "endDate": "2019-03-31", "growth": {}, "earningsEstimate": {"avg": 0.0, "low": 0.0, "high": 0.0, "yearAgoEps": {}, "numberOfAnalysts": 0, "growth": {}}, "revenueEstimate": {"avg": 3268000000, "low": 3268000000, "high": 3268000000, "numberOfAnalysts": 1, "yearAgoRevenue": 3404660000, "growth": -0.04}, "epsTrend": {"current": 0.0, "7daysAgo": 22.11, "30daysAgo": 22.11, "60daysAgo": 22.11, "90daysAgo": 22.11}, "epsRevisions": {"upLast7days": 0, "upLast30days": 0, "downLast30days": 0, "downLast90days": {}}}, {"maxAge": 1, "period": "+1y", "endDate": "2020-03-31", "growth": {}, "earningsEstimate": {"avg": 0.0, "low": 0.0, "high": 0.0, "yearAgoEps": {}, "numberOfAnalysts": 0, "growth": {}}, "revenueEstimate": {"avg": 4281000000, "low": 4281000000, "high": 4281000000, "numberOfAnalysts": 1, "yearAgoRevenue": 3268000000, "growth": 0.31}, "epsTrend": {"current": 0.0, "7daysAgo": 27.39, "30daysAgo": 27.39, "60daysAgo": 27.39, "90daysAgo": 27.39}, "epsRevisions": {"upLast7days": 0, "upLast30days": 0, "downLast30days": 0, "downLast90days": {}}}, {"maxAge": 1, "period": "+5y", "endDate": null, "growth": 0.23, "earningsEstimate": {"avg": {}, "low": {}, "high": {}, "yearAgoEps": {}, "numberOfAnalysts": {}, "growth": {}}, "revenueEstimate": {"avg": {}, "low": {}, "high": {}, "numberOfAnalysts": {}, "yearAgoRevenue": {}, "growth": {}}, "epsTrend": {"current": {}, "7daysAgo": {}, "30daysAgo": {}, "60daysAgo": {}, "90daysAgo": {}}, "epsRevisions": {"upLast7days": {}, "upLast30days": {}, "downLast30days": {}, "downLast90days": {}}}, {"maxAge": 1, "period": "-5y", "endDate": null, "growth": {}, "earningsEstimate": {"avg": {}, "low": {}, "high": {}, "yearAgoEps": {}, "numberOfAnalysts": {}, "growth": {}}, "revenueEstimate": {"avg": {}, "low": {}, "high": {}, "numberOfAnalysts": {}, "yearAgoRevenue": {}, "growth": {}}, "epsTrend": {"current": {}, "7daysAgo": {}, "30daysAgo": {}, "60daysAgo": {}, "90daysAgo": {}}, "epsRevisions": {"upLast7days": {}, "upLast30days": {}, "downLast30days": {}, "downLast90days": {}}}], "maxAge": 1}, "financialData": {"maxAge": 86400, "currentPrice": 497.5, "targetHighPrice": 764.0, "targetLowPrice": 603.0, "targetMeanPrice": 679.0, "targetMedianPrice": 670.0, "recommendationKey": "none", "numberOfAnalystOpinions": 3, "grossProfits": 4425017000, "financialCurrency": "INR"}}}