{"NESTLEIND.BO": {"recommendationTrend": {"trend": [{"period": "0m", "strongBuy": 0, "buy": 0, "hold": 0, "sell": 0, "strongSell": 0}, {"period": "-1m", "strongBuy": 0, "buy": 0, "hold": 0, "sell": 0, "strongSell": 0}, {"period": "-2m", "strongBuy": 0, "buy": 0, "hold": 0, "sell": 0, "strongSell": 0}, {"period": "-3m", "strongBuy": 0, "buy": 0, "hold": 0, "sell": 0, "strongSell": 0}], "maxAge": 86400}, "cashflowStatementHistory": {"cashflowStatements": [{"maxAge": 1, "endDate": "2019-12-31", "netIncome": 19695500000, "depreciation": 3163600000, "changeToNetincome": -2154400000, "changeToAccountReceivables": -400000, "changeToLiabilities": 2533300000, "changeToInventory": -3175200000, "changeToOperatingActivities": 2274300000, "totalCashFromOperatingActivities": 22336700000, "capitalExpenditures": -1545200000, "investments": -158600000, "otherCashflowsFromInvestingActivities": 2510500000, "totalCashflowsFromInvestingActivities": 829900000, "dividendsPaid": -12148400000, "otherCashflowsFromFinancingActivities": -5896300000, "totalCashFromFinancingActivities": -35399500000, "changeInCash": -12232900000}, {"maxAge": 1, "endDate": "2018-12-31", "netIncome": 16069300000, "depreciation": 3356700000, "changeToNetincome": -3029500000, "changeToAccountReceivables": -359000000, "changeToLiabilities": 2572700000, "changeToInventory": -630800000, "changeToOperatingActivities": 2545100000, "totalCashFromOperatingActivities": 20524500000, "capitalExpenditures": -1659800000, "investments": -1603900000, "otherCashflowsFromInvestingActivities": 2707600000, "totalCashflowsFromInvestingActivities": -524100000, "dividendsPaid": -10895000000, "otherCashflowsFromFinancingActivities": -2279200000, "totalCashFromFinancingActivities": -13174200000, "changeInCash": 6826200000}, {"maxAge": 1, "endDate": "2017-12-31", "netIncome": 12251900000, "depreciation": 3422500000, "changeToNetincome": -1246000000, "changeToAccountReceivables": 84300000, "changeToLiabilities": 1850200000, "changeToInventory": 375900000, "changeToOperatingActivities": 1439100000, "totalCashFromOperatingActivities": 18177900000, "capitalExpenditures": -1985600000, "investments": -1118100000, "otherCashflowsFromInvestingActivities": 1771000000, "totalCashflowsFromInvestingActivities": -1305600000, "dividendsPaid": -8291800000, "otherCashflowsFromFinancingActivities": -1674400000, "totalCashFromFinancingActivities": -9966200000, "changeInCash": 6906100000}, {"maxAge": 1, "endDate": "2016-12-31", "netIncome": 10013600000, "depreciation": 3536700000, "changeToNetincome": -931600000, "changeToAccountReceivables": -192200000, "changeToLiabilities": 497500000, "changeToInventory": -1192500000, "changeToOperatingActivities": 2927600000, "totalCashFromOperatingActivities": 14659100000, "capitalExpenditures": -2070100000, "investments": -1527700000, "otherCashflowsFromInvestingActivities": 1402000000, "totalCashflowsFromInvestingActivities": -1259000000, "dividendsPaid": -5640300000, "otherCashflowsFromFinancingActivities": -1015800000, "totalCashFromFinancingActivities": -6656100000, "changeInCash": 6744000000}], "maxAge": 86400}, "indexTrend": {"maxAge": 1, "symbol": "SP5", "peRatio": 19.7411, "pegRatio": 1.34172, "estimates": [{"period": "0q", "growth": 0.549}, {"period": "+1q", "growth": 0.431}, {"period": "0y", "growth": 0.305}, {"period": "+1y", "growth": 0.109}, {"period": "+5y", "growth": 0.120865}, {"period": "-5y"}]}, "industryTrend": {"maxAge": 1, "symbol": null, "estimates": []}, "quoteType": {"exchange": "BSE", "quoteType": "EQUITY", "symbol": "NESTLEIND.BO", "underlyingSymbol": "NESTLEIND.BO", "shortName": "NESTLE INDIA LTD.", "longName": "Nestl\u00e9 India Limited", "firstTradeDateEpochUtc": "1991-01-03 09:15:00", "timeZoneFullName": "Asia/Kolkata", "timeZoneShortName": "IST", "uuid": "12b5c6f5-dc9b-3221-82fd-13c55d1985ef", "gmtOffSetMilliseconds": 19800000, "maxAge": 1}, "incomeStatementHistory": {"incomeStatementHistory": [{"maxAge": 1, "endDate": "2019-12-31", "totalRevenue": 123469100000, "costOfRevenue": 53167200000, "grossProfit": 70301900000, "researchDevelopment": {}, "sellingGeneralAdministrative": 22897900000, "nonRecurring": {}, "otherOperatingExpenses": 19710800000, "totalOperatingExpenses": 98926400000, "operatingIncome": 24542700000, "totalOtherIncomeExpenseNet": 2207200000, "ebit": 24542700000, "interestExpense": -16900000, "incomeBeforeTax": 26749900000, "incomeTaxExpense": 7054400000, "minorityInterest": {}, "netIncomeFromContinuingOps": 19695500000, "discontinuedOperations": {}, "extraordinaryItems": {}, "effectOfAccountingCharges": {}, "otherItems": {}, "netIncome": 19695500000, "netIncomeApplicableToCommonShares": 19695500000}, {"maxAge": 1, "endDate": "2018-12-31", "totalRevenue": 112720500000, "costOfRevenue": 46827600000, "grossProfit": 65892900000, "researchDevelopment": {}, "sellingGeneralAdministrative": 20763800000, "nonRecurring": {}, "otherOperatingExpenses": 18772700000, "totalOperatingExpenses": 89707700000, "operatingIncome": 23012800000, "totalOtherIncomeExpenseNet": 1276700000, "ebit": 23012800000, "interestExpense": -40500000, "incomeBeforeTax": 24289500000, "incomeTaxExpense": 8220200000, "minorityInterest": {}, "netIncomeFromContinuingOps": 16069300000, "discontinuedOperations": {}, "extraordinaryItems": {}, "effectOfAccountingCharges": {}, "otherItems": {}, "netIncome": 16069300000, "netIncomeApplicableToCommonShares": 16069300000}, {"maxAge": 1, "endDate": "2017-12-31", "totalRevenue": 99920700000, "costOfRevenue": 44274200000, "grossProfit": 55646500000, "researchDevelopment": {}, "sellingGeneralAdministrative": 17301000000, "nonRecurring": {}, "otherOperatingExpenses": 17004400000, "totalOperatingExpenses": 81989000000, "operatingIncome": 17931700000, "totalOtherIncomeExpenseNet": 461300000, "ebit": 17931700000, "interestExpense": -6600000, "incomeBeforeTax": 18393000000, "incomeTaxExpense": 6141100000, "minorityInterest": {}, "netIncomeFromContinuingOps": 12251900000, "discontinuedOperations": {}, "extraordinaryItems": {}, "effectOfAccountingCharges": {}, "otherItems": {}, "netIncome": 12251900000, "netIncomeApplicableToCommonShares": 12251900000}, {"maxAge": 1, "endDate": "2016-12-31", "totalRevenue": 91228900000, "costOfRevenue": 39873900000, "grossProfit": 51355000000, "researchDevelopment": {}, "sellingGeneralAdministrative": 16032800000, "nonRecurring": {}, "otherOperatingExpenses": 15891500000, "totalOperatingExpenses": 75322200000, "operatingIncome": 15906700000, "totalOtherIncomeExpenseNet": -452900000, "ebit": 15906700000, "interestExpense": -35100000, "incomeBeforeTax": 15453800000, "incomeTaxExpense": 5440200000, "minorityInterest": {}, "netIncomeFromContinuingOps": 10013600000, "discontinuedOperations": {}, "extraordinaryItems": {}, "effectOfAccountingCharges": {}, "otherItems": {}, "netIncome": 10013600000, "netIncomeApplicableToCommonShares": 10013600000}], "maxAge": 86400}, "fundOwnership": {"ownershipList": [{"maxAge": 1, "reportDate": "2020-07-31", "organization": "Vanguard International Stock Index-Total Intl Stock Indx", "pctHeld": 0.0041, "position": 395259, "value": 6532228100}, {"maxAge": 1, "reportDate": "2020-07-31", "organization": "Vanguard International Stock Index-Emerging Markets Stk", "pctHeld": 0.0033000002, "position": 314240, "value": 5193271648}, {"maxAge": 1, "reportDate": "2020-08-31", "organization": "Aberdeen Standard SICAV I-Indian Equity Fd", "pctHeld": 0.0021, "position": 198062, "value": 3158316458}, {"maxAge": 1, "reportDate": "2020-07-31", "organization": "iShares Core MSCI Emerging Markets ETF", "pctHeld": 0.0018000001, "position": 175325, "value": 2897499846}, {"maxAge": 1, "reportDate": "2020-08-31", "organization": "iShares MSCI India ETF", "pctHeld": 0.0014, "position": 136520, "value": 2176961572}, {"maxAge": 1, "reportDate": "2020-09-30", "organization": "Principal Diversified International Fund", "pctHeld": 0.0014, "position": 134763, "value": 2146060346}, {"maxAge": 1, "reportDate": "2020-06-30", "organization": "Driehaus Emerging Markets Growth Fund", "pctHeld": 0.0011, "position": 102772, "value": 1765417416}, {"maxAge": 1, "reportDate": "2020-07-31", "organization": "DFA Emerging Markets Core Equity Portfolio", "pctHeld": 0.001, "position": 99685, "value": 1647439168}, {"maxAge": 1, "reportDate": "2020-05-31", "organization": "American Century Emerging Markets", "pctHeld": 0.001, "position": 94618, "value": 1659017819}, {"maxAge": 1, "reportDate": "2020-06-30", "organization": "American Century Dividend Tilted Emerging Markets Fund", "pctHeld": 0.001, "position": 94618, "value": 1625348004}], "maxAge": 1}, "summaryDetail": {"maxAge": 1, "priceHint": 2, "previousClose": 16506.95, "open": 16510.0, "dayLow": 16271.45, "dayHigh": 16567.75, "regularMarketPreviousClose": 16506.95, "regularMarketOpen": 16510.0, "regularMarketDayLow": 16271.45, "regularMarketDayHigh": 16567.75, "trailingPE": 75.56788, "forwardPE": 109.87605, "volume": 4122, "regularMarketVolume": 4122, "averageVolume": 5305, "averageVolume10days": 4781, "averageDailyVolume10Day": 4781, "bid": 16300.0, "ask": 16350.0, "bidSize": 0, "askSize": 0, "marketCap": 1572646027264, "fiftyTwoWeekLow": 12589.0, "fiftyTwoWeekHigh": 18821.4, "fiftyDayAverage": 18077.066, "twoHundredDayAverage": 16957.791, "trailingAnnualDividendRate": 116.0, "trailingAnnualDividendYield": 0.0070273434, "currency": "INR", "fromCurrency": null, "lastMarket": null, "algorithm": null, "tradeable": false}, "insiderHolders": {"holders": [{"maxAge": 1, "name": "Khattar (Arti)", "relation": "UNREPORTED", "url": "", "transactionDescription": "Acquisition", "latestTransDate": "2015-12-16", "positionDirect": 715, "positionDirectDate": "2015-12-16"}], "maxAge": 1}, "calendarEvents": {"maxAge": 1, "earnings": {"earningsDate": [], "revenueAverage": 29345100000, "revenueLow": 28418300000, "revenueHigh": 31157200000}}, "upgradeDowngradeHistory": {"history": [], "maxAge": 86400}, "price": {"maxAge": 1, "regularMarketChangePercent": -0.011864676, "regularMarketChange": -195.84961, "regularMarketTime": "2021-04-30 15:55:51", "priceHint": 2, "regularMarketPrice": 16311.1, "regularMarketDayHigh": 16567.75, "regularMarketDayLow": 16271.45, "regularMarketVolume": 4122, "averageDailyVolume10Day": 4781, "averageDailyVolume3Month": 5305, "regularMarketPreviousClose": 16506.95, "regularMarketSource": "FREE_REALTIME", "regularMarketOpen": 16510.0, "exchange": "BSE", "exchangeName": "BSE", "exchangeDataDelayedBy": 0, "marketState": "CLOSED", "quoteType": "EQUITY", "symbol": "NESTLEIND.BO", "underlyingSymbol": null, "shortName": "NESTLE INDIA LTD.", "longName": "Nestl\u00e9 India Limited", "currency": "INR", "quoteSourceName": "Delayed Quote", "currencySymbol": "\u20b9", "fromCurrency": null, "lastMarket": null, "marketCap": 1572646027264}, "balanceSheetHistory": {"balanceSheetStatements": [{"maxAge": 1, "endDate": "2019-12-31", "cash": 12931600000, "shortTermInvestments": 6977800000, "netReceivables": 1891700000, "inventory": 12830700000, "otherCurrentAssets": 330000000, "totalCurrentAssets": 38171700000, "longTermInvestments": 7436000000, "propertyPlantEquipment": 23700100000, "otherAssets": 1274200000, "totalAssets": 70582000000, "accountsPayable": 14946900000, "otherCurrentLiab": 3793400000, "longTermDebt": 531400000, "otherLiab": 29252900000, "totalCurrentLiabilities": 21475100000, "totalLiab": 51259400000, "commonStock": 964200000, "retainedEarnings": 18681900000, "treasuryStock": -323500000, "otherStockholderEquity": -323500000, "totalStockholderEquity": 19322600000, "netTangibleAssets": 19322600000}, {"maxAge": 1, "endDate": "2018-12-31", "cash": 15987700000, "shortTermInvestments": 15361000000, "netReceivables": 2082100000, "inventory": 9655500000, "otherCurrentAssets": 306800000, "totalCurrentAssets": 47369500000, "longTermInvestments": 7333600000, "propertyPlantEquipment": 25058200000, "otherAssets": 1119500000, "totalAssets": 80880800000, "accountsPayable": 12403700000, "otherCurrentLiab": 3753700000, "longTermDebt": 351400000, "otherLiab": 25242500000, "totalCurrentLiabilities": 18549500000, "totalLiab": 44143400000, "commonStock": 964200000, "retainedEarnings": 36062400000, "treasuryStock": -289200000, "otherStockholderEquity": -289200000, "totalStockholderEquity": 36737400000, "netTangibleAssets": 36737400000}, {"maxAge": 1, "endDate": "2017-12-31", "cash": 14476900000, "shortTermInvestments": 10413000000, "netReceivables": 1621000000, "inventory": 9024700000, "otherCurrentAssets": 238700000, "totalCurrentAssets": 39373900000, "longTermInvestments": 5852800000, "propertyPlantEquipment": 27103400000, "otherAssets": 1295800000, "totalAssets": 73625900000, "accountsPayable": 9846400000, "otherCurrentLiab": 3016800000, "longTermDebt": 351400000, "otherLiab": 24141500000, "totalCurrentLiabilities": 14927100000, "totalLiab": 39420000000, "commonStock": 964200000, "retainedEarnings": 33428800000, "treasuryStock": -187100000, "otherStockholderEquity": -187100000, "totalStockholderEquity": 34205900000, "netTangibleAssets": 34205900000}, {"maxAge": 1, "endDate": "2016-12-31", "cash": 8693200000, "shortTermInvestments": 9470000000, "netReceivables": 1457400000, "inventory": 9400600000, "otherCurrentAssets": 388600000, "totalCurrentAssets": 32828000000, "longTermInvestments": 4743100000, "propertyPlantEquipment": 29183100000, "otherAssets": 1350400000, "totalAssets": 68104600000, "accountsPayable": 7991600000, "otherCurrentLiab": 2760100000, "longTermDebt": 331500000, "otherLiab": 21282300000, "totalCurrentLiabilities": 13667500000, "totalLiab": 35281300000, "commonStock": 964200000, "retainedEarnings": 32063600000, "treasuryStock": -204500000, "otherStockholderEquity": -204500000, "totalStockholderEquity": 32823300000, "netTangibleAssets": 32823300000}], "maxAge": 86400}, "earningsTrend": {"trend": [{"maxAge": 1, "period": "0q", "endDate": "2018-12-31", "growth": {}, "earningsEstimate": {"avg": 0.0, "low": 0.0, "high": 0.0, "yearAgoEps": 32.34, "numberOfAnalysts": 0, "growth": {}}, "revenueEstimate": {"avg": 29345100000, "low": 28418300000, "high": 31157200000, "numberOfAnalysts": 4, "yearAgoRevenue": 26014600000, "growth": 0.128}, "epsTrend": {"current": 0.0, "7daysAgo": 50.76, "30daysAgo": 50.76, "60daysAgo": 50.76, "90daysAgo": 50.76}, "epsRevisions": {"upLast7days": 0, "upLast30days": 0, "downLast30days": 0, "downLast90days": {}}}, {"maxAge": 1, "period": "+1q", "endDate": "2019-03-31", "growth": {}, "earningsEstimate": {"avg": 0.0, "low": 0.0, "high": 0.0, "yearAgoEps": 43.98, "numberOfAnalysts": 0, "growth": {}}, "revenueEstimate": {"avg": 0, "low": 0, "high": 0, "numberOfAnalysts": 0, "yearAgoRevenue": {}, "growth": {}}, "epsTrend": {"current": 0.0, "7daysAgo": 40.61, "30daysAgo": 40.61, "60daysAgo": 40.61, "90daysAgo": 40.61}, "epsRevisions": {"upLast7days": 0, "upLast30days": 0, "downLast30days": 0, "downLast90days": {}}}, {"maxAge": 1, "period": "0y", "endDate": "2018-12-31", "growth": {}, "earningsEstimate": {"avg": 0.0, "low": 0.0, "high": 0.0, "yearAgoEps": {}, "numberOfAnalysts": 0, "growth": {}}, "revenueEstimate": {"avg": 113907000000, "low": 112132000000, "high": 116896000000, "numberOfAnalysts": 4, "yearAgoRevenue": 101922000000, "growth": 0.118}, "epsTrend": {"current": 0.0, "7daysAgo": 172.52, "30daysAgo": 172.52, "60daysAgo": 172.52, "90daysAgo": 172.52}, "epsRevisions": {"upLast7days": 0, "upLast30days": 0, "downLast30days": 0, "downLast90days": {}}}, {"maxAge": 1, "period": "+1y", "endDate": "2019-12-31", "growth": {}, "earningsEstimate": {"avg": 0.0, "low": 0.0, "high": 0.0, "yearAgoEps": {}, "numberOfAnalysts": 0, "growth": {}}, "revenueEstimate": {"avg": 128799000000, "low": 119962000000, "high": 132918000000, "numberOfAnalysts": 28, "yearAgoRevenue": 113907000000, "growth": 0.131}, "epsTrend": {"current": 0.0, "7daysAgo": 204.65, "30daysAgo": 204.65, "60daysAgo": 204.65, "90daysAgo": 204.65}, "epsRevisions": {"upLast7days": 0, "upLast30days": 0, "downLast30days": 0, "downLast90days": {}}}, {"maxAge": 1, "period": "+5y", "endDate": null, "growth": 0.22, "earningsEstimate": {"avg": {}, "low": {}, "high": {}, "yearAgoEps": {}, "numberOfAnalysts": {}, "growth": {}}, "revenueEstimate": {"avg": {}, "low": {}, "high": {}, "numberOfAnalysts": {}, "yearAgoRevenue": {}, "growth": {}}, "epsTrend": {"current": {}, "7daysAgo": {}, "30daysAgo": {}, "60daysAgo": {}, "90daysAgo": {}}, "epsRevisions": {"upLast7days": {}, "upLast30days": {}, "downLast30days": {}, "downLast90days": {}}}, {"maxAge": 1, "period": "-5y", "endDate": null, "growth": {}, "earningsEstimate": {"avg": {}, "low": {}, "high": {}, "yearAgoEps": {}, "numberOfAnalysts": {}, "growth": {}}, "revenueEstimate": {"avg": {}, "low": {}, "high": {}, "numberOfAnalysts": {}, "yearAgoRevenue": {}, "growth": {}}, "epsTrend": {"current": {}, "7daysAgo": {}, "30daysAgo": {}, "60daysAgo": {}, "90daysAgo": {}}, "epsRevisions": {"upLast7days": {}, "upLast30days": {}, "downLast30days": {}, "downLast90days": {}}}], "maxAge": 1}, "institutionOwnership": {"ownershipList": [], "maxAge": 1}, "balanceSheetHistoryQuarterly": {"balanceSheetStatements": [{"maxAge": 1, "endDate": "2020-06-30", "cash": 20362900000, "shortTermInvestments": 9249900000, "netReceivables": 2218100000, "inventory": 14785100000, "otherCurrentAssets": 389300000, "totalCurrentAssets": 47005300000, "longTermInvestments": 7422400000, "propertyPlantEquipment": 24680700000, "otherAssets": 2004800000, "deferredLongTermAssetCharges": 61600000, "totalAssets": 81113200000, "accountsPayable": 11795400000, "otherCurrentLiab": 13496800000, "longTermDebt": 562200000, "otherLiab": 31132100000, "totalCurrentLiabilities": 25778700000, "totalLiab": 58325300000, "commonStock": 964200000, "treasuryStock": 21823700000, "otherStockholderEquity": 21823700000, "totalStockholderEquity": 22787900000, "netTangibleAssets": 22787900000}, {"maxAge": 1, "endDate": "2020-03-31", "totalStockholderEquity": 19322600000, "netTangibleAssets": 19322600000}, {"maxAge": 1, "endDate": "2019-12-31", "cash": 12931600000, "shortTermInvestments": 6977800000, "netReceivables": 1891700000, "inventory": 12830700000, "otherCurrentAssets": 330000000, "totalCurrentAssets": 38171700000, "longTermInvestments": 7436000000, "propertyPlantEquipment": 23700100000, "otherAssets": 1274200000, "totalAssets": 70582000000, "accountsPayable": 14946900000, "otherCurrentLiab": 3793400000, "longTermDebt": 531400000, "otherLiab": 29252900000, "totalCurrentLiabilities": 21475100000, "totalLiab": 51259400000, "commonStock": 964200000, "retainedEarnings": 18681900000, "treasuryStock": -323500000, "otherStockholderEquity": -323500000, "totalStockholderEquity": 19322600000, "netTangibleAssets": 19322600000}, {"maxAge": 1, "endDate": "2019-09-30", "totalStockholderEquity": 39948400000, "netTangibleAssets": 39948400000}], "maxAge": 86400}, "earningsHistory": {"history": [{"maxAge": 1, "epsActual": 32.34, "epsEstimate": 36.14, "epsDifference": -3.8, "surprisePercent": -0.105, "quarter": "2017-12-31", "period": "-4q"}, {"maxAge": 1, "epsActual": 43.98, "epsEstimate": 37.94, "epsDifference": 6.04, "surprisePercent": 0.159, "quarter": "2018-03-31", "period": "-3q"}, {"maxAge": 1, "epsActual": 40.97, "epsEstimate": 38.06, "epsDifference": 2.91, "surprisePercent": 0.076, "quarter": "2018-06-30", "period": "-2q"}, {"maxAge": 1, "epsActual": 46.27, "epsEstimate": 42.93, "epsDifference": 3.34, "surprisePercent": 0.078, "quarter": "2018-09-30", "period": "-1q"}], "maxAge": 86400}, "esgScores": {"maxAge": 86400, "totalEsg": 30.78, "environmentScore": 13.75, "socialScore": 11.51, "governanceScore": 5.52, "ratingYear": 2020, "ratingMonth": 10, "highestControversy": 3.0, "esgPerformance": "LEAD_PERF", "peerCount": 95, "peerGroup": "Food Products", "relatedControversy": ["Customer Incidents"], "peerEsgScorePerformance": {"min": 12.05, "avg": 28.476315789473674, "max": 50.62}, "peerGovernancePerformance": {"min": 3.33, "avg": 6.629347826086955, "max": 14.92}, "peerSocialPerformance": {"min": 4.37, "avg": 11.705326086956525, "max": 19.94}, "peerEnvironmentPerformance": {"min": 2.99, "avg": 9.90423913043478, "max": 19.59}, "peerHighestControversyPerformance": {"min": 0.0, "avg": 2.1157894736842104, "max": 5.0}, "percentile": 59.37, "environmentPercentile": 0.0, "socialPercentile": 0.0, "governancePercentile": 0.0, "adult": false, "alcoholic": false, "animalTesting": true, "catholic": false, "controversialWeapons": false, "smallArms": false, "furLeather": false, "gambling": false, "gmo": false, "militaryContract": false, "nuclear": false, "pesticides": false, "palmOil": false, "coal": false, "tobacco": false}, "insiderTransactions": {"transactions": [{"maxAge": 1, "shares": 225, "filerUrl": "", "transactionText": "", "filerName": "Khattar (Arti)", "filerRelation": "UNREPORTED", "moneyText": "", "startDate": "2015-12-16", "ownership": "D"}], "maxAge": 1}, "sectorTrend": {"maxAge": 1, "symbol": null, "estimates": []}, "incomeStatementHistoryQuarterly": {"incomeStatementHistory": [{"maxAge": 1, "endDate": "2020-06-30", "totalRevenue": 30504800000, "costOfRevenue": 13318900000, "grossProfit": 17185900000, "researchDevelopment": {}, "sellingGeneralAdministrative": 3788500000, "nonRecurring": {}, "otherOperatingExpenses": 5813100000, "totalOperatingExpenses": 23844700000, "operatingIncome": 6660100000, "totalOtherIncomeExpenseNet": -137400000, "ebit": 6660100000, "interestExpense": -408000000, "incomeBeforeTax": 6522700000, "incomeTaxExpense": 1656700000, "minorityInterest": {}, "netIncomeFromContinuingOps": 4866000000, "discontinuedOperations": {}, "extraordinaryItems": {}, "effectOfAccountingCharges": {}, "otherItems": {}, "netIncome": 4866000000, "netIncomeApplicableToCommonShares": 4866000000}, {"maxAge": 1, "endDate": "2020-03-31", "totalRevenue": 33252700000, "costOfRevenue": 14533000000, "grossProfit": 18719700000, "researchDevelopment": {}, "sellingGeneralAdministrative": 3681100000, "nonRecurring": {}, "otherOperatingExpenses": 7032900000, "totalOperatingExpenses": 26160500000, "operatingIncome": 7092200000, "totalOtherIncomeExpenseNet": -53700000, "ebit": 7092200000, "interestExpense": -409600000, "incomeBeforeTax": 7038500000, "incomeTaxExpense": 1784200000, "minorityInterest": {}, "netIncomeFromContinuingOps": 5254300000, "discontinuedOperations": {}, "extraordinaryItems": {}, "effectOfAccountingCharges": {}, "otherItems": {}, "netIncome": 5254300000, "netIncomeApplicableToCommonShares": 5254300000}, {"maxAge": 1, "endDate": "2019-12-31", "totalRevenue": 31273000000, "costOfRevenue": 14542100000, "grossProfit": 16730900000, "researchDevelopment": {}, "sellingGeneralAdministrative": 13247000000, "nonRecurring": {}, "otherOperatingExpenses": -2047000000, "totalOperatingExpenses": 26524700000, "operatingIncome": 4748300000, "totalOtherIncomeExpenseNet": 1397900000, "ebit": 4748300000, "interestExpense": -409600000, "incomeBeforeTax": 6146200000, "incomeTaxExpense": 1416000000, "minorityInterest": {}, "netIncomeFromContinuingOps": 4730200000, "discontinuedOperations": {}, "extraordinaryItems": {}, "effectOfAccountingCharges": {}, "otherItems": {}, "netIncome": 4730200000, "netIncomeApplicableToCommonShares": 4730200000}, {"maxAge": 1, "endDate": "2019-09-30", "totalRevenue": 32158100000, "costOfRevenue": 13650000000, "grossProfit": 18508100000, "researchDevelopment": {}, "sellingGeneralAdministrative": 3269100000, "nonRecurring": {}, "otherOperatingExpenses": 7643900000, "totalOperatingExpenses": 25343200000, "operatingIncome": 6814900000, "totalOtherIncomeExpenseNet": 184000000, "ebit": 6814900000, "interestExpense": -299200000, "incomeBeforeTax": 6998900000, "incomeTaxExpense": 1044800000, "minorityInterest": {}, "netIncomeFromContinuingOps": 5954100000, "discontinuedOperations": {}, "extraordinaryItems": {}, "effectOfAccountingCharges": {}, "otherItems": {}, "netIncome": 5954100000, "netIncomeApplicableToCommonShares": 5954100000}], "maxAge": 86400}, "cashflowStatementHistoryQuarterly": {"cashflowStatements": [{"maxAge": 1, "endDate": "2020-06-30", "netIncome": 4866000000, "changeToLiabilities": 0}, {"maxAge": 1, "endDate": "2020-03-31", "netIncome": 5254300000, "changeToLiabilities": 0}, {"maxAge": 1, "endDate": "2019-12-31", "netIncome": 4730200000, "changeToLiabilities": 0}, {"maxAge": 1, "endDate": "2019-09-30", "netIncome": 5954100000, "changeToLiabilities": 0}], "maxAge": 86400}, "earnings": {"maxAge": 86400, "earningsChart": {"quarterly": [{"date": "4Q2017", "actual": 32.34, "estimate": 36.14}, {"date": "1Q2018", "actual": 43.98, "estimate": 37.94}, {"date": "2Q2018", "actual": 40.97, "estimate": 38.06}, {"date": "3Q2018", "actual": 46.27, "estimate": 42.93}], "currentQuarterEstimateDate": "4Q", "currentQuarterEstimateYear": 2018, "earningsDate": []}, "financialsChart": {"yearly": [{"date": 2016, "revenue": 91228900000, "earnings": 10013600000}, {"date": 2017, "revenue": 99920700000, "earnings": 12251900000}, {"date": 2018, "revenue": 112720500000, "earnings": 16069300000}, {"date": 2019, "revenue": 123469100000, "earnings": 19695500000}], "quarterly": [{"date": "3Q2019", "revenue": 32158100000, "earnings": 5954100000}, {"date": "4Q2019", "revenue": 31273000000, "earnings": 4730200000}, {"date": "1Q2020", "revenue": 33252700000, "earnings": 5254300000}, {"date": "2Q2020", "revenue": 30504800000, "earnings": 4866000000}]}, "financialCurrency": "INR"}, "financialData": {"maxAge": 86400, "currentPrice": 16311.1, "targetHighPrice": 12900.0, "targetLowPrice": 8500.0, "targetMeanPrice": 11158.1, "targetMedianPrice": 11201.5, "recommendationKey": "none", "numberOfAnalystOpinions": 28, "grossProfits": 70301900000, "financialCurrency": "INR"}}}