{"NESTLEIND.NS": {"assetProfile": {"address1": "Nestl\u00c3\u00a9 House", "address2": "Jacaranda Marg, 'M' Block DLF City Phase II", "city": "Gurugram", "zip": "122002", "country": "India", "phone": "91 12 4394 0000", "fax": "91 12 4238 9399", "website": "http://www.nestle.in", "industry": "Packaged Foods", "sector": "Consumer Defensive", "longBusinessSummary": "Nestl\u00c3\u00a9 India Limited manufactures and sells food products in India. It provides milk products and nutrition, including dairy whitener, condensed and UHT milk, yoghurt, maternal and infant formula, baby food, and health care nutrition products; prepared dishes and cooking aids, such as noodles, sauces, seasonings, pasta, and cereals; powdered and liquid beverages comprising instant coffee and tea, and ready to drink beverages; and confectionery products consisting of bar countlines, tablets, and sugar confectionery products. The company also offers vending and food services. It also exports its products. The company was incorporated in 1959 and is headquartered in Gurugram, India.", "fullTimeEmployees": 7747, "companyOfficers": [{"maxAge": 1, "name": "Mr. Suresh  Narayanan", "age": 60, "title": "Chairman & MD", "yearBorn": 1960, "fiscalYear": 2019, "totalPay": 161720000, "exercisedValue": 0, "unexercisedValue": 0}, {"maxAge": 1, "name": "Mr. David Steven McDaniel", "age": 50, "title": "Exec. Director of Fin. & Control, CFO and Whole-Time Director", "yearBorn": 1970, "exercisedValue": 0, "unexercisedValue": 0}, {"maxAge": 1, "name": "Mr. Matthias Christoph Lohner", "title": "Whole-time Director & Exec. Director of Technical", "exercisedValue": 0, "unexercisedValue": 0}, {"maxAge": 1, "name": "Mr. B.  Murli", "title": "Gen. Counsel & Company Sec.", "fiscalYear": 2017, "exercisedValue": 0, "unexercisedValue": 0}, {"maxAge": 1, "name": "Pramod Kumar Rai", "title": "Associate Gen. Counsel of Corp. Legal, Governance & Compliance and Deputy Company Sec.", "exercisedValue": 0, "unexercisedValue": 0}, {"maxAge": 1, "name": "Ms. Rashi  Goel", "title": "Head of Communications & Cereals", "exercisedValue": 0, "unexercisedValue": 0}, {"maxAge": 1, "name": "Mr. Shashank Kumar Nair", "title": "Corp. Communications Mang.", "exercisedValue": 0, "unexercisedValue": 0}, {"maxAge": 1, "name": "Ravi  Ramchandran", "title": "Head of Sales", "exercisedValue": 0, "unexercisedValue": 0}, {"maxAge": 1, "name": "Amit  Narain", "title": "Global Head of HR", "exercisedValue": 0, "unexercisedValue": 0}, {"maxAge": 1, "name": "Mr. Hari  Nariani", "title": "Head of ISIT/Nestl\u00c3\u00a9 Bus. Excellence", "exercisedValue": 0, "unexercisedValue": 0}], "auditRisk": 7, "boardRisk": 2, "compensationRisk": 3, "shareHolderRightsRisk": 8, "overallRisk": 6, "governanceEpochDate": "2021-04-01 05:30:00", "compensationAsOfEpochDate": "2019-12-31 05:30:00", "maxAge": 86400}, "cashflowStatementHistory": {"cashflowStatements": [{"maxAge": 1, "endDate": "2020-12-31", "netIncome": 20824300000, "depreciation": 3703800000, "changeToNetincome": -948800000, "changeToAccountReceivables": -416000000, "changeToLiabilities": 225600000, "changeToInventory": -1334100000, "changeToOperatingActivities": 2490000000, "totalCashFromOperatingActivities": 24544800000, "capitalExpenditures": -4783600000, "otherCashflowsFromInvestingActivities": 1526600000, "totalCashflowsFromInvestingActivities": -3214600000, "dividendsPaid": -18897500000, "netBorrowings": -601800000, "otherCashflowsFromFinancingActivities": -59600000, "totalCashFromFinancingActivities": -19558900000, "changeInCash": 1771300000}, {"maxAge": 1, "endDate": "2019-12-31", "netIncome": 19684400000, "depreciation": 3701500000, "changeToNetincome": -2065400000, "changeToAccountReceivables": -400000, "changeToLiabilities": 2533300000, "changeToInventory": -3175200000, "changeToOperatingActivities": 2274300000, "totalCashFromOperatingActivities": 22952500000, "capitalExpenditures": -1545200000, "investments": -158600000, "otherCashflowsFromInvestingActivities": 2510500000, "totalCashflowsFromInvestingActivities": 829900000, "dividendsPaid": -12148400000, "netBorrowings": -522900000, "otherCashflowsFromFinancingActivities": -5989200000, "totalCashFromFinancingActivities": -36015300000, "changeInCash": -12232900000}, {"maxAge": 1, "endDate": "2018-12-31", "netIncome": 16069300000, "depreciation": 3356700000, "changeToNetincome": -3029500000, "changeToAccountReceivables": -359000000, "changeToLiabilities": 2572700000, "changeToInventory": -630800000, "changeToOperatingActivities": 2545100000, "totalCashFromOperatingActivities": 20524500000, "capitalExpenditures": -1659800000, "investments": -1603900000, "otherCashflowsFromInvestingActivities": 2707600000, "totalCashflowsFromInvestingActivities": -524100000, "dividendsPaid": -10895000000, "netBorrowings": -522900000, "otherCashflowsFromFinancingActivities": -2279200000, "totalCashFromFinancingActivities": -13174200000, "changeInCash": 6826200000}, {"maxAge": 1, "endDate": "2017-12-31", "netIncome": 12251900000, "depreciation": 3422500000, "changeToNetincome": -1246000000, "changeToAccountReceivables": 84300000, "changeToLiabilities": 1850200000, "changeToInventory": 375900000, "changeToOperatingActivities": 1439100000, "totalCashFromOperatingActivities": 18177900000, "capitalExpenditures": -1985600000, "investments": -1118100000, "otherCashflowsFromInvestingActivities": 1771000000, "totalCashflowsFromInvestingActivities": -1305600000, "dividendsPaid": -8291800000, "netBorrowings": -522900000, "otherCashflowsFromFinancingActivities": -1674400000, "totalCashFromFinancingActivities": -9966200000, "changeInCash": 6906100000}], "maxAge": 86400}, "institutionOwnership": {"ownershipList": [], "maxAge": 1}, "majorHoldersBreakdown": {"maxAge": 1, "insidersPercentHeld": 0.62867, "institutionsPercentHeld": 0.1336, "institutionsFloatPercentHeld": 0.35978, "institutionsCount": 219}, "balanceSheetHistoryQuarterly": {"balanceSheetStatements": [{"maxAge": 1, "endDate": "2021-03-31", "totalStockholderEquity": 20193400000, "netTangibleAssets": 20193400000}, {"maxAge": 1, "endDate": "2020-12-31", "cash": 17548000000, "shortTermInvestments": 7246400000, "netReceivables": 2305900000, "inventory": 14164800000, "otherCurrentAssets": 373700000, "totalCurrentAssets": 41850800000, "longTermInvestments": 7408300000, "propertyPlantEquipment": 28179900000, "otherAssets": 1558300000, "deferredLongTermAssetCharges": 199200000, "totalAssets": 78997300000, "accountsPayable": 15165800000, "shortLongTermDebt": 31200000, "otherCurrentLiab": 6011100000, "longTermDebt": 317200000, "otherLiab": 32903600000, "totalCurrentLiabilities": 24925500000, "totalLiab": 58803900000, "commonStock": 964200000, "retainedEarnings": 19549500000, "treasuryStock": -320300000, "otherStockholderEquity": -320300000, "totalStockholderEquity": 20193400000, "netTangibleAssets": 20193400000}, {"maxAge": 1, "endDate": "2020-09-30", "totalStockholderEquity": 22787900000, "netTangibleAssets": 22787900000}, {"maxAge": 1, "endDate": "2020-06-30", "cash": 20362900000, "shortTermInvestments": 9249900000, "netReceivables": 2218100000, "inventory": 14785100000, "otherCurrentAssets": 389300000, "totalCurrentAssets": 47005300000, "longTermInvestments": 7422400000, "propertyPlantEquipment": 24680700000, "otherAssets": 2004800000, "deferredLongTermAssetCharges": 61600000, "totalAssets": 81113200000, "accountsPayable": 11795400000, "otherCurrentLiab": 13496800000, "longTermDebt": 562200000, "otherLiab": 31132100000, "totalCurrentLiabilities": 25778700000, "totalLiab": 58325300000, "commonStock": 964200000, "treasuryStock": 21823700000, "otherStockholderEquity": 21823700000, "totalStockholderEquity": 22787900000, "netTangibleAssets": 22787900000}], "maxAge": 86400}, "indexTrend": {"maxAge": 1, "symbol": "SP5", "peRatio": 19.7411, "pegRatio": 1.34172, "estimates": [{"period": "0q", "growth": 0.549}, {"period": "+1q", "growth": 0.431}, {"period": "0y", "growth": 0.305}, {"period": "+1y", "growth": 0.109}, {"period": "+5y", "growth": 0.120865}, {"period": "-5y"}]}, "esgScores": {"maxAge": 86400, "totalEsg": 27.02, "environmentScore": 10.97, "socialScore": 10.28, "governanceScore": 5.77, "ratingYear": 2021, "ratingMonth": 3, "highestControversy": 3.0, "esgPerformance": null, "peerCount": 95, "peerGroup": "Food Products", "relatedControversy": ["Customer Incidents"], "peerEsgScorePerformance": {"min": 12.05, "avg": 27.711157894736846, "max": 47.58}, "peerGovernancePerformance": {"min": 3.33, "avg": 6.481630434782607, "max": 14.87}, "peerSocialPerformance": {"min": 4.37, "avg": 11.312500000000002, "max": 19.94}, "peerEnvironmentPerformance": {"min": 2.99, "avg": 9.68467391304348, "max": 19.37}, "peerHighestControversyPerformance": {"min": 0.0, "avg": 2.1473684210526316, "max": 5.0}, "percentile": 46.35, "environmentPercentile": 0.0, "socialPercentile": 0.0, "governancePercentile": 0.0, "adult": false, "alcoholic": false, "animalTesting": true, "catholic": false, "controversialWeapons": false, "smallArms": false, "furLeather": false, "gambling": false, "gmo": false, "militaryContract": false, "nuclear": false, "pesticides": false, "palmOil": false, "coal": false, "tobacco": false}, "defaultKeyStatistics": {"maxAge": 1, "priceHint": 2, "enterpriseValue": 1567786532864, "profitMargins": 0.15862, "floatShares": 35737449, "sharesOutstanding": 96415696, "heldPercentInsiders": 0.62867, "heldPercentInstitutions": 0.1336, "beta": -0.081315, "category": null, "bookValue": 209.441, "priceToBook": 77.870384, "fundFamily": null, "legalType": null, "lastFiscalYearEnd": "2020-12-31 05:30:00", "nextFiscalYearEnd": "2022-12-31 05:30:00", "mostRecentQuarter": "2021-03-31 05:30:00", "earningsQuarterlyGrowth": 0.146, "netIncomeToCommon": 21592500224, "trailingEps": 223.945, "lastSplitFactor": "3:2", "lastSplitDate": "1996-07-15 05:30:00", "enterpriseToRevenue": 11.517, "enterpriseToEbitda": 49.832}, "summaryProfile": {"address1": "Nestl\u00c3\u00a9 House", "address2": "Jacaranda Marg, 'M' Block DLF City Phase II", "city": "Gurugram", "zip": "122002", "country": "India", "phone": "91 12 4394 0000", "fax": "91 12 4238 9399", "website": "http://www.nestle.in", "industry": "Packaged Foods", "sector": "Consumer Defensive", "longBusinessSummary": "Nestl\u00c3\u00a9 India Limited manufactures and sells food products in India. It provides milk products and nutrition, including dairy whitener, condensed and UHT milk, yoghurt, maternal and infant formula, baby food, and health care nutrition products; prepared dishes and cooking aids, such as noodles, sauces, seasonings, pasta, and cereals; powdered and liquid beverages comprising instant coffee and tea, and ready to drink beverages; and confectionery products consisting of bar countlines, tablets, and sugar confectionery products. The company also offers vending and food services. It also exports its products. The company was incorporated in 1959 and is headquartered in Gurugram, India.", "fullTimeEmployees": 7747, "companyOfficers": [], "maxAge": 86400}, "netSharePurchaseActivity": {"maxAge": 1, "period": "6m", "buyInfoCount": 0, "buyInfoShares": 0, "sellInfoCount": 0, "netInfoCount": 0, "netInfoShares": 0, "netPercentInsiderShares": 0.0, "totalInsiderShares": 60613664}, "insiderTransactions": {"transactions": [{"maxAge": 1, "shares": 225, "filerUrl": "", "transactionText": "", "filerName": "Khattar (Arti)", "filerRelation": "UNREPORTED", "moneyText": "", "startDate": "2015-12-16", "ownership": "D"}], "maxAge": 1}, "quoteType": {"exchange": "NSI", "quoteType": "EQUITY", "symbol": "NESTLEIND.NS", "underlyingSymbol": "NESTLEIND.NS", "shortName": "NESTLE INDIA", "longName": "Nestl\u00e9 India Limited", "firstTradeDateEpochUtc": "2002-08-12 09:15:00", "timeZoneFullName": "Asia/Kolkata", "timeZoneShortName": "IST", "uuid": "12d28da0-1b60-3bd0-9b1f-2bb8edb342e9", "gmtOffSetMilliseconds": 19800000, "maxAge": 1}, "incomeStatementHistory": {"incomeStatementHistory": [{"maxAge": 1, "endDate": "2020-12-31", "totalRevenue": 133268100000, "costOfRevenue": 57696100000, "grossProfit": 75572000000, "researchDevelopment": {}, "sellingGeneralAdministrative": 24755300000, "nonRecurring": {}, "otherOperatingExpenses": 20024900000, "totalOperatingExpenses": 106180100000, "operatingIncome": 27088000000, "totalOtherIncomeExpenseNet": 1039900000, "ebit": 27088000000, "interestExpense": -265400000, "incomeBeforeTax": 28127900000, "incomeTaxExpense": 7303600000, "minorityInterest": {}, "netIncomeFromContinuingOps": 20824300000, "discontinuedOperations": {}, "extraordinaryItems": {}, "effectOfAccountingCharges": {}, "otherItems": {}, "netIncome": 20824300000, "netIncomeApplicableToCommonShares": 20824300000}, {"maxAge": 1, "endDate": "2019-12-31", "totalRevenue": 123469100000, "costOfRevenue": 53167200000, "grossProfit": 70301900000, "researchDevelopment": {}, "sellingGeneralAdministrative": 22258500000, "nonRecurring": {}, "otherOperatingExpenses": 19721300000, "totalOperatingExpenses": 98848500000, "operatingIncome": 24620600000, "totalOtherIncomeExpenseNet": 2114300000, "ebit": 24620600000, "interestExpense": -109800000, "incomeBeforeTax": 26734900000, "incomeTaxExpense": 7050500000, "minorityInterest": {}, "netIncomeFromContinuingOps": 19684400000, "discontinuedOperations": {}, "extraordinaryItems": {}, "effectOfAccountingCharges": {}, "otherItems": {}, "netIncome": 19684400000, "netIncomeApplicableToCommonShares": 19684400000}, {"maxAge": 1, "endDate": "2018-12-31", "totalRevenue": 112720500000, "costOfRevenue": 46827600000, "grossProfit": 65892900000, "researchDevelopment": {}, "sellingGeneralAdministrative": 20763800000, "nonRecurring": {}, "otherOperatingExpenses": 18772700000, "totalOperatingExpenses": 89707700000, "operatingIncome": 23012800000, "totalOtherIncomeExpenseNet": 1276700000, "ebit": 23012800000, "interestExpense": -40500000, "incomeBeforeTax": 24289500000, "incomeTaxExpense": 8220200000, "minorityInterest": {}, "netIncomeFromContinuingOps": 16069300000, "discontinuedOperations": {}, "extraordinaryItems": {}, "effectOfAccountingCharges": {}, "otherItems": {}, "netIncome": 16069300000, "netIncomeApplicableToCommonShares": 16069300000}, {"maxAge": 1, "endDate": "2017-12-31", "totalRevenue": 99920700000, "costOfRevenue": 44274200000, "grossProfit": 55646500000, "researchDevelopment": {}, "sellingGeneralAdministrative": 17301000000, "nonRecurring": {}, "otherOperatingExpenses": 17004400000, "totalOperatingExpenses": 81989000000, "operatingIncome": 17931700000, "totalOtherIncomeExpenseNet": 461300000, "ebit": 17931700000, "interestExpense": -6600000, "incomeBeforeTax": 18393000000, "incomeTaxExpense": 6141100000, "minorityInterest": {}, "netIncomeFromContinuingOps": 12251900000, "discontinuedOperations": {}, "extraordinaryItems": {}, "effectOfAccountingCharges": {}, "otherItems": {}, "netIncome": 12251900000, "netIncomeApplicableToCommonShares": 12251900000}], "maxAge": 86400}, "fundOwnership": {"ownershipList": [{"maxAge": 1, "reportDate": "2021-01-31", "organization": "Vanguard International Stock Index-Emerging Markets Stk", "pctHeld": 0.0041, "position": 391503, "value": 6679041180}, {"maxAge": 1, "reportDate": "2021-01-31", "organization": "Vanguard International Stock Index-Total Intl Stock Indx", "pctHeld": 0.004, "position": 388337, "value": 6625029220}, {"maxAge": 1, "reportDate": "2021-03-31", "organization": "iShares Core MSCI Emerging Markets ETF", "pctHeld": 0.0031, "position": 296265, "value": 5085447978}, {"maxAge": 1, "reportDate": "2021-03-31", "organization": "iShares MSCI India ETF", "pctHeld": 0.0025, "position": 236360, "value": 4057166672}, {"maxAge": 1, "reportDate": "2021-02-28", "organization": "Aberdeen Standard SICAV I-Indian Equity Fd", "pctHeld": 0.0018000001, "position": 177762, "value": 2862252619}, {"maxAge": 1, "reportDate": "2021-01-31", "organization": "Principal Diversified International Fund", "pctHeld": 0.0014, "position": 134763, "value": 2299056780}, {"maxAge": 1, "reportDate": "2021-03-31", "organization": "iShares MSCI Emerging Markets ETF", "pctHeld": 0.0014, "position": 130649, "value": 2242616214}, {"maxAge": 1, "reportDate": "2021-01-31", "organization": "Mirae Asset Discovery Fds-Emerging Markets Great Consumer Fd", "pctHeld": 0.0013, "position": 128400, "value": 2190504000}, {"maxAge": 1, "reportDate": "2021-03-31", "organization": "iShares ESG Aware MSCI EM ETF", "pctHeld": 0.001, "position": 97972, "value": 1681708974}, {"maxAge": 1, "reportDate": "2021-01-31", "organization": "DFA Emerging Markets Core Equity Portfolio", "pctHeld": 0.0008, "position": 77791, "value": 1327114460}], "maxAge": 1}, "summaryDetail": {"maxAge": 1, "priceHint": 2, "previousClose": 16502.55, "open": 16500.0, "dayLow": 16255.0, "dayHigh": 16569.2, "regularMarketPreviousClose": 16502.55, "regularMarketOpen": 16500.0, "regularMarketDayLow": 16255.0, "regularMarketDayHigh": 16569.2, "dividendRate": 286.0, "dividendYield": 0.0173, "exDividendDate": "2021-04-29 05:30:00", "payoutRatio": 0.9075, "fiveYearAvgDividendYield": 0.95, "beta": -0.081315, "trailingPE": 72.827034, "volume": 97625, "regularMarketVolume": 97625, "averageVolume": 121608, "averageVolume10days": 114136, "averageDailyVolume10Day": 114136, "bid": 0.0, "ask": 0.0, "bidSize": 0, "askSize": 0, "marketCap": 1572467638272, "fiftyTwoWeekLow": 15100.0, "fiftyTwoWeekHigh": 18844.0, "priceToSalesTrailing12Months": 11.551764, "fiftyDayAverage": 16632.229, "twoHundredDayAverage": 17053.057, "trailingAnnualDividendRate": 200.0, "trailingAnnualDividendYield": 0.012119339, "currency": "INR", "fromCurrency": null, "lastMarket": null, "algorithm": null, "tradeable": false}, "incomeStatementHistoryQuarterly": {"incomeStatementHistory": [{"maxAge": 1, "endDate": "2021-03-31", "totalRevenue": 36108200000, "costOfRevenue": 14976300000, "grossProfit": 21131900000, "researchDevelopment": {}, "sellingGeneralAdministrative": 3720200000, "nonRecurring": {}, "otherOperatingExpenses": 8111100000, "totalOperatingExpenses": 27743800000, "operatingIncome": 8364400000, "totalOtherIncomeExpenseNet": -245800000, "ebit": 8364400000, "interestExpense": -540400000, "incomeBeforeTax": 8118600000, "incomeTaxExpense": 2096100000, "minorityInterest": {}, "netIncomeFromContinuingOps": 6022500000, "discontinuedOperations": {}, "extraordinaryItems": {}, "effectOfAccountingCharges": {}, "otherItems": {}, "netIncome": 6022500000, "netIncomeApplicableToCommonShares": 6022500000}, {"maxAge": 1, "endDate": "2020-12-31", "totalRevenue": 34093600000, "costOfRevenue": 15001600000, "grossProfit": 19092000000, "researchDevelopment": {}, "sellingGeneralAdministrative": 13500100000, "nonRecurring": {}, "otherOperatingExpenses": -619300000, "totalOperatingExpenses": 28837400000, "operatingIncome": 5256200000, "totalOtherIncomeExpenseNet": 1445500000, "ebit": 5256200000, "interestExpense": -540400000, "incomeBeforeTax": 6701700000, "incomeTaxExpense": 1868600000, "minorityInterest": {}, "netIncomeFromContinuingOps": 4833100000, "discontinuedOperations": {}, "extraordinaryItems": {}, "effectOfAccountingCharges": {}, "otherItems": {}, "netIncome": 4833100000, "netIncomeApplicableToCommonShares": 4833100000}, {"maxAge": 1, "endDate": "2020-09-30", "totalRevenue": 35417000000, "costOfRevenue": 14842600000, "grossProfit": 20574400000, "researchDevelopment": {}, "sellingGeneralAdministrative": 3785600000, "nonRecurring": {}, "otherOperatingExpenses": 7798200000, "totalOperatingExpenses": 27337500000, "operatingIncome": 8079500000, "totalOtherIncomeExpenseNet": -214500000, "ebit": 8079500000, "interestExpense": -404500000, "incomeBeforeTax": 7865000000, "incomeTaxExpense": 1994100000, "minorityInterest": {}, "netIncomeFromContinuingOps": 5870900000, "discontinuedOperations": {}, "extraordinaryItems": {}, "effectOfAccountingCharges": {}, "otherItems": {}, "netIncome": 5870900000, "netIncomeApplicableToCommonShares": 5870900000}, {"maxAge": 1, "endDate": "2020-06-30", "totalRevenue": 30504800000, "costOfRevenue": 13318900000, "grossProfit": 17185900000, "researchDevelopment": {}, "sellingGeneralAdministrative": 3788500000, "nonRecurring": {}, "otherOperatingExpenses": 5813100000, "totalOperatingExpenses": 23844700000, "operatingIncome": 6660100000, "totalOtherIncomeExpenseNet": -137400000, "ebit": 6660100000, "interestExpense": -408000000, "incomeBeforeTax": 6522700000, "incomeTaxExpense": 1656700000, "minorityInterest": {}, "netIncomeFromContinuingOps": 4866000000, "discontinuedOperations": {}, "extraordinaryItems": {}, "effectOfAccountingCharges": {}, "otherItems": {}, "netIncome": 4866000000, "netIncomeApplicableToCommonShares": 4866000000}], "maxAge": 86400}, "cashflowStatementHistoryQuarterly": {"cashflowStatements": [{"maxAge": 1, "endDate": "2021-03-31", "netIncome": 6022500000, "changeToLiabilities": 0}, {"maxAge": 1, "endDate": "2020-12-31", "netIncome": 4833100000, "changeToLiabilities": 0}, {"maxAge": 1, "endDate": "2020-09-30", "netIncome": 5870900000, "changeToLiabilities": 0}, {"maxAge": 1, "endDate": "2020-06-30", "netIncome": 4866000000, "changeToLiabilities": 0}], "maxAge": 86400}, "insiderHolders": {"holders": [{"maxAge": 1, "name": "Khattar (Arti)", "relation": "UNREPORTED", "url": "", "transactionDescription": "Acquisition", "latestTransDate": "2015-12-16", "positionDirect": 715, "positionDirectDate": "2015-12-16"}], "maxAge": 1}, "calendarEvents": {"maxAge": 1, "earnings": {"earningsDate": []}, "exDividendDate": "2021-04-29 05:30:00"}, "upgradeDowngradeHistory": {"history": [], "maxAge": 86400}, "price": {"maxAge": 1, "regularMarketChangePercent": -0.011713388, "regularMarketChange": -193.30078, "regularMarketTime": "2021-04-30 15:30:00", "priceHint": 2, "regularMarketPrice": 16309.25, "regularMarketDayHigh": 16569.2, "regularMarketDayLow": 16255.0, "regularMarketVolume": 97625, "averageDailyVolume10Day": 114136, "averageDailyVolume3Month": 121608, "regularMarketPreviousClose": 16502.55, "regularMarketSource": "FREE_REALTIME", "regularMarketOpen": 16500.0, "exchange": "NSI", "exchangeName": "NSE", "exchangeDataDelayedBy": 15, "marketState": "CLOSED", "quoteType": "EQUITY", "symbol": "NESTLEIND.NS", "underlyingSymbol": null, "shortName": "NESTLE INDIA", "longName": "Nestl\u00e9 India Limited", "currency": "INR", "quoteSourceName": "Delayed Quote", "currencySymbol": "\u20b9", "fromCurrency": null, "lastMarket": null, "marketCap": 1572467638272}, "balanceSheetHistory": {"balanceSheetStatements": [{"maxAge": 1, "endDate": "2020-12-31", "cash": 17548000000, "shortTermInvestments": 7246400000, "netReceivables": 2305900000, "inventory": 14164800000, "otherCurrentAssets": 373700000, "totalCurrentAssets": 41850800000, "longTermInvestments": 7408300000, "propertyPlantEquipment": 28179900000, "otherAssets": 1558300000, "deferredLongTermAssetCharges": 199200000, "totalAssets": 78997300000, "accountsPayable": 15165800000, "shortLongTermDebt": 31200000, "otherCurrentLiab": 6011100000, "longTermDebt": 317200000, "otherLiab": 32903600000, "totalCurrentLiabilities": 24925500000, "totalLiab": 58803900000, "commonStock": 964200000, "retainedEarnings": 19549500000, "treasuryStock": -320300000, "otherStockholderEquity": -320300000, "totalStockholderEquity": 20193400000, "netTangibleAssets": 20193400000}, {"maxAge": 1, "endDate": "2019-12-31", "cash": 12931600000, "shortTermInvestments": 6977800000, "netReceivables": 1891700000, "inventory": 12830700000, "otherCurrentAssets": 330000000, "totalCurrentAssets": 38171700000, "longTermInvestments": 7436000000, "propertyPlantEquipment": 24847500000, "otherAssets": 1274200000, "totalAssets": 71729400000, "accountsPayable": 14915300000, "otherCurrentLiab": 3793400000, "longTermDebt": 531400000, "otherLiab": 29207800000, "totalCurrentLiabilities": 21905500000, "totalLiab": 52540700000, "commonStock": 964200000, "retainedEarnings": 18548000000, "treasuryStock": -323500000, "otherStockholderEquity": -323500000, "totalStockholderEquity": 19188700000, "netTangibleAssets": 19188700000}, {"maxAge": 1, "endDate": "2018-12-31", "cash": 15987700000, "shortTermInvestments": 15361000000, "netReceivables": 2082100000, "inventory": 9655500000, "otherCurrentAssets": 306800000, "totalCurrentAssets": 47369500000, "longTermInvestments": 7333600000, "propertyPlantEquipment": 25058200000, "otherAssets": 1119500000, "totalAssets": 80880800000, "accountsPayable": 12403700000, "otherCurrentLiab": 3753700000, "longTermDebt": 351400000, "otherLiab": 25242500000, "totalCurrentLiabilities": 18549500000, "totalLiab": 44143400000, "commonStock": 964200000, "retainedEarnings": 36062400000, "treasuryStock": -289200000, "otherStockholderEquity": -289200000, "totalStockholderEquity": 36737400000, "netTangibleAssets": 36737400000}, {"maxAge": 1, "endDate": "2017-12-31", "cash": 14476900000, "shortTermInvestments": 10413000000, "netReceivables": 1621000000, "inventory": 9024700000, "otherCurrentAssets": 238700000, "totalCurrentAssets": 39373900000, "longTermInvestments": 5852800000, "propertyPlantEquipment": 27103400000, "otherAssets": 1295800000, "totalAssets": 73625900000, "accountsPayable": 9846400000, "otherCurrentLiab": 3016800000, "longTermDebt": 351400000, "otherLiab": 24141500000, "totalCurrentLiabilities": 14927100000, "totalLiab": 39420000000, "commonStock": 964200000, "retainedEarnings": 33428800000, "treasuryStock": -187100000, "otherStockholderEquity": -187100000, "totalStockholderEquity": 34205900000, "netTangibleAssets": 34205900000}], "maxAge": 86400}, "financialData": {"maxAge": 86400, "currentPrice": 16309.25, "recommendationKey": "none", "totalCash": 24794400768, "totalCashPerShare": 257.161, "ebitda": 31461449728, "totalDebt": 1475800064, "totalRevenue": 136123596800, "debtToEquity": 7.308, "revenuePerShare": 1411.794, "grossProfits": 75572000000, "earningsGrowth": 0.146, "revenueGrowth": 0.086, "grossMargins": 0.57289004, "ebitdaMargins": 0.23111999, "operatingMargins": 0.20833999, "profitMargins": 0.15862, "financialCurrency": "INR"}}}