{"NETLINK.BO": {"recommendationTrend": {"trend": [{"period": "0m", "strongBuy": 0, "buy": 0, "hold": 0, "sell": 0, "strongSell": 0}, {"period": "-1m", "strongBuy": 0, "buy": 0, "hold": 0, "sell": 0, "strongSell": 0}, {"period": "-2m", "strongBuy": 0, "buy": 0, "hold": 0, "sell": 0, "strongSell": 0}, {"period": "-3m", "strongBuy": 0, "buy": 0, "hold": 0, "sell": 0, "strongSell": 0}], "maxAge": 86400}, "cashflowStatementHistory": {"cashflowStatements": [{"maxAge": 1, "endDate": "2020-03-31", "netIncome": -29844000, "depreciation": 336000, "changeToNetincome": 21650000, "changeToAccountReceivables": 4120000, "changeToLiabilities": -2108000, "totalCashFromOperatingActivities": -5846000, "investments": 4890000, "otherCashflowsFromInvestingActivities": 990000, "totalCashflowsFromInvestingActivities": 5880000, "otherCashflowsFromFinancingActivities": -4000, "totalCashFromFinancingActivities": -4000, "changeInCash": 30000}, {"maxAge": 1, "endDate": "2019-03-31", "netIncome": -3148000, "depreciation": 339000, "changeToNetincome": 3715000, "changeToAccountReceivables": 6764000, "changeToLiabilities": 1524000, "totalCashFromOperatingActivities": 9194000, "capitalExpenditures": -329000, "investments": -3365000, "otherCashflowsFromInvestingActivities": 683000, "totalCashflowsFromInvestingActivities": -3011000, "otherCashflowsFromFinancingActivities": -1000, "totalCashFromFinancingActivities": -9337000, "changeInCash": -3153000, "repurchaseOfStock": -9336000}, {"maxAge": 1, "endDate": "2018-03-31", "netIncome": 930000, "depreciation": 470000, "changeToNetincome": 1513000, "changeToAccountReceivables": 3157000, "changeToLiabilities": -2533000, "totalCashFromOperatingActivities": 3537000, "capitalExpenditures": -55000, "investments": -3101000, "otherCashflowsFromInvestingActivities": 1017000, "totalCashflowsFromInvestingActivities": -2139000, "netBorrowings": -1067000, "otherCashflowsFromFinancingActivities": -51000, "totalCashFromFinancingActivities": -1118000, "changeInCash": 281000, "repurchaseOfStock": -9336000}, {"maxAge": 1, "endDate": "2017-03-31", "netIncome": 23498000, "depreciation": 469000, "changeToNetincome": -23259000, "changeToAccountReceivables": -7143000, "changeToLiabilities": 1711000, "totalCashFromOperatingActivities": -4724000, "capitalExpenditures": -1632000, "investments": 226000, "otherCashflowsFromInvestingActivities": 768000, "totalCashflowsFromInvestingActivities": -638000, "netBorrowings": 1067000, "otherCashflowsFromFinancingActivities": -56000, "totalCashFromFinancingActivities": 1011000, "changeInCash": -4352000, "repurchaseOfStock": -9336000}], "maxAge": 86400}, "institutionOwnership": {"maxAge": 1, "ownershipList": []}, "balanceSheetHistoryQuarterly": {"balanceSheetStatements": [{"maxAge": 1, "endDate": "2020-06-30", "totalStockholderEquity": 72418000, "netTangibleAssets": 72418000}, {"maxAge": 1, "endDate": "2020-03-31", "cash": 576000, "shortTermInvestments": 116000, "netReceivables": 170000, "otherCurrentAssets": 26833000, "totalCurrentAssets": 27695000, "longTermInvestments": 40120000, "propertyPlantEquipment": 1690000, "otherAssets": 5686000, "deferredLongTermAssetCharges": 3127000, "totalAssets": 75191000, "otherCurrentLiab": 2476000, "totalCurrentLiabilities": 2773000, "totalLiab": 2773000, "commonStock": 25292000, "retainedEarnings": 42748000, "treasuryStock": 4378000, "otherStockholderEquity": 4378000, "totalStockholderEquity": 72418000, "netTangibleAssets": 72418000}, {"maxAge": 1, "endDate": "2019-12-31", "totalStockholderEquity": 92487000, "netTangibleAssets": 92487000}, {"maxAge": 1, "endDate": "2019-09-30", "cash": 5362000, "shortTermInvestments": 450000, "netReceivables": 552000, "otherCurrentAssets": 26486000, "totalCurrentAssets": 32850000, "longTermInvestments": 57117000, "propertyPlantEquipment": 1857000, "otherAssets": 3806000, "deferredLongTermAssetCharges": 1254000, "totalAssets": 95630000, "otherCurrentLiab": 2483000, "totalCurrentLiabilities": 3143000, "totalLiab": 3143000, "commonStock": 25292000, "treasuryStock": 67195000, "otherStockholderEquity": 67195000, "totalStockholderEquity": 92487000, "netTangibleAssets": 92487000}], "maxAge": 86400}, "earningsHistory": {"history": [{"maxAge": 1, "epsActual": {}, "epsEstimate": {}, "epsDifference": {}, "surprisePercent": {}, "quarter": {}, "period": "-4q"}, {"maxAge": 1, "epsActual": {}, "epsEstimate": {}, "epsDifference": {}, "surprisePercent": {}, "quarter": {}, "period": "-3q"}, {"maxAge": 1, "epsActual": {}, "epsEstimate": {}, "epsDifference": {}, "surprisePercent": {}, "quarter": {}, "period": "-2q"}, {"maxAge": 1, "epsActual": {}, "epsEstimate": {}, "epsDifference": {}, "surprisePercent": {}, "quarter": {}, "period": "-1q"}], "maxAge": 86400}, "indexTrend": {"maxAge": 1, "symbol": "SP5", "peRatio": 19.7411, "pegRatio": 1.34172, "estimates": [{"period": "0q", "growth": 0.549}, {"period": "+1q", "growth": 0.431}, {"period": "0y", "growth": 0.305}, {"period": "+1y", "growth": 0.109}, {"period": "+5y", "growth": 0.120859005}, {"period": "-5y"}]}, "industryTrend": {"maxAge": 1, "symbol": null, "estimates": []}, "insiderTransactions": {"transactions": [{"maxAge": 1, "shares": 2050, "filerUrl": "", "transactionText": "", "filerName": "Aditya Fincap Pvt Ltd", "filerRelation": "Promoter", "moneyText": "", "startDate": "2019-11-15", "ownership": "D"}, {"maxAge": 1, "shares": 25723, "filerUrl": "", "transactionText": "", "filerName": "Aditya Fincap Pvt Ltd", "filerRelation": "Promoter", "moneyText": "", "startDate": "2019-11-14", "ownership": "D"}, {"maxAge": 1, "shares": 11551, "filerUrl": "", "transactionText": "", "filerName": "Aditya Fincap Pvt Ltd", "filerRelation": "Promoter", "moneyText": "", "startDate": "2019-09-27", "ownership": "D"}, {"maxAge": 1, "shares": 56214, "filerUrl": "", "transactionText": "", "filerName": "Aditya Fincap Pvt Ltd", "filerRelation": "Promoter", "moneyText": "", "startDate": "2019-09-23", "ownership": "D"}], "maxAge": 1}, "quoteType": {"exchange": "BSE", "quoteType": "EQUITY", "symbol": "NETLINK.BO", "underlyingSymbol": "NETLINK.BO", "shortName": "NETLINK SOLUTIONS (INDIA) LTD.", "longName": "Netlink Solutions (India) Limited", "firstTradeDateEpochUtc": "2006-01-13 09:15:00", "timeZoneFullName": "Asia/Kolkata", "timeZoneShortName": "IST", "uuid": "9bd3fddc-4c78-3d20-9365-17128618e9e7", "messageBoardId": null, "gmtOffSetMilliseconds": 19800000, "maxAge": 1}, "incomeStatementHistory": {"incomeStatementHistory": [{"maxAge": 1, "endDate": "2020-03-31", "totalRevenue": 3374000, "costOfRevenue": 7307000, "grossProfit": -3933000, "researchDevelopment": {}, "sellingGeneralAdministrative": 980000, "nonRecurring": {}, "otherOperatingExpenses": 2668000, "totalOperatingExpenses": 11291000, "operatingIncome": -7917000, "totalOtherIncomeExpenseNet": -23604000, "ebit": -7917000, "interestExpense": {}, "incomeBeforeTax": -31521000, "incomeTaxExpense": -1677000, "minorityInterest": {}, "netIncomeFromContinuingOps": -29844000, "discontinuedOperations": {}, "extraordinaryItems": {}, "effectOfAccountingCharges": {}, "otherItems": {}, "netIncome": -29844000, "netIncomeApplicableToCommonShares": -29844000}, {"maxAge": 1, "endDate": "2019-03-31", "totalRevenue": 6244000, "costOfRevenue": 11514000, "grossProfit": -5270000, "researchDevelopment": {}, "sellingGeneralAdministrative": 76000, "nonRecurring": {}, "otherOperatingExpenses": 2086000, "totalOperatingExpenses": 14015000, "operatingIncome": -7771000, "totalOtherIncomeExpenseNet": 4210000, "ebit": -7771000, "interestExpense": -1000, "incomeBeforeTax": -3561000, "incomeTaxExpense": -413000, "minorityInterest": {}, "netIncomeFromContinuingOps": -3148000, "discontinuedOperations": {}, "extraordinaryItems": {}, "effectOfAccountingCharges": {}, "otherItems": {}, "netIncome": -3148000, "netIncomeApplicableToCommonShares": -3148000}, {"maxAge": 1, "endDate": "2018-03-31", "totalRevenue": 51293000, "costOfRevenue": 38642000, "grossProfit": 12651000, "researchDevelopment": {}, "sellingGeneralAdministrative": 65000, "nonRecurring": {}, "otherOperatingExpenses": 3115000, "totalOperatingExpenses": 42292000, "operatingIncome": 9001000, "totalOtherIncomeExpenseNet": -5160000, "ebit": 9001000, "interestExpense": -51000, "incomeBeforeTax": 3841000, "incomeTaxExpense": 2911000, "minorityInterest": {}, "netIncomeFromContinuingOps": 930000, "discontinuedOperations": {}, "extraordinaryItems": {}, "effectOfAccountingCharges": {}, "otherItems": {}, "netIncome": 930000, "netIncomeApplicableToCommonShares": 930000}, {"maxAge": 1, "endDate": "2017-03-31", "totalRevenue": 56239000, "costOfRevenue": 27878000, "grossProfit": 28361000, "researchDevelopment": {}, "sellingGeneralAdministrative": 90000, "nonRecurring": {}, "otherOperatingExpenses": 2567000, "totalOperatingExpenses": 31004000, "operatingIncome": 25235000, "totalOtherIncomeExpenseNet": 10000, "ebit": 25235000, "interestExpense": -56000, "incomeBeforeTax": 25245000, "incomeTaxExpense": 1747000, "minorityInterest": {}, "netIncomeFromContinuingOps": 23498000, "discontinuedOperations": {}, "extraordinaryItems": {}, "effectOfAccountingCharges": {}, "otherItems": {}, "netIncome": 23498000, "netIncomeApplicableToCommonShares": 23498000}], "maxAge": 86400}, "fundOwnership": {"maxAge": 1, "ownershipList": []}, "summaryDetail": {"maxAge": 1, "priceHint": 2, "previousClose": 16.65, "open": 16.75, "dayLow": 16.05, "dayHigh": 16.75, "regularMarketPreviousClose": 16.65, "regularMarketOpen": 16.75, "regularMarketDayLow": 16.05, "regularMarketDayHigh": 16.75, "volume": 1745, "regularMarketVolume": 1745, "averageVolume": 4612, "averageVolume10days": 142, "averageDailyVolume10Day": 142, "bid": 16.1, "ask": 16.75, "bidSize": 0, "askSize": 0, "marketCap": 42364436, "fiftyTwoWeekLow": 8.2, "fiftyTwoWeekHigh": 18.0, "fiftyDayAverage": 12.838572, "twoHundredDayAverage": 11.171295, "currency": "INR", "fromCurrency": null, "toCurrency": null, "lastMarket": null, "algorithm": null, "tradeable": false}, "sectorTrend": {"maxAge": 1, "symbol": null, "estimates": []}, "incomeStatementHistoryQuarterly": {"incomeStatementHistory": [{"maxAge": 1, "endDate": "2020-06-30", "totalRevenue": 9217000, "costOfRevenue": 691000, "grossProfit": 8526000, "researchDevelopment": {}, "sellingGeneralAdministrative": {}, "nonRecurring": {}, "otherOperatingExpenses": 831000, "totalOperatingExpenses": 1601000, "operatingIncome": 7616000, "totalOtherIncomeExpenseNet": -1000, "ebit": 7616000, "interestExpense": -1000, "incomeBeforeTax": 7615000, "incomeTaxExpense": -754000, "minorityInterest": {}, "netIncomeFromContinuingOps": 8369000, "discontinuedOperations": {}, "extraordinaryItems": {}, "effectOfAccountingCharges": {}, "otherItems": {}, "netIncome": 8369000, "netIncomeApplicableToCommonShares": 8369000}, {"maxAge": 1, "endDate": "2020-03-31", "totalRevenue": -2681000, "costOfRevenue": 2099000, "grossProfit": -4780000, "researchDevelopment": {}, "sellingGeneralAdministrative": 980000, "nonRecurring": {}, "otherOperatingExpenses": -9652000, "totalOperatingExpenses": -6490000, "operatingIncome": 3809000, "totalOtherIncomeExpenseNet": -23600000, "ebit": 3809000, "interestExpense": -1000, "incomeBeforeTax": -19791000, "incomeTaxExpense": -398000, "minorityInterest": {}, "netIncomeFromContinuingOps": -19393000, "discontinuedOperations": {}, "extraordinaryItems": {}, "effectOfAccountingCharges": {}, "otherItems": {}, "netIncome": -19393000, "netIncomeApplicableToCommonShares": -19393000}, {"maxAge": 1, "endDate": "2019-12-31", "totalRevenue": 433000, "costOfRevenue": 1764000, "grossProfit": -1331000, "researchDevelopment": {}, "sellingGeneralAdministrative": 980000, "nonRecurring": {}, "otherOperatingExpenses": 620000, "totalOperatingExpenses": 2468000, "operatingIncome": -2035000, "totalOtherIncomeExpenseNet": -1000, "ebit": -2035000, "interestExpense": -1000, "incomeBeforeTax": -2036000, "incomeTaxExpense": -1360000, "minorityInterest": {}, "netIncomeFromContinuingOps": -676000, "discontinuedOperations": {}, "extraordinaryItems": {}, "effectOfAccountingCharges": {}, "otherItems": {}, "netIncome": -676000, "netIncomeApplicableToCommonShares": -676000}, {"maxAge": 1, "endDate": "2019-09-30", "totalRevenue": 5172000, "costOfRevenue": 1788000, "grossProfit": 3384000, "researchDevelopment": {}, "sellingGeneralAdministrative": 980000, "nonRecurring": {}, "otherOperatingExpenses": 5905000, "totalOperatingExpenses": 7777000, "operatingIncome": -2605000, "totalOtherIncomeExpenseNet": 0, "ebit": -2605000, "interestExpense": -1000, "incomeBeforeTax": -2605000, "incomeTaxExpense": 794000, "minorityInterest": {}, "netIncomeFromContinuingOps": -3399000, "discontinuedOperations": {}, "extraordinaryItems": {}, "effectOfAccountingCharges": {}, "otherItems": {}, "netIncome": -3399000, "netIncomeApplicableToCommonShares": -3399000}], "maxAge": 86400}, "cashflowStatementHistoryQuarterly": {"cashflowStatements": [{"maxAge": 1, "endDate": "2020-06-30", "netIncome": 8369000, "changeToLiabilities": 0}, {"maxAge": 1, "endDate": "2020-03-31", "netIncome": -19393000, "changeToLiabilities": 0}, {"maxAge": 1, "endDate": "2019-12-31", "netIncome": -676000, "changeToLiabilities": 0}, {"maxAge": 1, "endDate": "2019-09-30", "netIncome": -3399000, "changeToLiabilities": 0}], "maxAge": 86400}, "insiderHolders": {"holders": [{"maxAge": 1, "name": "Aditya Fincap Pvt Ltd", "relation": "Promoter", "url": "", "transactionDescription": "Acquisition", "latestTransDate": "2019-11-15", "positionDirect": 95600, "positionDirectDate": "2019-11-15"}], "maxAge": 1}, "earnings": {"maxAge": 86400, "earningsChart": {"quarterly": [], "earningsDate": ["2020-07-16 05:30:S"]}, "financialsChart": {"yearly": [{"date": 2017, "revenue": 56239000, "earnings": 23498000}, {"date": 2018, "revenue": 51293000, "earnings": 930000}, {"date": 2019, "revenue": 6244000, "earnings": -3148000}, {"date": 2020, "revenue": 3374000, "earnings": -29844000}], "quarterly": [{"date": "3Q2019", "revenue": 5172000, "earnings": -3399000}, {"date": "4Q2019", "revenue": 433000, "earnings": -676000}, {"date": "1Q2020", "revenue": -2681000, "earnings": -19393000}, {"date": "2Q2020", "revenue": 9217000, "earnings": 8369000}]}, "financialCurrency": "INR"}, "calendarEvents": {"maxAge": 1, "earnings": {"earningsDate": ["2020-07-16 05:30:S"]}}, "price": {"maxAge": 1, "regularMarketChangePercent": 0.0060060294, "regularMarketChange": 0.10000038, "regularMarketTime": "2021-04-30 15:43:18", "priceHint": 2, "regularMarketPrice": 16.75, "regularMarketDayHigh": 16.75, "regularMarketDayLow": 16.05, "regularMarketVolume": 1745, "averageDailyVolume10Day": 142, "averageDailyVolume3Month": 4612, "regularMarketPreviousClose": 16.65, "regularMarketSource": "FREE_REALTIME", "regularMarketOpen": 16.75, "exchange": "BSE", "exchangeName": "BSE", "exchangeDataDelayedBy": 0, "marketState": "CLOSED", "quoteType": "EQUITY", "symbol": "NETLINK.BO", "underlyingSymbol": null, "shortName": "NETLINK SOLUTIONS (INDIA) LTD.", "longName": "Netlink Solutions (India) Limited", "currency": "INR", "quoteSourceName": "Delayed Quote", "currencySymbol": "\u20b9", "fromCurrency": null, "toCurrency": null, "lastMarket": null, "marketCap": 42364436}, "balanceSheetHistory": {"balanceSheetStatements": [{"maxAge": 1, "endDate": "2020-03-31", "cash": 576000, "shortTermInvestments": 116000, "netReceivables": 170000, "otherCurrentAssets": 26833000, "totalCurrentAssets": 27695000, "longTermInvestments": 40120000, "propertyPlantEquipment": 1690000, "otherAssets": 5686000, "deferredLongTermAssetCharges": 3127000, "totalAssets": 75191000, "otherCurrentLiab": 2476000, "totalCurrentLiabilities": 2773000, "totalLiab": 2773000, "commonStock": 25292000, "retainedEarnings": 42748000, "treasuryStock": 4378000, "otherStockholderEquity": 4378000, "totalStockholderEquity": 72418000, "netTangibleAssets": 72418000}, {"maxAge": 1, "endDate": "2019-03-31", "cash": 550000, "shortTermInvestments": 112000, "netReceivables": 4745000, "otherCurrentAssets": 26378000, "totalCurrentAssets": 31785000, "longTermInvestments": 69608000, "propertyPlantEquipment": 2026000, "otherAssets": 3725000, "deferredLongTermAssetCharges": 1336000, "totalAssets": 107144000, "otherCurrentLiab": 2495000, "otherLiab": 1000, "totalCurrentLiabilities": 4881000, "totalLiab": 4882000, "commonStock": 25292000, "retainedEarnings": 72592000, "treasuryStock": 4378000, "otherStockholderEquity": 4378000, "totalStockholderEquity": 102262000, "netTangibleAssets": 102262000}, {"maxAge": 1, "endDate": "2018-03-31", "cash": 1009000, "shortTermInvestments": 2806000, "netReceivables": 3773000, "otherCurrentAssets": 34109000, "totalCurrentAssets": 41697000, "longTermInvestments": 71960000, "propertyPlantEquipment": 1669000, "otherAssets": 2777000, "deferredLongTermAssetCharges": 923000, "totalAssets": 118103000, "accountsPayable": 101000, "otherCurrentLiab": 2587000, "totalCurrentLiabilities": 3357000, "totalLiab": 3357000, "commonStock": 29670000, "retainedEarnings": 85076000, "totalStockholderEquity": 114746000, "netTangibleAssets": 114746000}, {"maxAge": 1, "endDate": "2017-03-31", "cash": 3436000, "shortTermInvestments": 99000, "netReceivables": 10200000, "otherCurrentAssets": 30838000, "totalCurrentAssets": 44573000, "longTermInvestments": 71186000, "propertyPlantEquipment": 2085000, "otherAssets": 2929000, "deferredLongTermAssetCharges": 2657000, "totalAssets": 120773000, "accountsPayable": 879000, "shortLongTermDebt": 495000, "otherCurrentLiab": 2372000, "longTermDebt": 572000, "totalCurrentLiabilities": 6385000, "totalLiab": 6957000, "commonStock": 29670000, "retainedEarnings": 84146000, "totalStockholderEquity": 113816000, "netTangibleAssets": 113816000}], "maxAge": 86400}, "earningsTrend": {"trend": [{"maxAge": 1, "period": "0q", "endDate": null, "growth": {}, "earningsEstimate": {"avg": 0.0, "low": 0.0, "high": 0.0, "yearAgoEps": {}, "numberOfAnalysts": 0, "growth": {}}, "revenueEstimate": {"avg": 0, "low": 0, "high": 0, "numberOfAnalysts": 0, "yearAgoRevenue": {}, "growth": {}}, "epsTrend": {"current": 0.0, "7daysAgo": 0.0, "30daysAgo": 0.0, "60daysAgo": 0.0, "90daysAgo": 0.0}, "epsRevisions": {"upLast7days": 0, "upLast30days": 0, "downLast30days": 0, "downLast90days": {}}}, {"maxAge": 1, "period": "+1q", "endDate": null, "growth": {}, "earningsEstimate": {"avg": 0.0, "low": 0.0, "high": 0.0, "yearAgoEps": {}, "numberOfAnalysts": 0, "growth": {}}, "revenueEstimate": {"avg": 0, "low": 0, "high": 0, "numberOfAnalysts": 0, "yearAgoRevenue": {}, "growth": {}}, "epsTrend": {"current": 0.0, "7daysAgo": 0.0, "30daysAgo": 0.0, "60daysAgo": 0.0, "90daysAgo": 0.0}, "epsRevisions": {"upLast7days": 0, "upLast30days": 0, "downLast30days": 0, "downLast90days": {}}}, {"maxAge": 1, "period": "0y", "endDate": null, "growth": {}, "earningsEstimate": {"avg": 0.0, "low": 0.0, "high": 0.0, "yearAgoEps": {}, "numberOfAnalysts": 0, "growth": {}}, "revenueEstimate": {"avg": 0, "low": 0, "high": 0, "numberOfAnalysts": 0, "yearAgoRevenue": {}, "growth": {}}, "epsTrend": {"current": 0.0, "7daysAgo": 0.0, "30daysAgo": 0.0, "60daysAgo": 0.0, "90daysAgo": 0.0}, "epsRevisions": {"upLast7days": 0, "upLast30days": 0, "downLast30days": 0, "downLast90days": {}}}, {"maxAge": 1, "period": "+1y", "endDate": null, "growth": {}, "earningsEstimate": {"avg": 0.0, "low": 0.0, "high": 0.0, "yearAgoEps": {}, "numberOfAnalysts": 0, "growth": {}}, "revenueEstimate": {"avg": 0, "low": 0, "high": 0, "numberOfAnalysts": 0, "yearAgoRevenue": {}, "growth": {}}, "epsTrend": {"current": 0.0, "7daysAgo": 0.0, "30daysAgo": 0.0, "60daysAgo": 0.0, "90daysAgo": 0.0}, "epsRevisions": {"upLast7days": 0, "upLast30days": 0, "downLast30days": 0, "downLast90days": {}}}, {"maxAge": 1, "period": "+5y", "endDate": null, "growth": {}, "earningsEstimate": {"avg": {}, "low": {}, "high": {}, "yearAgoEps": {}, "numberOfAnalysts": {}, "growth": {}}, "revenueEstimate": {"avg": {}, "low": {}, "high": {}, "numberOfAnalysts": {}, "yearAgoRevenue": {}, "growth": {}}, "epsTrend": {"current": {}, "7daysAgo": {}, "30daysAgo": {}, "60daysAgo": {}, "90daysAgo": {}}, "epsRevisions": {"upLast7days": {}, "upLast30days": {}, "downLast30days": {}, "downLast90days": {}}}, {"maxAge": 1, "period": "-5y", "endDate": null, "growth": {}, "earningsEstimate": {"avg": {}, "low": {}, "high": {}, "yearAgoEps": {}, "numberOfAnalysts": {}, "growth": {}}, "revenueEstimate": {"avg": {}, "low": {}, "high": {}, "numberOfAnalysts": {}, "yearAgoRevenue": {}, "growth": {}}, "epsTrend": {"current": {}, "7daysAgo": {}, "30daysAgo": {}, "60daysAgo": {}, "90daysAgo": {}}, "epsRevisions": {"upLast7days": {}, "upLast30days": {}, "downLast30days": {}, "downLast90days": {}}}], "maxAge": 1}, "financialData": {"maxAge": 86400, "currentPrice": 16.75, "recommendationKey": "none", "grossProfits": -3933000, "financialCurrency": "INR"}}}