{"NETTLINX.BO": {"cashflowStatementHistory": {"cashflowStatements": [{"maxAge": 1, "endDate": "2020-03-31", "netIncome": 17305945, "depreciation": 6517289, "changeToNetincome": -4081945, "changeToAccountReceivables": -123670000, "changeToLiabilities": 153846000, "changeToInventory": -18186000, "changeToOperatingActivities": 71989000, "totalCashFromOperatingActivities": 103796000, "capitalExpenditures": -24929000, "investments": -189120000, "otherCashflowsFromInvestingActivities": 94000, "totalCashflowsFromInvestingActivities": -204943000, "netBorrowings": -93101000, "otherCashflowsFromFinancingActivities": -11324000, "totalCashFromFinancingActivities": 116975000, "changeInCash": 15829000, "issuanceOfStock": 221400000}, {"maxAge": 1, "endDate": "2019-03-31", "netIncome": 32009193, "depreciation": 8233961, "changeToNetincome": 24009807, "changeToAccountReceivables": -28593000, "changeToLiabilities": -2176000, "changeToInventory": -18186000, "changeToOperatingActivities": 21512000, "totalCashFromOperatingActivities": 55056000, "capitalExpenditures": -33215000, "investments": 6324000, "otherCashflowsFromInvestingActivities": 131000, "totalCashflowsFromInvestingActivities": -27453000, "netBorrowings": 39426000, "otherCashflowsFromFinancingActivities": -27125000, "totalCashFromFinancingActivities": 12301000, "changeInCash": 620000, "issuanceOfStock": 221400000}, {"maxAge": 1, "endDate": "2018-03-31", "netIncome": -64487727, "depreciation": 6350000, "changeToNetincome": 77617727, "changeToAccountReceivables": 7820000, "changeToLiabilities": 3970000, "changeToInventory": -90000, "changeToOperatingActivities": -2220000, "totalCashFromOperatingActivities": 28960000, "capitalExpenditures": -16870000, "investments": 6324000, "otherCashflowsFromInvestingActivities": 19920000, "totalCashflowsFromInvestingActivities": -69450000, "netBorrowings": 55640000, "otherCashflowsFromFinancingActivities": -24510000, "totalCashFromFinancingActivities": 31130000, "changeInCash": -9370000, "issuanceOfStock": 221400000}, {"maxAge": 1, "endDate": "2017-03-31", "netIncome": 23428378, "depreciation": 4299000, "changeToNetincome": 1864622, "changeToAccountReceivables": -39367000, "changeToLiabilities": -3428000, "changeToInventory": 2220000, "changeToOperatingActivities": -2220000, "totalCashFromOperatingActivities": -10983000, "capitalExpenditures": -28777000, "investments": 6324000, "otherCashflowsFromInvestingActivities": 6412000, "totalCashflowsFromInvestingActivities": -27021000, "netBorrowings": 37776000, "otherCashflowsFromFinancingActivities": 47122000, "totalCashFromFinancingActivities": 84898000, "changeInCash": 46894000, "issuanceOfStock": 221400000}], "maxAge": 86400}, "institutionOwnership": {"maxAge": 1, "ownershipList": []}, "balanceSheetHistoryQuarterly": {"balanceSheetStatements": [{"maxAge": 1, "endDate": "2020-06-30", "totalStockholderEquity": 319061383, "netTangibleAssets": 315205344}, {"maxAge": 1, "endDate": "2020-03-31", "cash": 53906920, "shortTermInvestments": 1400000, "netReceivables": 286272535, "inventory": 124587838, "otherCurrentAssets": 41819793, "totalCurrentAssets": 508215461, "longTermInvestments": 3732326, "propertyPlantEquipment": 300742182, "goodWill": 1956344, "intangibleAssets": 1899695, "otherAssets": 13132224, "deferredLongTermAssetCharges": 10630224, "totalAssets": 829678232, "accountsPayable": 163903668, "shortLongTermDebt": 14918114, "otherCurrentLiab": 64190420, "longTermDebt": 142064275, "otherLiab": 3525566, "minorityInterest": 69862766, "totalCurrentLiabilities": 295164241, "totalLiab": 440754082, "commonStock": 114633120, "retainedEarnings": 64844254, "treasuryStock": 114984434, "capitalSurplus": 24599575, "otherStockholderEquity": 114984434, "totalStockholderEquity": 319061383, "netTangibleAssets": 315205344}, {"maxAge": 1, "endDate": "2019-12-31", "totalStockholderEquity": 279285486, "netTangibleAssets": 271189787}, {"maxAge": 1, "endDate": "2019-09-30", "cash": 50140879, "shortTermInvestments": 1860282, "netReceivables": 95741114, "inventory": 111564464, "otherCurrentAssets": 101149110, "totalCurrentAssets": 360455849, "longTermInvestments": 3709762, "propertyPlantEquipment": 294816849, "goodWill": 6023073, "intangibleAssets": 2072626, "otherAssets": 13137552, "deferredLongTermAssetCharges": 10532665, "totalAssets": 680215711, "accountsPayable": 9808780, "otherCurrentLiab": 88138425, "longTermDebt": 112010462, "otherLiab": 57115235, "minorityInterest": 70576439, "totalCurrentLiabilities": 161228089, "totalLiab": 330353786, "commonStock": 114633120, "treasuryStock": 164652366, "otherStockholderEquity": 164652366, "totalStockholderEquity": 279285486, "netTangibleAssets": 271189787}], "maxAge": 86400}, "indexTrend": {"maxAge": 1, "symbol": "SP5", "peRatio": 19.7411, "pegRatio": 1.34172, "estimates": [{"period": "0q", "growth": 0.549}, {"period": "+1q", "growth": 0.431}, {"period": "0y", "growth": 0.305}, {"period": "+1y", "growth": 0.109}, {"period": "+5y", "growth": 0.120859005}, {"period": "-5y"}]}, "insiderTransactions": {"transactions": [{"maxAge": 1, "shares": 14783, "filerUrl": "", "transactionText": "", "filerName": "Reddy (Manohar Loka) HUF", "filerRelation": "UNREPORTED", "moneyText": "", "startDate": "2018-12-03", "ownership": "D"}], "maxAge": 1}, "quoteType": {"exchange": "BSE", "quoteType": "EQUITY", "symbol": "NETTLINX.BO", "underlyingSymbol": "NETTLINX.BO", "shortName": "NETTLINX LTD.", "longName": "Nettlinx Limited", "firstTradeDateEpochUtc": "2002-01-01 09:15:00", "timeZoneFullName": "Asia/Kolkata", "timeZoneShortName": "IST", "uuid": "2aa9577a-7400-300e-a3d3-872a5eccb5dc", "messageBoardId": null, "gmtOffSetMilliseconds": 19800000, "maxAge": 1}, "incomeStatementHistory": {"incomeStatementHistory": [{"maxAge": 1, "endDate": "2020-03-31", "totalRevenue": 468022721, "costOfRevenue": 398336227, "grossProfit": 69686494, "researchDevelopment": {}, "sellingGeneralAdministrative": 4970880, "nonRecurring": {}, "otherOperatingExpenses": 37639347, "totalOperatingExpenses": 447707637, "operatingIncome": 20315084, "totalOtherIncomeExpenseNet": 2096920, "ebit": 20315084, "interestExpense": -11323395, "incomeBeforeTax": 22412004, "incomeTaxExpense": 6935175, "minorityInterest": 69862766, "netIncomeFromContinuingOps": 15476829, "discontinuedOperations": {}, "extraordinaryItems": {}, "effectOfAccountingCharges": {}, "otherItems": {}, "netIncome": 17305945, "netIncomeApplicableToCommonShares": 17305945}, {"maxAge": 1, "endDate": "2019-03-31", "totalRevenue": 205981597, "costOfRevenue": 92210133, "grossProfit": 113771464, "researchDevelopment": {}, "sellingGeneralAdministrative": 4052139, "nonRecurring": {}, "otherOperatingExpenses": 54081458, "totalOperatingExpenses": 160174944, "operatingIncome": 45806653, "totalOtherIncomeExpenseNet": 721739, "ebit": 45806653, "interestExpense": -27957763, "incomeBeforeTax": 46528392, "incomeTaxExpense": 15759273, "minorityInterest": 71691882, "netIncomeFromContinuingOps": 30769119, "discontinuedOperations": {}, "extraordinaryItems": {}, "effectOfAccountingCharges": {}, "otherItems": {}, "netIncome": 32009193, "netIncomeApplicableToCommonShares": 32009193}, {"maxAge": 1, "endDate": "2018-03-31", "totalRevenue": 157170475, "costOfRevenue": 81356835, "grossProfit": 75813640, "researchDevelopment": {}, "sellingGeneralAdministrative": 4966122, "nonRecurring": {}, "otherOperatingExpenses": 43327908, "totalOperatingExpenses": 135996866, "operatingIncome": 21173609, "totalOtherIncomeExpenseNet": -2103946, "ebit": 21173609, "interestExpense": -21305344, "incomeBeforeTax": 19069663, "incomeTaxExpense": 12257647, "minorityInterest": 72931956, "netIncomeFromContinuingOps": 6812016, "discontinuedOperations": {}, "extraordinaryItems": {}, "effectOfAccountingCharges": {}, "otherItems": {}, "netIncome": -64487727, "netIncomeApplicableToCommonShares": -64487727}, {"maxAge": 1, "endDate": "2017-03-31", "totalRevenue": 189999517, "costOfRevenue": 80980698, "grossProfit": 109018819, "researchDevelopment": {}, "sellingGeneralAdministrative": 4736141, "nonRecurring": {}, "otherOperatingExpenses": 64198940, "totalOperatingExpenses": 153922655, "operatingIncome": 36076862, "totalOtherIncomeExpenseNet": -2507655, "ebit": 36076862, "interestExpense": -12335071, "incomeBeforeTax": 33569207, "incomeTaxExpense": 8508616, "minorityInterest": 1632213, "netIncomeFromContinuingOps": 25060591, "discontinuedOperations": {}, "extraordinaryItems": {}, "effectOfAccountingCharges": {}, "otherItems": {}, "netIncome": 23428378, "netIncomeApplicableToCommonShares": 23428378}], "maxAge": 86400}, "fundOwnership": {"maxAge": 1, "ownershipList": []}, "summaryDetail": {"maxAge": 1, "priceHint": 2, "previousClose": 60.05, "open": 69.95, "dayLow": 59.0, "dayHigh": 69.95, "regularMarketPreviousClose": 60.05, "regularMarketOpen": 69.95, "regularMarketDayLow": 59.0, "regularMarketDayHigh": 69.95, "trailingPE": 73.352936, "volume": 6229, "regularMarketVolume": 6229, "averageVolume": 9955, "averageVolume10days": 5112, "averageDailyVolume10Day": 5112, "bid": 61.0, "ask": 62.9, "bidSize": 0, "askSize": 0, "marketCap": 714736768, "fiftyTwoWeekLow": 12.75, "fiftyTwoWeekHigh": 72.5, "fiftyDayAverage": 66.622856, "twoHundredDayAverage": 59.85073, "currency": "INR", "fromCurrency": null, "toCurrency": null, "lastMarket": null, "algorithm": null, "tradeable": false}, "incomeStatementHistoryQuarterly": {"incomeStatementHistory": [{"maxAge": 1, "endDate": "2020-06-30", "totalRevenue": 72213000, "costOfRevenue": 35609000, "grossProfit": 36604000, "researchDevelopment": {}, "sellingGeneralAdministrative": 27154000, "nonRecurring": {}, "otherOperatingExpenses": {}, "totalOperatingExpenses": 64186000, "operatingIncome": 8027000, "totalOtherIncomeExpenseNet": -2710000, "ebit": 8027000, "interestExpense": -2753000, "incomeBeforeTax": 5317000, "incomeTaxExpense": 1109000, "minorityInterest": {}, "netIncomeFromContinuingOps": 4208000, "discontinuedOperations": {}, "extraordinaryItems": {}, "effectOfAccountingCharges": {}, "otherItems": {}, "netIncome": 4208000, "netIncomeApplicableToCommonShares": 4208000}, {"maxAge": 1, "endDate": "2020-03-31", "totalRevenue": 191838721, "costOfRevenue": 218455227, "grossProfit": -26616506, "researchDevelopment": {}, "sellingGeneralAdministrative": -62847120, "nonRecurring": {}, "otherOperatingExpenses": 37639347, "totalOperatingExpenses": 192588637, "operatingIncome": -749916, "totalOtherIncomeExpenseNet": -743080, "ebit": -749916, "interestExpense": -2753000, "incomeBeforeTax": -1492996, "incomeTaxExpense": -3368825, "minorityInterest": 69862766, "netIncomeFromContinuingOps": 1875829, "discontinuedOperations": {}, "extraordinaryItems": {}, "effectOfAccountingCharges": {}, "otherItems": {}, "netIncome": 3704945, "netIncomeApplicableToCommonShares": 3704945}, {"maxAge": 1, "endDate": "2019-12-31", "totalRevenue": 133417000, "costOfRevenue": 80040000, "grossProfit": 53377000, "researchDevelopment": {}, "sellingGeneralAdministrative": 42678000, "nonRecurring": {}, "otherOperatingExpenses": 37639347, "totalOperatingExpenses": 125191000, "operatingIncome": 8226000, "totalOtherIncomeExpenseNet": -2262000, "ebit": 8226000, "interestExpense": -2667000, "incomeBeforeTax": 5964000, "incomeTaxExpense": 2891000, "minorityInterest": 69862766, "netIncomeFromContinuingOps": 3073000, "discontinuedOperations": {}, "extraordinaryItems": {}, "effectOfAccountingCharges": {}, "otherItems": {}, "netIncome": 3073000, "netIncomeApplicableToCommonShares": 3073000}, {"maxAge": 1, "endDate": "2019-09-30", "totalRevenue": 89337000, "costOfRevenue": 34516000, "grossProfit": 54821000, "researchDevelopment": {}, "sellingGeneralAdministrative": 46459000, "nonRecurring": {}, "otherOperatingExpenses": 37639347, "totalOperatingExpenses": 83457000, "operatingIncome": 5880000, "totalOtherIncomeExpenseNet": -1159000, "ebit": 5880000, "interestExpense": -3102000, "incomeBeforeTax": 4721000, "incomeTaxExpense": 1969000, "minorityInterest": 70576439, "netIncomeFromContinuingOps": 2752000, "discontinuedOperations": {}, "extraordinaryItems": {}, "effectOfAccountingCharges": {}, "otherItems": {}, "netIncome": 2752000, "netIncomeApplicableToCommonShares": 2752000}], "maxAge": 86400}, "cashflowStatementHistoryQuarterly": {"cashflowStatements": [{"maxAge": 1, "endDate": "2020-06-30", "netIncome": 4208000, "changeToLiabilities": 0}, {"maxAge": 1, "endDate": "2020-03-31", "netIncome": 3704945, "changeToLiabilities": 0}, {"maxAge": 1, "endDate": "2019-12-31", "netIncome": 3073000, "changeToLiabilities": 0}, {"maxAge": 1, "endDate": "2019-09-30", "netIncome": 2752000, "changeToLiabilities": 0}], "maxAge": 86400}, "insiderHolders": {"holders": [{"maxAge": 1, "name": "Reddy (Manohar Loka) HUF", "relation": "UNREPORTED", "url": "", "transactionDescription": "Acquisition", "latestTransDate": "2018-12-03", "positionDirect": 108926, "positionDirectDate": "2018-12-03"}], "maxAge": 1}, "calendarEvents": {"maxAge": 1, "earnings": {"earningsDate": []}}, "price": {"maxAge": 1, "regularMarketChangePercent": 0.038301405, "regularMarketChange": 2.2999992, "regularMarketTime": "2021-04-30 15:18:17", "priceHint": 2, "regularMarketPrice": 62.35, "regularMarketDayHigh": 69.95, "regularMarketDayLow": 59.0, "regularMarketVolume": 6229, "averageDailyVolume10Day": 5112, "averageDailyVolume3Month": 9955, "regularMarketPreviousClose": 60.05, "regularMarketSource": "FREE_REALTIME", "regularMarketOpen": 69.95, "exchange": "BSE", "exchangeName": "BSE", "exchangeDataDelayedBy": 0, "marketState": "CLOSED", "quoteType": "EQUITY", "symbol": "NETTLINX.BO", "underlyingSymbol": null, "shortName": "NETTLINX LTD.", "longName": "Nettlinx Limited", "currency": "INR", "quoteSourceName": "Delayed Quote", "currencySymbol": "\u20b9", "fromCurrency": null, "toCurrency": null, "lastMarket": null, "marketCap": 714736768}, "balanceSheetHistory": {"balanceSheetStatements": [{"maxAge": 1, "endDate": "2020-03-31", "cash": 53906920, "shortTermInvestments": 1400000, "netReceivables": 286272535, "inventory": 124587838, "otherCurrentAssets": 41819793, "totalCurrentAssets": 508215461, "longTermInvestments": 3732326, "propertyPlantEquipment": 300742182, "goodWill": 1956344, "intangibleAssets": 1899695, "otherAssets": 13132224, "deferredLongTermAssetCharges": 10630224, "totalAssets": 829678232, "accountsPayable": 163903668, "shortLongTermDebt": 14918114, "otherCurrentLiab": 64190420, "longTermDebt": 142064275, "otherLiab": 3525566, "minorityInterest": 69862766, "totalCurrentLiabilities": 295164241, "totalLiab": 440754082, "commonStock": 114633120, "retainedEarnings": 64844254, "treasuryStock": 114984434, "capitalSurplus": 24599575, "otherStockholderEquity": 114984434, "totalStockholderEquity": 319061383, "netTangibleAssets": 315205344}, {"maxAge": 1, "endDate": "2019-03-31", "cash": 42144878, "shortTermInvestments": 1200000, "netReceivables": 188232343, "inventory": 106401464, "otherCurrentAssets": 31938573, "totalCurrentAssets": 370274527, "longTermInvestments": 3709762, "propertyPlantEquipment": 294975215, "goodWill": 6023073, "intangibleAssets": 1975406, "otherAssets": 12344666, "deferredLongTermAssetCharges": 10532666, "totalAssets": 689302649, "accountsPayable": 7880764, "otherCurrentLiab": 143413917, "longTermDebt": 118087989, "otherLiab": 3021068, "minorityInterest": 71691882, "totalCurrentLiabilities": 215052447, "totalLiab": 336161504, "commonStock": 114633120, "retainedEarnings": 47538309, "treasuryStock": 94678256, "capitalSurplus": 24599575, "otherStockholderEquity": 94678256, "totalStockholderEquity": 281449260, "netTangibleAssets": 273450781}, {"maxAge": 1, "endDate": "2018-03-31", "cash": 41524872, "shortTermInvestments": 8560410, "netReceivables": 123776292, "inventory": 85907764, "otherCurrentAssets": 32039061, "totalCurrentAssets": 291922832, "longTermInvestments": 3033562, "propertyPlantEquipment": 253713628, "goodWill": 1956344, "intangibleAssets": 436422, "otherAssets": 11598712, "deferredLongTermAssetCharges": 10479701, "totalAssets": 562661500, "accountsPayable": 10056755, "shortLongTermDebt": 7068068, "otherCurrentLiab": 65887196, "longTermDebt": 87715324, "otherLiab": 1517046, "minorityInterest": 72931956, "totalCurrentLiabilities": 151018679, "totalLiab": 240251049, "commonStock": 114633120, "treasuryStock": 134845375, "otherStockholderEquity": 134845375, "totalStockholderEquity": 249478495, "netTangibleAssets": 247085729}, {"maxAge": 1, "endDate": "2017-03-31", "cash": 50889407, "shortTermInvestments": 7500680, "netReceivables": 122081513, "inventory": 85815387, "otherCurrentAssets": 36990131, "totalCurrentAssets": 303443612, "longTermInvestments": 4285191, "propertyPlantEquipment": 69362344, "otherAssets": 20321447, "deferredLongTermAssetCharges": 18399236, "totalAssets": 397412594, "accountsPayable": 6436086, "shortLongTermDebt": 4305554, "otherCurrentLiab": 66507202, "longTermDebt": 42606820, "otherLiab": 1587999, "minorityInterest": 1632213, "totalCurrentLiabilities": 128026144, "totalLiab": 172220963, "commonStock": 114633120, "treasuryStock": 108926298, "otherStockholderEquity": 108926298, "totalStockholderEquity": 223559418, "netTangibleAssets": 223559418}], "maxAge": 86400}, "financialData": {"maxAge": 86400, "currentPrice": 62.35, "recommendationKey": "none", "grossProfits": 69686494, "financialCurrency": "INR"}}}