{"NEXTMEDIA.NS": {"assetProfile": {"address1": "Tower - 2, Indiabulls Finance Centre", "address2": "7th Floor Unit 701 A Senapati Bapat Marg, Elphinstone Road", "city": "Mumbai", "zip": "400013", "country": "India", "phone": "91 22 4410 4104", "fax": "91 22 6701 5701", "website": "http://www.nextmediaworks.com", "industry": "Broadcasting", "sector": "Communication Services", "longBusinessSummary": "Next Mediaworks Limited, through its subsidiary, engages in radio broadcasting in India. It operates FM stations under the Radio One brand in Delhi, Mumbai, Chennai, Kolkata, Bengaluru, Pune, and Ahmedabad. The company was formerly known as Mid-Day Multimedia Limited and changed its name to Next Mediaworks Limited. Next Mediaworks Limited was incorporated in 1981 and is based in Mumbai, India. Next Mediaworks Limited is a subsidiary of HT Media Limited.", "fullTimeEmployees": 84, "companyOfficers": [{"maxAge": 1, "name": "Ms. Diksha  Singh", "title": "Company Sec. & Compliance Officer", "fiscalYear": 2020, "totalPay": 75000, "exercisedValue": 0, "unexercisedValue": 0}, {"maxAge": 1, "name": "Mr. Ramesh  Menon", "age": 53, "title": "Chief Exec. Officer", "yearBorn": 1967, "exercisedValue": 0, "unexercisedValue": 0}, {"maxAge": 1, "name": "Mr. Anup  Sharma", "age": 50, "title": "Chief Financial Officer", "yearBorn": 1970, "exercisedValue": 0, "unexercisedValue": 0}, {"maxAge": 1, "name": "Mr. Vinay  Shelar", "title": "Head of IT", "exercisedValue": 0, "unexercisedValue": 0}, {"maxAge": 1, "name": "Mr. Niranjan  Vidyasagar", "title": "Head of Digital Bus.", "exercisedValue": 0, "unexercisedValue": 0}], "compensationAsOfEpochDate": "2020-12-31 05:30:00", "maxAge": 86400}, "recommendationTrend": {"trend": [{"period": "0m", "strongBuy": 0, "buy": 0, "hold": 0, "sell": 0, "strongSell": 0}, {"period": "-1m", "strongBuy": 0, "buy": 0, "hold": 0, "sell": 0, "strongSell": 0}, {"period": "-2m", "strongBuy": 0, "buy": 0, "hold": 0, "sell": 0, "strongSell": 0}, {"period": "-3m", "strongBuy": 0, "buy": 0, "hold": 0, "sell": 0, "strongSell": 0}], "maxAge": 86400}, "cashflowStatementHistory": {"cashflowStatements": [{"maxAge": 1, "endDate": "2020-03-31", "netIncome": -211038000, "depreciation": 33681000, "changeToNetincome": 117687000, "changeToAccountReceivables": 36340000, "changeToLiabilities": -333555000, "changeToOperatingActivities": 30531000, "totalCashFromOperatingActivities": -233900000, "capitalExpenditures": -25868000, "otherCashflowsFromInvestingActivities": 689000, "totalCashflowsFromInvestingActivities": -4265000, "netBorrowings": 309886000, "otherCashflowsFromFinancingActivities": -71624000, "totalCashFromFinancingActivities": 238262000, "changeInCash": 97000}, {"maxAge": 1, "endDate": "2019-03-31", "netIncome": -84099000, "depreciation": 11663000, "changeToNetincome": 13722000, "changeToAccountReceivables": -55198000, "changeToLiabilities": 155510000, "changeToOperatingActivities": 19066000, "totalCashFromOperatingActivities": 154486000, "capitalExpenditures": -2847000, "otherCashflowsFromInvestingActivities": 6362000, "totalCashflowsFromInvestingActivities": 4589000, "netBorrowings": -121257000, "otherCashflowsFromFinancingActivities": -84962000, "totalCashFromFinancingActivities": -206219000, "changeInCash": -47208000}, {"maxAge": 1, "endDate": "2018-03-31", "netIncome": -49701000, "depreciation": 17563000, "changeToNetincome": 97486000, "changeToAccountReceivables": -4987000, "changeToLiabilities": 83900000, "changeToOperatingActivities": -613000, "totalCashFromOperatingActivities": 236253000, "capitalExpenditures": -3151000, "investments": -20680000, "otherCashflowsFromInvestingActivities": 2004000, "totalCashflowsFromInvestingActivities": -21652000, "netBorrowings": -64168000, "otherCashflowsFromFinancingActivities": -103116000, "totalCashFromFinancingActivities": -167284000, "changeInCash": 47317000}, {"maxAge": 1, "endDate": "2017-03-31", "netIncome": -55556000, "depreciation": 22667000, "changeToNetincome": 114128000, "changeToAccountReceivables": 217000, "changeToLiabilities": 68459000, "changeToOperatingActivities": 5440000, "totalCashFromOperatingActivities": 247946000, "capitalExpenditures": -12810000, "investments": -20680000, "otherCashflowsFromInvestingActivities": 2170000, "totalCashflowsFromInvestingActivities": -10640000, "netBorrowings": -164036000, "otherCashflowsFromFinancingActivities": -114167000, "totalCashFromFinancingActivities": -243203000, "changeInCash": -5897000, "issuanceOfStock": 35000000}], "maxAge": 86400}, "indexTrend": {"maxAge": 1, "symbol": "SP5", "peRatio": 19.7411, "pegRatio": 1.34172, "estimates": [{"period": "0q", "growth": 0.549}, {"period": "+1q", "growth": 0.431}, {"period": "0y", "growth": 0.305}, {"period": "+1y", "growth": 0.109}, {"period": "+5y", "growth": 0.120865}, {"period": "-5y"}]}, "defaultKeyStatistics": {"maxAge": 1, "priceHint": 4, "enterpriseValue": 1267697664, "profitMargins": -0.99487, "floatShares": 10997598, "sharesOutstanding": 66892900, "heldPercentInsiders": 0.81514, "heldPercentInstitutions": 0.01356, "beta": 0.04888, "category": null, "bookValue": -3.883, "fundFamily": null, "legalType": null, "lastFiscalYearEnd": "2020-03-31 05:30:00", "nextFiscalYearEnd": "2022-03-31 05:30:00", "mostRecentQuarter": "2020-12-31 05:30:00", "netIncomeToCommon": -294526016, "trailingEps": -4.413, "lastSplitFactor": "5:4", "lastSplitDate": "2004-08-17 05:30:00", "enterpriseToRevenue": 4.282, "enterpriseToEbitda": -5.49}, "industryTrend": {"maxAge": 1, "symbol": null, "estimates": []}, "quoteType": {"exchange": "NSI", "quoteType": "EQUITY", "symbol": "NEXTMEDIA.NS", "underlyingSymbol": "NEXTMEDIA.NS", "shortName": "NEXT MEDIAWORKS LT", "longName": "Next Mediaworks Limited", "firstTradeDateEpochUtc": "2002-07-01 09:15:00", "timeZoneFullName": "Asia/Kolkata", "timeZoneShortName": "IST", "uuid": "dbab810b-be99-3a7a-98b1-278c29066874", "gmtOffSetMilliseconds": 19800000, "maxAge": 1}, "incomeStatementHistory": {"incomeStatementHistory": [{"maxAge": 1, "endDate": "2020-03-31", "totalRevenue": 562099000, "costOfRevenue": 355192000, "grossProfit": 206907000, "researchDevelopment": {}, "sellingGeneralAdministrative": 60195000, "nonRecurring": {}, "otherOperatingExpenses": 129789000, "totalOperatingExpenses": 671311000, "operatingIncome": -109212000, "totalOtherIncomeExpenseNet": -286493000, "ebit": -109212000, "interestExpense": -99435000, "incomeBeforeTax": -395705000, "incomeTaxExpense": 406000, "minorityInterest": 77140000, "netIncomeFromContinuingOps": -396111000, "discontinuedOperations": {}, "extraordinaryItems": {}, "effectOfAccountingCharges": {}, "otherItems": {}, "netIncome": -211038000, "netIncomeApplicableToCommonShares": -211038000}, {"maxAge": 1, "endDate": "2019-03-31", "totalRevenue": 686490000, "costOfRevenue": 386581000, "grossProfit": 299909000, "researchDevelopment": {}, "sellingGeneralAdministrative": 122020000, "nonRecurring": {}, "otherOperatingExpenses": 152822000, "totalOperatingExpenses": 766908000, "operatingIncome": -80418000, "totalOtherIncomeExpenseNet": -62543000, "ebit": -80418000, "interestExpense": -88355000, "incomeBeforeTax": -142961000, "incomeTaxExpense": 0, "minorityInterest": 263408000, "netIncomeFromContinuingOps": -142961000, "discontinuedOperations": {}, "extraordinaryItems": {}, "effectOfAccountingCharges": {}, "otherItems": {}, "netIncome": -84099000, "netIncomeApplicableToCommonShares": -84099000}, {"maxAge": 1, "endDate": "2018-03-31", "totalRevenue": 749890000, "costOfRevenue": 389050000, "grossProfit": 360840000, "researchDevelopment": {}, "sellingGeneralAdministrative": 95345000, "nonRecurring": {}, "otherOperatingExpenses": 156801000, "totalOperatingExpenses": 751364000, "operatingIncome": -1474000, "totalOtherIncomeExpenseNet": -75108000, "ebit": -1474000, "interestExpense": -81568000, "incomeBeforeTax": -76582000, "incomeTaxExpense": 184000, "minorityInterest": 313930000, "netIncomeFromContinuingOps": -76766000, "discontinuedOperations": {}, "extraordinaryItems": {}, "effectOfAccountingCharges": {}, "otherItems": {}, "netIncome": -49701000, "netIncomeApplicableToCommonShares": -49701000}, {"maxAge": 1, "endDate": "2017-03-31", "totalRevenue": 796376000, "costOfRevenue": 414504000, "grossProfit": 381872000, "researchDevelopment": {}, "sellingGeneralAdministrative": 245683000, "nonRecurring": {}, "otherOperatingExpenses": -1287000, "totalOperatingExpenses": 774008000, "operatingIncome": 22368000, "totalOtherIncomeExpenseNet": -103843000, "ebit": 22368000, "interestExpense": -92744000, "incomeBeforeTax": -81475000, "incomeTaxExpense": 0, "minorityInterest": 340995000, "netIncomeFromContinuingOps": -81475000, "discontinuedOperations": {}, "extraordinaryItems": {}, "effectOfAccountingCharges": {}, "otherItems": {}, "netIncome": -55556000, "netIncomeApplicableToCommonShares": -55556000}], "maxAge": 86400}, "fundOwnership": {"ownershipList": [], "maxAge": 1}, "summaryDetail": {"maxAge": 1, "priceHint": 4, "previousClose": 4.35, "open": 4.55, "dayLow": 4.15, "dayHigh": 4.55, "regularMarketPreviousClose": 4.35, "regularMarketOpen": 4.55, "regularMarketDayLow": 4.15, "regularMarketDayHigh": 4.55, "exDividendDate": "2002-07-01 05:30:00", "payoutRatio": 0.0, "beta": 0.04888, "volume": 13899, "regularMarketVolume": 13899, "averageVolume": 16204, "averageVolume10days": 6920, "averageDailyVolume10Day": 6920, "bid": 0.0, "ask": 0.0, "bidSize": 0, "askSize": 0, "marketCap": 303509504, "fiftyTwoWeekLow": 3.0, "fiftyTwoWeekHigh": 7.9, "priceToSalesTrailing12Months": 1.025221, "fiftyDayAverage": 4.301515, "twoHundredDayAverage": 4.9489284, "currency": "INR", "fromCurrency": null, "lastMarket": null, "algorithm": null, "tradeable": false}, "insiderHolders": {"holders": [{"maxAge": 1, "name": "Ansari (Rukya Khalid)", "relation": "Promoter", "url": "", "transactionDescription": "Sale", "latestTransDate": "2019-04-15", "positionDirect": 2303149, "positionDirectDate": "2019-04-15"}, {"maxAge": 1, "name": "Ansari (Sharique)", "relation": "Promoter", "url": "", "transactionDescription": "Sale", "latestTransDate": "2019-04-15", "positionDirect": 2037298, "positionDirectDate": "2019-04-15"}, {"maxAge": 1, "name": "Ansari (Tarique)", "relation": "Promoter", "url": "", "transactionDescription": "Sale", "latestTransDate": "2019-04-15", "positionDirect": 2037298, "positionDirectDate": "2019-04-15"}, {"maxAge": 1, "name": "Bennett Coleman & Company Ltd", "relation": "Institution- Corporation", "url": "", "transactionDescription": "Acquisition", "latestTransDate": "2011-05-26", "positionDirect": 3689872, "positionDirectDate": "2011-05-26"}, {"maxAge": 1, "name": "Dabhoya (Ismail)", "relation": "Chief Financial Officer", "url": "", "transactionDescription": "Sale", "latestTransDate": "2019-03-20", "positionDirect": 0, "positionDirectDate": "2019-03-20"}, {"maxAge": 1, "name": "Ferari Investments & Trading Company Pvt Ltd", "relation": "Promoter", "url": "", "transactionDescription": "Sale", "latestTransDate": "2019-04-15", "positionDirect": 1557632, "positionDirectDate": "2019-04-15"}, {"maxAge": 1, "name": "Inquilab Offset Printers Pvt Ltd", "relation": "Promoter", "url": "", "transactionDescription": "Sale", "latestTransDate": "2019-04-15", "positionDirect": 0, "positionDirectDate": "2019-04-15"}, {"maxAge": 1, "name": "Jhunjhunwala (Rakesh Radheshyam)", "relation": "Director", "url": "", "transactionDescription": "Sale", "latestTransDate": "2010-04-08", "positionDirect": 0, "positionDirectDate": "2010-04-08"}, {"maxAge": 1, "name": "Meridian Holding & Leasing Company Pvt Ltd", "relation": "Promoter", "url": "", "transactionDescription": "Sale", "latestTransDate": "2020-02-27", "positionDirect": 3773246, "positionDirectDate": "2020-02-27"}], "maxAge": 1}, "calendarEvents": {"maxAge": 1, "earnings": {"earningsDate": []}, "exDividendDate": "2002-07-01 05:30:00"}, "upgradeDowngradeHistory": {"history": [], "maxAge": 86400}, "price": {"maxAge": 1, "regularMarketChangePercent": -0.011494187, "regularMarketChange": -0.049999714, "regularMarketTime": "2021-04-30 14:24:48", "priceHint": 4, "regularMarketPrice": 4.3, "regularMarketDayHigh": 4.55, "regularMarketDayLow": 4.15, "regularMarketVolume": 13899, "averageDailyVolume10Day": 6920, "averageDailyVolume3Month": 16204, "regularMarketPreviousClose": 4.35, "regularMarketSource": "FREE_REALTIME", "regularMarketOpen": 4.55, "exchange": "NSI", "exchangeName": "NSE", "exchangeDataDelayedBy": 15, "marketState": "CLOSED", "quoteType": "EQUITY", "symbol": "NEXTMEDIA.NS", "underlyingSymbol": null, "shortName": "NEXT MEDIAWORKS LT", "longName": "Next Mediaworks Limited", "currency": "INR", "quoteSourceName": "Delayed Quote", "currencySymbol": "\u20b9", "fromCurrency": null, "lastMarket": null, "marketCap": 303509504}, "balanceSheetHistory": {"balanceSheetStatements": [{"maxAge": 1, "endDate": "2020-03-31", "cash": 15260000, "shortTermInvestments": 18232000, "netReceivables": 222340000, "otherCurrentAssets": 14611000, "totalCurrentAssets": 281250000, "longTermInvestments": 12526000, "propertyPlantEquipment": 250054000, "intangibleAssets": 730378000, "otherAssets": 62442000, "totalAssets": 1336650000, "accountsPayable": 61153000, "shortLongTermDebt": 162740000, "otherCurrentLiab": 18742000, "longTermDebt": 686371000, "otherLiab": 44576000, "minorityInterest": 77140000, "totalCurrentLiabilities": 418855000, "totalLiab": 1331477000, "commonStock": 668929000, "retainedEarnings": -1601391000, "capitalSurplus": 860495000, "totalStockholderEquity": -71967000, "netTangibleAssets": -802345000}, {"maxAge": 1, "endDate": "2019-03-31", "cash": 15163000, "shortTermInvestments": 450000, "netReceivables": 266595000, "otherCurrentAssets": 12266000, "totalCurrentAssets": 326498000, "longTermInvestments": 51000, "propertyPlantEquipment": 32081000, "intangibleAssets": 1013385000, "otherAssets": 94123000, "totalAssets": 1466138000, "accountsPayable": 157691000, "shortLongTermDebt": 144000000, "otherCurrentLiab": 270096000, "longTermDebt": 216000000, "otherLiab": 11326000, "minorityInterest": 263408000, "totalCurrentLiabilities": 835597000, "totalLiab": 1062923000, "commonStock": 668564000, "retainedEarnings": -1389252000, "capitalSurplus": 860495000, "totalStockholderEquity": 139807000, "netTangibleAssets": -873578000}, {"maxAge": 1, "endDate": "2018-03-31", "cash": 62371000, "shortTermInvestments": 450000, "netReceivables": 250272000, "otherCurrentAssets": 13655000, "totalCurrentAssets": 357509000, "longTermInvestments": 51000, "propertyPlantEquipment": 41602000, "intangibleAssets": 1105971000, "otherAssets": 84198000, "totalAssets": 1589331000, "accountsPayable": 140942000, "shortLongTermDebt": 144000000, "otherCurrentLiab": 27207000, "longTermDebt": 352734000, "otherLiab": 191419000, "minorityInterest": 313930000, "totalCurrentLiabilities": 499066000, "totalLiab": 1043219000, "commonStock": 668564000, "retainedEarnings": -1296877000, "capitalSurplus": 860495000, "totalStockholderEquity": 232182000, "netTangibleAssets": -873789000}, {"maxAge": 1, "endDate": "2017-03-31", "cash": 15053000, "netReceivables": 209429000, "otherCurrentAssets": 18153000, "totalCurrentAssets": 269021000, "longTermInvestments": 501000, "propertyPlantEquipment": 56488000, "intangibleAssets": 1198576000, "otherAssets": 91600000, "totalAssets": 1616186000, "accountsPayable": 38077000, "shortLongTermDebt": 144000000, "otherCurrentLiab": 31700000, "longTermDebt": 492005000, "otherLiab": 170712000, "minorityInterest": 340995000, "totalCurrentLiabilities": 331972000, "totalLiab": 994689000, "commonStock": 667897000, "treasuryStock": -387395000, "otherStockholderEquity": -387395000, "totalStockholderEquity": 280502000, "netTangibleAssets": -918074000}], "maxAge": 86400}, "earningsTrend": {"trend": [{"maxAge": 1, "period": "0q", "endDate": null, "growth": {}, "earningsEstimate": {"avg": 0.0, "low": 0.0, "high": 0.0, "yearAgoEps": {}, "numberOfAnalysts": 0, "growth": {}}, "revenueEstimate": {"avg": 0, "low": 0, "high": 0, "numberOfAnalysts": 0, "yearAgoRevenue": {}, "growth": {}}, "epsTrend": {"current": 0.0, "7daysAgo": 0.0, "30daysAgo": 0.0, "60daysAgo": 0.0, "90daysAgo": 0.0}, "epsRevisions": {"upLast7days": 0, "upLast30days": 0, "downLast30days": 0, "downLast90days": {}}}, {"maxAge": 1, "period": "+1q", "endDate": null, "growth": {}, "earningsEstimate": {"avg": 0.0, "low": 0.0, "high": 0.0, "yearAgoEps": {}, "numberOfAnalysts": 0, "growth": {}}, "revenueEstimate": {"avg": 0, "low": 0, "high": 0, "numberOfAnalysts": 0, "yearAgoRevenue": {}, "growth": {}}, "epsTrend": {"current": 0.0, "7daysAgo": 0.0, "30daysAgo": 0.0, "60daysAgo": 0.0, "90daysAgo": 0.0}, "epsRevisions": {"upLast7days": 0, "upLast30days": 0, "downLast30days": 0, "downLast90days": {}}}, {"maxAge": 1, "period": "0y", "endDate": null, "growth": {}, "earningsEstimate": {"avg": 0.0, "low": 0.0, "high": 0.0, "yearAgoEps": {}, "numberOfAnalysts": 0, "growth": {}}, "revenueEstimate": {"avg": 0, "low": 0, "high": 0, "numberOfAnalysts": 0, "yearAgoRevenue": {}, "growth": {}}, "epsTrend": {"current": 0.0, "7daysAgo": 0.0, "30daysAgo": 0.0, "60daysAgo": 0.0, "90daysAgo": 0.0}, "epsRevisions": {"upLast7days": 0, "upLast30days": 0, "downLast30days": 0, "downLast90days": {}}}, {"maxAge": 1, "period": "+1y", "endDate": null, "growth": {}, "earningsEstimate": {"avg": 0.0, "low": 0.0, "high": 0.0, "yearAgoEps": {}, "numberOfAnalysts": 0, "growth": {}}, "revenueEstimate": {"avg": 0, "low": 0, "high": 0, "numberOfAnalysts": 0, "yearAgoRevenue": {}, "growth": {}}, "epsTrend": {"current": 0.0, "7daysAgo": 0.0, "30daysAgo": 0.0, "60daysAgo": 0.0, "90daysAgo": 0.0}, "epsRevisions": {"upLast7days": 0, "upLast30days": 0, "downLast30days": 0, "downLast90days": {}}}, {"maxAge": 1, "period": "+5y", "endDate": null, "growth": {}, "earningsEstimate": {"avg": {}, "low": {}, "high": {}, "yearAgoEps": {}, "numberOfAnalysts": {}, "growth": {}}, "revenueEstimate": {"avg": {}, "low": {}, "high": {}, "numberOfAnalysts": {}, "yearAgoRevenue": {}, "growth": {}}, "epsTrend": {"current": {}, "7daysAgo": {}, "30daysAgo": {}, "60daysAgo": {}, "90daysAgo": {}}, "epsRevisions": {"upLast7days": {}, "upLast30days": {}, "downLast30days": {}, "downLast90days": {}}}, {"maxAge": 1, "period": "-5y", "endDate": null, "growth": {}, "earningsEstimate": {"avg": {}, "low": {}, "high": {}, "yearAgoEps": {}, "numberOfAnalysts": {}, "growth": {}}, "revenueEstimate": {"avg": {}, "low": {}, "high": {}, "numberOfAnalysts": {}, "yearAgoRevenue": {}, "growth": {}}, "epsTrend": {"current": {}, "7daysAgo": {}, "30daysAgo": {}, "60daysAgo": {}, "90daysAgo": {}}, "epsRevisions": {"upLast7days": {}, "upLast30days": {}, "downLast30days": {}, "downLast90days": {}}}], "maxAge": 1}, "institutionOwnership": {"ownershipList": [], "maxAge": 1}, "majorHoldersBreakdown": {"maxAge": 1, "insidersPercentHeld": 0.81514, "institutionsPercentHeld": 0.01356, "institutionsFloatPercentHeld": 0.07335, "institutionsCount": 1}, "balanceSheetHistoryQuarterly": {"balanceSheetStatements": [{"maxAge": 1, "endDate": "2020-12-31", "totalStockholderEquity": -259177000, "netTangibleAssets": -849104000}, {"maxAge": 1, "endDate": "2020-09-30", "cash": 14450000, "shortTermInvestments": 3880000, "netReceivables": 54758000, "otherCurrentAssets": 29389000, "totalCurrentAssets": 102477000, "longTermInvestments": 4675000, "propertyPlantEquipment": 243095000, "intangibleAssets": 589927000, "otherAssets": 56000000, "totalAssets": 996174000, "accountsPayable": 131134000, "otherCurrentLiab": 49433000, "longTermDebt": 875000000, "otherLiab": 78418000, "minorityInterest": -92490000, "totalCurrentLiabilities": 218801000, "totalLiab": 1347841000, "commonStock": 668929000, "treasuryStock": -928106000, "otherStockholderEquity": -928106000, "totalStockholderEquity": -259177000, "netTangibleAssets": -849104000}, {"maxAge": 1, "endDate": "2020-06-30", "totalStockholderEquity": -71967000, "netTangibleAssets": -802345000}, {"maxAge": 1, "endDate": "2020-03-31", "cash": 15260000, "shortTermInvestments": 18232000, "netReceivables": 222340000, "otherCurrentAssets": 14611000, "totalCurrentAssets": 281250000, "longTermInvestments": 12526000, "propertyPlantEquipment": 250054000, "intangibleAssets": 730378000, "otherAssets": 62442000, "totalAssets": 1336650000, "accountsPayable": 61153000, "shortLongTermDebt": 162740000, "otherCurrentLiab": 18742000, "longTermDebt": 686371000, "otherLiab": 44576000, "minorityInterest": 77140000, "totalCurrentLiabilities": 418855000, "totalLiab": 1331477000, "commonStock": 668929000, "retainedEarnings": -1601391000, "capitalSurplus": 860495000, "totalStockholderEquity": -71967000, "netTangibleAssets": -802345000}], "maxAge": 86400}, "earningsHistory": {"history": [{"maxAge": 1, "epsActual": {}, "epsEstimate": {}, "epsDifference": {}, "surprisePercent": {}, "quarter": {}, "period": "-4q"}, {"maxAge": 1, "epsActual": {}, "epsEstimate": {}, "epsDifference": {}, "surprisePercent": {}, "quarter": {}, "period": "-3q"}, {"maxAge": 1, "epsActual": {}, "epsEstimate": {}, "epsDifference": {}, "surprisePercent": {}, "quarter": {}, "period": "-2q"}, {"maxAge": 1, "epsActual": {}, "epsEstimate": {}, "epsDifference": {}, "surprisePercent": {}, "quarter": {}, "period": "-1q"}], "maxAge": 86400}, "summaryProfile": {"address1": "Tower - 2, Indiabulls Finance Centre", "address2": "7th Floor Unit 701 A Senapati Bapat Marg, Elphinstone Road", "city": "Mumbai", "zip": "400013", "country": "India", "phone": "91 22 4410 4104", "fax": "91 22 6701 5701", "website": "http://www.nextmediaworks.com", "industry": "Broadcasting", "sector": "Communication Services", "longBusinessSummary": "Next Mediaworks Limited, through its subsidiary, engages in radio broadcasting in India. It operates FM stations under the Radio One brand in Delhi, Mumbai, Chennai, Kolkata, Bengaluru, Pune, and Ahmedabad. The company was formerly known as Mid-Day Multimedia Limited and changed its name to Next Mediaworks Limited. Next Mediaworks Limited was incorporated in 1981 and is based in Mumbai, India. Next Mediaworks Limited is a subsidiary of HT Media Limited.", "fullTimeEmployees": 84, "companyOfficers": [], "maxAge": 86400}, "netSharePurchaseActivity": {"maxAge": 1, "period": "6m", "buyInfoCount": 0, "buyInfoShares": 0, "sellInfoCount": 0, "netInfoCount": 0, "netInfoShares": 0, "netPercentInsiderShares": 0.0, "totalInsiderShares": 54330804}, "insiderTransactions": {"transactions": [{"maxAge": 1, "shares": 722000, "filerUrl": "", "transactionText": "", "filerName": "Meridian Holding & Leasing Company Pvt Ltd", "filerRelation": "Promoter", "moneyText": "", "startDate": "2020-02-27", "ownership": "D"}, {"maxAge": 1, "shares": 2974610, "filerUrl": "", "transactionText": "", "filerName": "Meridian Holding & Leasing Company Pvt Ltd", "filerRelation": "Promoter", "moneyText": "", "startDate": "2019-04-15", "ownership": "D"}, {"maxAge": 1, "shares": 6543962, "filerUrl": "", "transactionText": "", "filerName": "Ferari Investments & Trading Company Pvt Ltd", "filerRelation": "Promoter", "moneyText": "", "startDate": "2019-04-15", "ownership": "D"}, {"maxAge": 1, "shares": 2311926, "filerUrl": "", "transactionText": "", "filerName": "Ansari (Rukya Khalid)", "filerRelation": "Promoter", "moneyText": "", "startDate": "2019-04-15", "ownership": "D"}, {"maxAge": 1, "shares": 2300000, "filerUrl": "", "transactionText": "", "filerName": "Ansari (Tarique)", "filerRelation": "Promoter", "moneyText": "", "startDate": "2019-04-15", "ownership": "D"}, {"maxAge": 1, "shares": 744746, "filerUrl": "", "transactionText": "", "filerName": "Inquilab Offset Printers Pvt Ltd", "filerRelation": "Promoter", "moneyText": "", "startDate": "2019-04-15", "ownership": "D"}, {"maxAge": 1, "shares": 2300000, "filerUrl": "", "transactionText": "", "filerName": "Ansari (Sharique)", "filerRelation": "Promoter", "moneyText": "", "startDate": "2019-04-15", "ownership": "D"}, {"maxAge": 1, "shares": 66680, "filerUrl": "", "transactionText": "", "filerName": "Dabhoya (Ismail)", "filerRelation": "Chief Financial Officer", "moneyText": "", "startDate": "2019-03-20", "ownership": "D"}, {"maxAge": 1, "shares": 66680, "filerUrl": "", "transactionText": "", "filerName": "Dabhoya (Ismail)", "filerRelation": "Chief Financial Officer", "moneyText": "", "startDate": "2018-02-14", "ownership": "D"}, {"maxAge": 1, "shares": 1557632, "filerUrl": "", "transactionText": "", "filerName": "Ferari Investments & Trading Company Pvt Ltd", "filerRelation": "Promoter", "moneyText": "", "startDate": "2017-03-27", "ownership": "D"}, {"maxAge": 1, "shares": 28052, "filerUrl": "", "transactionText": "", "filerName": "Dabhoya (Ismail)", "filerRelation": "Chief Financial Officer", "moneyText": "", "startDate": "2017-03-03", "ownership": "D"}, {"maxAge": 1, "shares": 10000, "filerUrl": "", "transactionText": "", "filerName": "Dabhoya (Ismail)", "filerRelation": "Chief Financial Officer", "moneyText": "", "startDate": "2017-03-02", "ownership": "D"}, {"maxAge": 1, "shares": 101, "filerUrl": "", "transactionText": "", "filerName": "Dabhoya (Ismail)", "filerRelation": "Chief Financial Officer", "moneyText": "", "startDate": "2017-03-01", "ownership": "D"}, {"maxAge": 1, "shares": 25000, "filerUrl": "", "transactionText": "", "filerName": "Dabhoya (Ismail)", "filerRelation": "Chief Financial Officer", "moneyText": "", "startDate": "2017-02-22", "ownership": "D"}, {"maxAge": 1, "shares": 8772, "filerUrl": "", "transactionText": "", "filerName": "Dabhoya (Ismail)", "filerRelation": "Chief Financial Officer", "moneyText": "", "startDate": "2017-02-22", "ownership": "D"}, {"maxAge": 1, "shares": 66660, "filerUrl": "", "transactionText": "", "filerName": "Dabhoya (Ismail)", "filerRelation": "Chief Financial Officer", "moneyText": "", "startDate": "2017-02-02", "ownership": "D"}, {"maxAge": 1, "shares": 7000, "filerUrl": "", "transactionText": "", "filerName": "Dabhoya (Ismail)", "filerRelation": "Chief Financial Officer", "moneyText": "", "startDate": "2016-05-03", "ownership": "D"}, {"maxAge": 1, "shares": 49395, "filerUrl": "", "transactionText": "", "filerName": "Dabhoya (Ismail)", "filerRelation": "Chief Financial Officer", "moneyText": "", "startDate": "2016-04-20", "ownership": "D"}, {"maxAge": 1, "shares": 5000, "filerUrl": "", "transactionText": "", "filerName": "Dabhoya (Ismail)", "filerRelation": "Chief Financial Officer", "moneyText": "", "startDate": "2016-03-04", "ownership": "D"}, {"maxAge": 1, "shares": 277777, "filerUrl": "", "transactionText": "", "filerName": "Ansari (Rukya Khalid)", "filerRelation": "Promoter", "moneyText": "", "startDate": "2015-02-11", "ownership": "D"}, {"maxAge": 1, "shares": 277777, "filerUrl": "", "transactionText": "", "filerName": "Inquilab Offset Printers Pvt Ltd", "filerRelation": "Promoter", "moneyText": "", "startDate": "2015-02-11", "ownership": "D"}, {"maxAge": 1, "shares": 3800000, "filerUrl": "", "transactionText": "", "filerName": "Ferari Investments & Trading Company Pvt Ltd", "filerRelation": "Promoter", "moneyText": "", "startDate": "2014-09-12", "ownership": "D"}, {"maxAge": 1, "shares": 2700000, "filerUrl": "", "transactionText": "", "filerName": "Meridian Holding & Leasing Company Pvt Ltd", "filerRelation": "Promoter", "moneyText": "", "startDate": "2014-09-12", "ownership": "D"}, {"maxAge": 1, "shares": 185888, "filerUrl": "", "transactionText": "", "filerName": "Meridian Holding & Leasing Company Pvt Ltd", "filerRelation": "Promoter", "moneyText": "", "startDate": "2014-05-21", "ownership": "D"}, {"maxAge": 1, "shares": 9375, "filerUrl": "", "transactionText": "", "filerName": "Meridian Holding & Leasing Company Pvt Ltd", "filerRelation": "Promoter", "moneyText": "", "startDate": "2014-04-21", "ownership": "D"}, {"maxAge": 1, "shares": 24858, "filerUrl": "", "transactionText": "", "filerName": "Meridian Holding & Leasing Company Pvt Ltd", "filerRelation": "Promoter", "moneyText": "", "startDate": "2014-04-17", "ownership": "D"}, {"maxAge": 1, "shares": 81216, "filerUrl": "", "transactionText": "", "filerName": "Meridian Holding & Leasing Company Pvt Ltd", "filerRelation": "Promoter", "moneyText": "", "startDate": "2014-04-03", "ownership": "D"}, {"maxAge": 1, "shares": 840, "filerUrl": "", "transactionText": "", "filerName": "Meridian Holding & Leasing Company Pvt Ltd", "filerRelation": "Promoter", "moneyText": "", "startDate": "2014-04-01", "ownership": "D"}, {"maxAge": 1, "shares": 20000, "filerUrl": "", "transactionText": "", "filerName": "Ferari Investments & Trading Company Pvt Ltd", "filerRelation": "Promoter", "moneyText": "", "startDate": "2014-03-28", "ownership": "D"}, {"maxAge": 1, "shares": 20000, "filerUrl": "", "transactionText": "", "filerName": "Meridian Holding & Leasing Company Pvt Ltd", "filerRelation": "Promoter", "moneyText": "", "startDate": "2014-03-28", "ownership": "D"}, {"maxAge": 1, "shares": 3000000, "filerUrl": "", "transactionText": "", "filerName": "Ferari Investments & Trading Company Pvt Ltd", "filerRelation": "Promoter", "moneyText": "", "startDate": "2013-03-19", "ownership": "D"}, {"maxAge": 1, "shares": 3000000, "filerUrl": "", "transactionText": "", "filerName": "Meridian Holding & Leasing Company Pvt Ltd", "filerRelation": "Promoter", "moneyText": "", "startDate": "2013-03-19", "ownership": "D"}, {"maxAge": 1, "shares": 3649391, "filerUrl": "", "transactionText": "", "filerName": "Bennett Coleman & Company Ltd", "filerRelation": "Institution- Corporation", "moneyText": "", "startDate": "2011-05-26", "ownership": "D"}, {"maxAge": 1, "shares": 250000, "filerUrl": "", "transactionText": "", "filerName": "Jhunjhunwala (Rakesh Radheshyam)", "filerRelation": "Director", "moneyText": "", "startDate": "2010-04-08", "ownership": "D"}, {"maxAge": 1, "shares": 2250000, "filerUrl": "", "transactionText": "", "filerName": "Jhunjhunwala (Rakesh Radheshyam)", "filerRelation": "Director", "moneyText": "", "startDate": "2010-04-08", "ownership": "D"}], "maxAge": 1}, "sectorTrend": {"maxAge": 1, "symbol": null, "estimates": []}, "incomeStatementHistoryQuarterly": {"incomeStatementHistory": [{"maxAge": 1, "endDate": "2020-12-31", "totalRevenue": 67289000, "costOfRevenue": 47754000, "grossProfit": 19535000, "researchDevelopment": {}, "sellingGeneralAdministrative": {}, "nonRecurring": {}, "otherOperatingExpenses": 50892000, "totalOperatingExpenses": 122334000, "operatingIncome": -55045000, "totalOtherIncomeExpenseNet": -29824000, "ebit": -55045000, "interestExpense": -31436000, "incomeBeforeTax": -84869000, "incomeTaxExpense": 425000, "minorityInterest": {}, "netIncomeFromContinuingOps": -85294000, "discontinuedOperations": {}, "extraordinaryItems": {}, "effectOfAccountingCharges": {}, "otherItems": {}, "netIncome": -47323000, "netIncomeApplicableToCommonShares": -47323000}, {"maxAge": 1, "endDate": "2020-09-30", "totalRevenue": 41416000, "costOfRevenue": 59655000, "grossProfit": -18239000, "researchDevelopment": {}, "sellingGeneralAdministrative": {}, "nonRecurring": {}, "otherOperatingExpenses": 41695000, "totalOperatingExpenses": 125276000, "operatingIncome": -83860000, "totalOtherIncomeExpenseNet": -27058000, "ebit": -83860000, "interestExpense": -31035000, "incomeBeforeTax": -110918000, "incomeTaxExpense": 0, "minorityInterest": -92490000, "netIncomeFromContinuingOps": -110918000, "discontinuedOperations": {}, "extraordinaryItems": {}, "effectOfAccountingCharges": {}, "otherItems": {}, "netIncome": -60070000, "netIncomeApplicableToCommonShares": -60070000}, {"maxAge": 1, "endDate": "2020-06-30", "totalRevenue": 20108000, "costOfRevenue": 69232000, "grossProfit": -49124000, "researchDevelopment": {}, "sellingGeneralAdministrative": {}, "nonRecurring": {}, "otherOperatingExpenses": 39383000, "totalOperatingExpenses": 135030000, "operatingIncome": -114922000, "totalOtherIncomeExpenseNet": -4566000, "ebit": -114922000, "interestExpense": -27832000, "incomeBeforeTax": -119488000, "incomeTaxExpense": 0, "minorityInterest": -92490000, "netIncomeFromContinuingOps": -119488000, "discontinuedOperations": {}, "extraordinaryItems": {}, "effectOfAccountingCharges": {}, "otherItems": {}, "netIncome": -64330000, "netIncomeApplicableToCommonShares": -64330000}, {"maxAge": 1, "endDate": "2020-03-31", "totalRevenue": 119693000, "costOfRevenue": 94895000, "grossProfit": 24798000, "researchDevelopment": {}, "sellingGeneralAdministrative": 60195000, "nonRecurring": {}, "otherOperatingExpenses": -32190000, "totalOperatingExpenses": 154786000, "operatingIncome": -35093000, "totalOtherIncomeExpenseNet": -232692000, "ebit": -35093000, "interestExpense": -23015000, "incomeBeforeTax": -267785000, "incomeTaxExpense": 125000, "minorityInterest": 77140000, "netIncomeFromContinuingOps": -267910000, "discontinuedOperations": {}, "extraordinaryItems": {}, "effectOfAccountingCharges": {}, "otherItems": {}, "netIncome": -142881000, "netIncomeApplicableToCommonShares": -142881000}], "maxAge": 86400}, "cashflowStatementHistoryQuarterly": {"cashflowStatements": [{"maxAge": 1, "endDate": "2020-12-31", "netIncome": -47323000, "changeToLiabilities": 0}, {"maxAge": 1, "endDate": "2020-09-30", "netIncome": -60070000, "changeToLiabilities": 0}, {"maxAge": 1, "endDate": "2020-06-30", "netIncome": -64330000, "changeToLiabilities": 0}, {"maxAge": 1, "endDate": "2020-03-31", "netIncome": -142881000, "changeToLiabilities": 0}], "maxAge": 86400}, "earnings": {"maxAge": 86400, "earningsChart": {"quarterly": [], "earningsDate": []}, "financialsChart": {"yearly": [{"date": 2017, "revenue": 796376000, "earnings": -55556000}, {"date": 2018, "revenue": 749890000, "earnings": -49701000}, {"date": 2019, "revenue": 686490000, "earnings": -84099000}, {"date": 2020, "revenue": 562099000, "earnings": -211038000}], "quarterly": [{"date": "1Q2020", "revenue": 119693000, "earnings": -142881000}, {"date": "2Q2020", "revenue": 20108000, "earnings": -64330000}, {"date": "3Q2020", "revenue": 41416000, "earnings": -60070000}, {"date": "4Q2020", "revenue": 67289000, "earnings": -47323000}]}, "financialCurrency": "INR"}, "financialData": {"maxAge": 86400, "currentPrice": 4.3, "targetHighPrice": 37.0, "targetLowPrice": 37.0, "targetMeanPrice": 37.0, "targetMedianPrice": 37.0, "recommendationMean": 1.0, "recommendationKey": "strong_buy", "numberOfAnalystOpinions": 1, "totalCash": 18330000, "totalCashPerShare": 0.275, "ebitda": -230927248, "totalDebt": 1088580992, "totalRevenue": 296043008, "revenuePerShare": 4.431, "grossProfits": 206907000, "revenueGrowth": -0.554, "grossMargins": 0.082779996, "ebitdaMargins": -0.78005, "operatingMargins": -0.79573, "profitMargins": -0.99487, "financialCurrency": "INR"}}}