{"NFL.NS": {"assetProfile": {"address1": "A-11, Sector-24", "address2": "District- Gautam Budh Nagar", "city": "Noida", "zip": "201301", "country": "India", "phone": "91 12 0241 2294", "fax": "91 12 0241 2397", "website": "http://www.nationalfertilizers.com", "industry": "Agricultural Inputs", "sector": "Basic Materials", "longBusinessSummary": "National Fertilizers Limited produces and sells urea products, industrial products, and bio-fertilizers in India. It operates through Own Fertilizers, Fertilizers Trading, and Other Products & Services segments. The company offers Kisan urea for various types of crops, as well as for foliar sprays; neem coated urea and bentonite sulphur products; bio-fertilizers, including rhizobium, phosphate and zinc solubilizing bacteria, and azetobactor that are used to supplement chemical fertilizers, as well as to maintain soil fertility; and industrial products comprising nitric acid dilute, ammonium nitrate, anhydrous ammonia, and sodium nitrite and nitrate under the Kisan brand name, as well as certified seeds under the Kisan Beej brand name. The company also trades in compost products; and agrochemicals/pesticides comprising insecticides, herbicides, and fungicides, as well as potassium chloride, diammonium phosphate, and nitro phosphate. National Fertilizers Limited was incorporated in 1974 and is based in Noida, India.", "fullTimeEmployees": 3339, "companyOfficers": [{"maxAge": 1, "name": "Mr. Virendra Nath Datt", "age": 58, "title": "Chairman, MD & Director of Marketing", "yearBorn": 1962, "fiscalYear": 2020, "totalPay": 5302000, "exercisedValue": 0, "unexercisedValue": 0}, {"maxAge": 1, "name": "Mr. Yash Paul Bhola", "age": 59, "title": "CFO, Director of Fin. & Director", "yearBorn": 1961, "fiscalYear": 2020, "totalPay": 2553000, "exercisedValue": 0, "unexercisedValue": 0}, {"maxAge": 1, "name": "Mr. Ashok  Jha", "age": 48, "title": "Company Sec. & Compliance Officer", "yearBorn": 1972, "fiscalYear": 2020, "totalPay": 348000, "exercisedValue": 0, "unexercisedValue": 0}, {"maxAge": 1, "name": "Mr. Ashutosh  Arora", "title": "Chief Gen. Mang. of Fin. & Accounts and CMO", "exercisedValue": 0, "unexercisedValue": 0}, {"maxAge": 1, "name": "Mr. Nirlep Singh Rai", "age": 58, "title": "Director of Technical & Director", "yearBorn": 1962, "exercisedValue": 0, "unexercisedValue": 0}, {"maxAge": 1, "name": "Mr. Dinesh  Sood", "title": "Chief Gen. Mang. of Human Resource & Admin.", "exercisedValue": 0, "unexercisedValue": 0}, {"maxAge": 1, "name": "Mr. S. C. Upadhyay", "title": "Chief Gen. Mang. of Human Resource & CMO", "exercisedValue": 0, "unexercisedValue": 0}, {"maxAge": 1, "name": "Mr. J. P. Sachdeva", "title": "Exec. Director of Materials & Imports", "exercisedValue": 0, "unexercisedValue": 0}, {"maxAge": 1, "name": "Mr. Sohan  Lal", "title": "Exec. Director  of Corp. Affairs", "exercisedValue": 0, "unexercisedValue": 0}, {"maxAge": 1, "name": "Mr. A. K. Jain", "title": "Exec. Director of Bathinda Unit", "exercisedValue": 0, "unexercisedValue": 0}], "compensationAsOfEpochDate": "2020-12-31 05:30:00", "maxAge": 86400}, "recommendationTrend": {"trend": [{"period": "0m", "strongBuy": 0, "buy": 0, "hold": 0, "sell": 0, "strongSell": 0}, {"period": "-1m", "strongBuy": 0, "buy": 0, "hold": 0, "sell": 0, "strongSell": 0}, {"period": "-2m", "strongBuy": 0, "buy": 0, "hold": 0, "sell": 0, "strongSell": 0}, {"period": "-3m", "strongBuy": 0, "buy": 0, "hold": 0, "sell": 0, "strongSell": 0}], "maxAge": 86400}, "cashflowStatementHistory": {"cashflowStatements": [{"maxAge": 1, "endDate": "2020-03-31", "netIncome": -1810600000, "depreciation": 3742900000, "changeToNetincome": 7500000, "changeToAccountReceivables": -6251300000, "changeToLiabilities": -3620200000, "changeToInventory": 3059500000, "totalCashFromOperatingActivities": -4870800000, "capitalExpenditures": -5905100000, "investments": -575200000, "otherCashflowsFromInvestingActivities": 35900000, "totalCashflowsFromInvestingActivities": -6403300000, "dividendsPaid": -1017200000, "netBorrowings": 16375300000, "otherCashflowsFromFinancingActivities": -4054700000, "totalCashFromFinancingActivities": 11303400000, "changeInCash": 29300000}, {"maxAge": 1, "endDate": "2019-03-31", "netIncome": 2939700000, "depreciation": 2850300000, "changeToNetincome": 2005700000, "changeToAccountReceivables": -32165600000, "changeToLiabilities": 7987700000, "changeToInventory": -10648700000, "totalCashFromOperatingActivities": -27030900000, "capitalExpenditures": -2707500000, "investments": -490600000, "otherCashflowsFromInvestingActivities": 49800000, "totalCashflowsFromInvestingActivities": -3098500000, "dividendsPaid": -644600000, "netBorrowings": 34028900000, "otherCashflowsFromFinancingActivities": -3163600000, "totalCashFromFinancingActivities": 30220700000, "changeInCash": 91300000}, {"maxAge": 1, "endDate": "2018-03-31", "netIncome": 2127600000, "depreciation": 733000000, "changeToNetincome": 1722700000, "changeToAccountReceivables": 6034300000, "changeToLiabilities": 5551900000, "changeToInventory": 441900000, "totalCashFromOperatingActivities": 16611400000, "capitalExpenditures": -3407000000, "investments": -652400000, "otherCashflowsFromInvestingActivities": 171000000, "totalCashflowsFromInvestingActivities": -3457800000, "dividendsPaid": -501900000, "netBorrowings": -10739000000, "otherCashflowsFromFinancingActivities": -1898900000, "totalCashFromFinancingActivities": -13139800000, "changeInCash": 13800000}, {"maxAge": 1, "endDate": "2017-03-31", "netIncome": 2079200000, "depreciation": 851700000, "changeToNetincome": 2216400000, "changeToAccountReceivables": 18629600000, "changeToLiabilities": 1709400000, "changeToInventory": -957200000, "totalCashFromOperatingActivities": 24529100000, "capitalExpenditures": -954800000, "investments": -1287600000, "otherCashflowsFromInvestingActivities": 158800000, "totalCashflowsFromInvestingActivities": -2014600000, "dividendsPaid": -714400000, "netBorrowings": -19890100000, "otherCashflowsFromFinancingActivities": -1898400000, "totalCashFromFinancingActivities": -22502900000, "changeInCash": 11600000}], "maxAge": 86400}, "indexTrend": {"maxAge": 1, "symbol": "SP5", "peRatio": 19.7411, "pegRatio": 1.34172, "estimates": [{"period": "0q", "growth": 0.549}, {"period": "+1q", "growth": 0.431}, {"period": "0y", "growth": 0.305}, {"period": "+1y", "growth": 0.109}, {"period": "+5y", "growth": 0.120865}, {"period": "-5y"}]}, "defaultKeyStatistics": {"maxAge": 1, "priceHint": 2, "enterpriseValue": 84810801152, "profitMargins": -0.00017000001, "floatShares": 123806675, "sharesOutstanding": 490577984, "heldPercentInsiders": 0.76251, "heldPercentInstitutions": 0.12905, "beta": 1.367747, "category": null, "bookValue": 43.652, "priceToBook": 1.3275452, "fundFamily": null, "legalType": null, "lastFiscalYearEnd": "2020-03-31 05:30:00", "nextFiscalYearEnd": "2022-03-31 05:30:00", "mostRecentQuarter": "2020-12-31 05:30:00", "earningsQuarterlyGrowth": -0.506, "netIncomeToCommon": -20400000, "trailingEps": -0.042, "lastSplitFactor": null, "enterpriseToRevenue": 0.709, "enterpriseToEbitda": 7.399}, "industryTrend": {"maxAge": 1, "symbol": null, "estimates": []}, "quoteType": {"exchange": "NSI", "quoteType": "EQUITY", "symbol": "NFL.NS", "underlyingSymbol": "NFL.NS", "shortName": "NATIONAL FERTILIZE", "longName": "National Fertilizers Limited", "firstTradeDateEpochUtc": "2006-12-28 09:15:00", "timeZoneFullName": "Asia/Kolkata", "timeZoneShortName": "IST", "uuid": "2d9d98c2-5a5c-3311-a9fc-acc60fb47eeb", "gmtOffSetMilliseconds": 19800000, "maxAge": 1}, "incomeStatementHistory": {"incomeStatementHistory": [{"maxAge": 1, "endDate": "2020-03-31", "totalRevenue": 131353600000, "costOfRevenue": 104279100000, "grossProfit": 27074500000, "researchDevelopment": {}, "sellingGeneralAdministrative": 16382000000, "nonRecurring": {}, "otherOperatingExpenses": 2059000000, "totalOperatingExpenses": 126463400000, "operatingIncome": 4890200000, "totalOtherIncomeExpenseNet": -7517800000, "ebit": 4890200000, "interestExpense": -4010400000, "incomeBeforeTax": -2627600000, "incomeTaxExpense": -817000000, "minorityInterest": {}, "netIncomeFromContinuingOps": -1810600000, "discontinuedOperations": {}, "extraordinaryItems": {}, "effectOfAccountingCharges": {}, "otherItems": {}, "netIncome": -1810600000, "netIncomeApplicableToCommonShares": -1810600000}, {"maxAge": 1, "endDate": "2019-03-31", "totalRevenue": 124291300000, "costOfRevenue": 98641800000, "grossProfit": 25649500000, "researchDevelopment": {}, "sellingGeneralAdministrative": 13694200000, "nonRecurring": {}, "otherOperatingExpenses": 1868800000, "totalOperatingExpenses": 117055100000, "operatingIncome": 7236200000, "totalOtherIncomeExpenseNet": -2647300000, "ebit": 7236200000, "interestExpense": -3124200000, "incomeBeforeTax": 4588900000, "incomeTaxExpense": 1649200000, "minorityInterest": {}, "netIncomeFromContinuingOps": 2939700000, "discontinuedOperations": {}, "extraordinaryItems": {}, "effectOfAccountingCharges": {}, "otherItems": {}, "netIncome": 2939700000, "netIncomeApplicableToCommonShares": 2939700000}, {"maxAge": 1, "endDate": "2018-03-31", "totalRevenue": 89425400000, "costOfRevenue": 68903700000, "grossProfit": 20521700000, "researchDevelopment": {}, "sellingGeneralAdministrative": 11974200000, "nonRecurring": {}, "otherOperatingExpenses": 1658600000, "totalOperatingExpenses": 83269500000, "operatingIncome": 6155900000, "totalOtherIncomeExpenseNet": -2807700000, "ebit": 6155900000, "interestExpense": -1868000000, "incomeBeforeTax": 3348200000, "incomeTaxExpense": 1220600000, "minorityInterest": {}, "netIncomeFromContinuingOps": 2127600000, "discontinuedOperations": {}, "extraordinaryItems": {}, "effectOfAccountingCharges": {}, "otherItems": {}, "netIncome": 2127600000, "netIncomeApplicableToCommonShares": 2127600000}, {"maxAge": 1, "endDate": "2017-03-31", "totalRevenue": 76000800000, "costOfRevenue": 58286600000, "grossProfit": 17714200000, "researchDevelopment": {}, "sellingGeneralAdministrative": 10558600000, "nonRecurring": {}, "otherOperatingExpenses": 1603600000, "totalOperatingExpenses": 71300500000, "operatingIncome": 4700300000, "totalOtherIncomeExpenseNet": -1453900000, "ebit": 4700300000, "interestExpense": -1868700000, "incomeBeforeTax": 3246400000, "incomeTaxExpense": 1167200000, "minorityInterest": {}, "netIncomeFromContinuingOps": 2079200000, "discontinuedOperations": {}, "extraordinaryItems": {}, "effectOfAccountingCharges": {}, "otherItems": {}, "netIncome": 2079200000, "netIncomeApplicableToCommonShares": 2079200000}], "maxAge": 86400}, "fundOwnership": {"ownershipList": [], "maxAge": 1}, "summaryDetail": {"maxAge": 1, "priceHint": 2, "previousClose": 57.95, "open": 57.6, "dayLow": 56.0, "dayHigh": 60.2, "regularMarketPreviousClose": 57.95, "regularMarketOpen": 57.6, "regularMarketDayLow": 56.0, "regularMarketDayHigh": 60.2, "dividendRate": 1.9, "dividendYield": 0.0327, "exDividendDate": "2020-03-19 05:30:00", "beta": 1.367747, "volume": 4291145, "regularMarketVolume": 4291145, "averageVolume": 4470346, "averageVolume10days": 1429568, "averageDailyVolume10Day": 1429568, "bid": 0.0, "ask": 0.0, "bidSize": 0, "askSize": 0, "marketCap": 28404484096, "fiftyTwoWeekLow": 20.05, "fiftyTwoWeekHigh": 69.85, "priceToSalesTrailing12Months": 0.23751713, "fiftyDayAverage": 53.873528, "twoHundredDayAverage": 40.447872, "trailingAnnualDividendRate": 0.0, "trailingAnnualDividendYield": 0.0, "currency": "INR", "fromCurrency": null, "lastMarket": null, "algorithm": null, "tradeable": false}, "insiderHolders": {"holders": [{"maxAge": 1, "name": "President of India", "relation": "Promoter", "url": "", "transactionDescription": "Sale", "latestTransDate": "2017-07-26", "positionDirect": 381246884, "positionDirectDate": "2017-07-26"}], "maxAge": 1}, "calendarEvents": {"maxAge": 1, "earnings": {"earningsDate": []}, "exDividendDate": "2020-03-19 05:30:00"}, "upgradeDowngradeHistory": {"history": [], "maxAge": 86400}, "price": {"maxAge": 1, "regularMarketChangePercent": 0.0, "regularMarketChange": 0.0, "regularMarketTime": "2021-04-30 15:30:01", "priceHint": 2, "regularMarketPrice": 57.95, "regularMarketDayHigh": 60.2, "regularMarketDayLow": 56.0, "regularMarketVolume": 4291145, "averageDailyVolume10Day": 1429568, "averageDailyVolume3Month": 4470346, "regularMarketPreviousClose": 57.95, "regularMarketSource": "FREE_REALTIME", "regularMarketOpen": 57.6, "exchange": "NSI", "exchangeName": "NSE", "exchangeDataDelayedBy": 15, "marketState": "CLOSED", "quoteType": "EQUITY", "symbol": "NFL.NS", "underlyingSymbol": null, "shortName": "NATIONAL FERTILIZE", "longName": "National Fertilizers Limited", "currency": "INR", "quoteSourceName": "Delayed Quote", "currencySymbol": "\u20b9", "fromCurrency": null, "lastMarket": null, "marketCap": 28404484096}, "balanceSheetHistory": {"balanceSheetStatements": [{"maxAge": 1, "endDate": "2020-03-31", "cash": 195500000, "netReceivables": 80212300000, "inventory": 12764800000, "otherCurrentAssets": 4981100000, "totalCurrentAssets": 98153700000, "longTermInvestments": 3228600000, "propertyPlantEquipment": 43782900000, "intangibleAssets": 24100000, "otherAssets": 444500000, "deferredLongTermAssetCharges": 276300000, "totalAssets": 145633800000, "accountsPayable": 8966600000, "shortLongTermDebt": 1719900000, "otherCurrentLiab": 7091400000, "longTermDebt": 5968500000, "otherLiab": 25567900000, "totalCurrentLiabilities": 95043500000, "totalLiab": 126611400000, "commonStock": 4905800000, "retainedEarnings": 14091500000, "treasuryStock": 25100000, "otherStockholderEquity": 25100000, "totalStockholderEquity": 19022400000, "netTangibleAssets": 18998300000}, {"maxAge": 1, "endDate": "2019-03-31", "cash": 166200000, "shortTermInvestments": 2318000000, "netReceivables": 74193800000, "inventory": 15860400000, "otherCurrentAssets": 4729200000, "totalCurrentAssets": 94949600000, "longTermInvestments": 2650700000, "propertyPlantEquipment": 41220700000, "intangibleAssets": 35100000, "otherAssets": 178900000, "totalAssets": 139035000000, "accountsPayable": 6210300000, "shortLongTermDebt": 618700000, "otherCurrentLiab": 12647300000, "longTermDebt": 2796200000, "otherLiab": 28808600000, "totalCurrentLiabilities": 85326500000, "totalLiab": 116931300000, "commonStock": 4905800000, "retainedEarnings": 17172800000, "treasuryStock": 25100000, "otherStockholderEquity": 25100000, "totalStockholderEquity": 22103700000, "netTangibleAssets": 22068600000}, {"maxAge": 1, "endDate": "2018-03-31", "cash": 74900000, "netReceivables": 42289000000, "inventory": 5259400000, "otherCurrentAssets": 4857100000, "totalCurrentAssets": 52480400000, "longTermInvestments": 2168700000, "propertyPlantEquipment": 41379400000, "intangibleAssets": 58500000, "otherAssets": 178600000, "totalAssets": 96265600000, "accountsPayable": 4910800000, "shortLongTermDebt": 556400000, "otherCurrentLiab": 6324300000, "longTermDebt": 1146400000, "otherLiab": 29947100000, "totalCurrentLiabilities": 45316600000, "totalLiab": 76410100000, "commonStock": 4905800000, "retainedEarnings": 14924600000, "treasuryStock": 25100000, "otherStockholderEquity": 25100000, "totalStockholderEquity": 19855500000, "netTangibleAssets": 19797000000}, {"maxAge": 1, "endDate": "2017-03-31", "cash": 61100000, "netReceivables": 50062300000, "inventory": 5751500000, "otherCurrentAssets": 2068900000, "totalCurrentAssets": 57943800000, "longTermInvestments": 1516300000, "propertyPlantEquipment": 40972400000, "intangibleAssets": 118600000, "otherAssets": 1250500000, "totalAssets": 101801600000, "accountsPayable": 4054400000, "shortLongTermDebt": 8085300000, "otherCurrentLiab": 5849900000, "longTermDebt": 1723500000, "otherLiab": 30197400000, "totalCurrentLiabilities": 51632700000, "totalLiab": 83553600000, "commonStock": 4905800000, "retainedEarnings": 13317100000, "treasuryStock": 25100000, "otherStockholderEquity": 25100000, "totalStockholderEquity": 18248000000, "netTangibleAssets": 18129400000}], "maxAge": 86400}, "earningsTrend": {"trend": [{"maxAge": 1, "period": "0q", "endDate": null, "growth": {}, "earningsEstimate": {"avg": 0.0, "low": 0.0, "high": 0.0, "yearAgoEps": {}, "numberOfAnalysts": 0, "growth": {}}, "revenueEstimate": {"avg": 0, "low": 0, "high": 0, "numberOfAnalysts": 0, "yearAgoRevenue": {}, "growth": {}}, "epsTrend": {"current": 0.0, "7daysAgo": 0.0, "30daysAgo": 0.0, "60daysAgo": 0.0, "90daysAgo": 0.0}, "epsRevisions": {"upLast7days": 0, "upLast30days": 0, "downLast30days": 0, "downLast90days": {}}}, {"maxAge": 1, "period": "+1q", "endDate": null, "growth": {}, "earningsEstimate": {"avg": 0.0, "low": 0.0, "high": 0.0, "yearAgoEps": {}, "numberOfAnalysts": 0, "growth": {}}, "revenueEstimate": {"avg": 0, "low": 0, "high": 0, "numberOfAnalysts": 0, "yearAgoRevenue": {}, "growth": {}}, "epsTrend": {"current": 0.0, "7daysAgo": 0.0, "30daysAgo": 0.0, "60daysAgo": 0.0, "90daysAgo": 0.0}, "epsRevisions": {"upLast7days": 0, "upLast30days": 0, "downLast30days": 0, "downLast90days": {}}}, {"maxAge": 1, "period": "0y", "endDate": null, "growth": {}, "earningsEstimate": {"avg": 0.0, "low": 0.0, "high": 0.0, "yearAgoEps": {}, "numberOfAnalysts": 0, "growth": {}}, "revenueEstimate": {"avg": 0, "low": 0, "high": 0, "numberOfAnalysts": 0, "yearAgoRevenue": {}, "growth": {}}, "epsTrend": {"current": 0.0, "7daysAgo": 0.0, "30daysAgo": 0.0, "60daysAgo": 0.0, "90daysAgo": 0.0}, "epsRevisions": {"upLast7days": 0, "upLast30days": 0, "downLast30days": 0, "downLast90days": {}}}, {"maxAge": 1, "period": "+1y", "endDate": null, "growth": {}, "earningsEstimate": {"avg": 0.0, "low": 0.0, "high": 0.0, "yearAgoEps": {}, "numberOfAnalysts": 0, "growth": {}}, "revenueEstimate": {"avg": 0, "low": 0, "high": 0, "numberOfAnalysts": 0, "yearAgoRevenue": {}, "growth": {}}, "epsTrend": {"current": 0.0, "7daysAgo": 0.0, "30daysAgo": 0.0, "60daysAgo": 0.0, "90daysAgo": 0.0}, "epsRevisions": {"upLast7days": 0, "upLast30days": 0, "downLast30days": 0, "downLast90days": {}}}, {"maxAge": 1, "period": "+5y", "endDate": null, "growth": {}, "earningsEstimate": {"avg": {}, "low": {}, "high": {}, "yearAgoEps": {}, "numberOfAnalysts": {}, "growth": {}}, "revenueEstimate": {"avg": {}, "low": {}, "high": {}, "numberOfAnalysts": {}, "yearAgoRevenue": {}, "growth": {}}, "epsTrend": {"current": {}, "7daysAgo": {}, "30daysAgo": {}, "60daysAgo": {}, "90daysAgo": {}}, "epsRevisions": {"upLast7days": {}, "upLast30days": {}, "downLast30days": {}, "downLast90days": {}}}, {"maxAge": 1, "period": "-5y", "endDate": null, "growth": {}, "earningsEstimate": {"avg": {}, "low": {}, "high": {}, "yearAgoEps": {}, "numberOfAnalysts": {}, "growth": {}}, "revenueEstimate": {"avg": {}, "low": {}, "high": {}, "numberOfAnalysts": {}, "yearAgoRevenue": {}, "growth": {}}, "epsTrend": {"current": {}, "7daysAgo": {}, "30daysAgo": {}, "60daysAgo": {}, "90daysAgo": {}}, "epsRevisions": {"upLast7days": {}, "upLast30days": {}, "downLast30days": {}, "downLast90days": {}}}], "maxAge": 1}, "institutionOwnership": {"ownershipList": [], "maxAge": 1}, "majorHoldersBreakdown": {"maxAge": 1, "insidersPercentHeld": 0.76251, "institutionsPercentHeld": 0.12905, "institutionsFloatPercentHeld": 0.54341, "institutionsCount": 5}, "balanceSheetHistoryQuarterly": {"balanceSheetStatements": [{"maxAge": 1, "endDate": "2020-12-31", "totalStockholderEquity": 20945700000, "netTangibleAssets": 20927200000}, {"maxAge": 1, "endDate": "2020-09-30", "cash": 171500000, "shortTermInvestments": 2989100000, "netReceivables": 61430200000, "inventory": 8394300000, "otherCurrentAssets": 4091700000, "totalCurrentAssets": 77076800000, "longTermInvestments": 4251400000, "propertyPlantEquipment": 44302200000, "intangibleAssets": 18500000, "otherAssets": 164200000, "totalAssets": 125813100000, "accountsPayable": 6009400000, "otherCurrentLiab": 11857700000, "longTermDebt": 5999200000, "otherLiab": 24683800000, "totalCurrentLiabilities": 74152500000, "totalLiab": 104867400000, "commonStock": 4905800000, "treasuryStock": 16039900000, "otherStockholderEquity": 16039900000, "totalStockholderEquity": 20945700000, "netTangibleAssets": 20927200000}, {"maxAge": 1, "endDate": "2020-06-30", "totalStockholderEquity": 19022400000, "netTangibleAssets": 18998300000}, {"maxAge": 1, "endDate": "2020-03-31", "cash": 195500000, "netReceivables": 80212300000, "inventory": 12764800000, "otherCurrentAssets": 4981100000, "totalCurrentAssets": 98153700000, "longTermInvestments": 3228600000, "propertyPlantEquipment": 43782900000, "intangibleAssets": 24100000, "otherAssets": 444500000, "deferredLongTermAssetCharges": 276300000, "totalAssets": 145633800000, "accountsPayable": 8966600000, "shortLongTermDebt": 1719900000, "otherCurrentLiab": 7091400000, "longTermDebt": 5968500000, "otherLiab": 25567900000, "totalCurrentLiabilities": 95043500000, "totalLiab": 126611400000, "commonStock": 4905800000, "retainedEarnings": 14091500000, "treasuryStock": 25100000, "otherStockholderEquity": 25100000, "totalStockholderEquity": 19022400000, "netTangibleAssets": 18998300000}], "maxAge": 86400}, "earningsHistory": {"history": [{"maxAge": 1, "epsActual": {}, "epsEstimate": {}, "epsDifference": {}, "surprisePercent": {}, "quarter": {}, "period": "-4q"}, {"maxAge": 1, "epsActual": {}, "epsEstimate": {}, "epsDifference": {}, "surprisePercent": {}, "quarter": {}, "period": "-3q"}, {"maxAge": 1, "epsActual": {}, "epsEstimate": {}, "epsDifference": {}, "surprisePercent": {}, "quarter": {}, "period": "-2q"}, {"maxAge": 1, "epsActual": {}, "epsEstimate": {}, "epsDifference": {}, "surprisePercent": {}, "quarter": {}, "period": "-1q"}], "maxAge": 86400}, "summaryProfile": {"address1": "A-11, Sector-24", "address2": "District- Gautam Budh Nagar", "city": "Noida", "zip": "201301", "country": "India", "phone": "91 12 0241 2294", "fax": "91 12 0241 2397", "website": "http://www.nationalfertilizers.com", "industry": "Agricultural Inputs", "sector": "Basic Materials", "longBusinessSummary": "National Fertilizers Limited produces and sells urea products, industrial products, and bio-fertilizers in India. It operates through Own Fertilizers, Fertilizers Trading, and Other Products & Services segments. The company offers Kisan urea for various types of crops, as well as for foliar sprays; neem coated urea and bentonite sulphur products; bio-fertilizers, including rhizobium, phosphate and zinc solubilizing bacteria, and azetobactor that are used to supplement chemical fertilizers, as well as to maintain soil fertility; and industrial products comprising nitric acid dilute, ammonium nitrate, anhydrous ammonia, and sodium nitrite and nitrate under the Kisan brand name, as well as certified seeds under the Kisan Beej brand name. The company also trades in compost products; and agrochemicals/pesticides comprising insecticides, herbicides, and fungicides, as well as potassium chloride, diammonium phosphate, and nitro phosphate. National Fertilizers Limited was incorporated in 1974 and is based in Noida, India.", "fullTimeEmployees": 3339, "companyOfficers": [], "maxAge": 86400}, "netSharePurchaseActivity": {"maxAge": 1, "period": "6m", "buyInfoCount": 0, "buyInfoShares": 0, "sellInfoCount": 0, "netInfoCount": 0, "netInfoShares": 0, "netPercentInsiderShares": 0.0, "totalInsiderShares": 373418080}, "insiderTransactions": {"transactions": [{"maxAge": 1, "shares": 58869408, "filerUrl": "", "transactionText": "", "filerName": "President of India", "filerRelation": "Promoter", "moneyText": "", "startDate": "2017-07-26", "ownership": "D"}, {"maxAge": 1, "shares": 1404268, "filerUrl": "", "transactionText": "", "filerName": "President of India", "filerRelation": "Promoter", "moneyText": "", "startDate": "2014-06-10", "ownership": "D"}, {"maxAge": 1, "shares": 374799, "filerUrl": "", "transactionText": "", "filerName": "President of India", "filerRelation": "Promoter", "moneyText": "", "startDate": "2013-07-31", "ownership": "D"}], "maxAge": 1}, "sectorTrend": {"maxAge": 1, "symbol": null, "estimates": []}, "incomeStatementHistoryQuarterly": {"incomeStatementHistory": [{"maxAge": 1, "endDate": "2020-12-31", "totalRevenue": 29386900000, "costOfRevenue": 22208300000, "grossProfit": 7178600000, "researchDevelopment": {}, "sellingGeneralAdministrative": 1471100000, "nonRecurring": {}, "otherOperatingExpenses": 3603100000, "totalOperatingExpenses": 28076100000, "operatingIncome": 1310800000, "totalOtherIncomeExpenseNet": -555700000, "ebit": 1310800000, "interestExpense": -585200000, "incomeBeforeTax": 755100000, "incomeTaxExpense": 226200000, "minorityInterest": {}, "netIncomeFromContinuingOps": 528900000, "discontinuedOperations": {}, "extraordinaryItems": {}, "effectOfAccountingCharges": {}, "otherItems": {}, "netIncome": 528900000, "netIncomeApplicableToCommonShares": 528900000}, {"maxAge": 1, "endDate": "2020-09-30", "totalRevenue": 31739500000, "costOfRevenue": 24283400000, "grossProfit": 7456100000, "researchDevelopment": {}, "sellingGeneralAdministrative": 1483800000, "nonRecurring": {}, "otherOperatingExpenses": 3318400000, "totalOperatingExpenses": 29868100000, "operatingIncome": 1871400000, "totalOtherIncomeExpenseNet": -715200000, "ebit": 1871400000, "interestExpense": -780900000, "incomeBeforeTax": 1156200000, "incomeTaxExpense": 302100000, "minorityInterest": {}, "netIncomeFromContinuingOps": 854100000, "discontinuedOperations": {}, "extraordinaryItems": {}, "effectOfAccountingCharges": {}, "otherItems": {}, "netIncome": 854100000, "netIncomeApplicableToCommonShares": 854100000}, {"maxAge": 1, "endDate": "2020-06-30", "totalRevenue": 28318500000, "costOfRevenue": 21090500000, "grossProfit": 7228000000, "researchDevelopment": {}, "sellingGeneralAdministrative": 1569600000, "nonRecurring": {}, "otherOperatingExpenses": 2420800000, "totalOperatingExpenses": 25851200000, "operatingIncome": 2467300000, "totalOtherIncomeExpenseNet": -971500000, "ebit": 2467300000, "interestExpense": -1012800000, "incomeBeforeTax": 1495800000, "incomeTaxExpense": 412700000, "minorityInterest": {}, "netIncomeFromContinuingOps": 1083100000, "discontinuedOperations": {}, "extraordinaryItems": {}, "effectOfAccountingCharges": {}, "otherItems": {}, "netIncome": 1083100000, "netIncomeApplicableToCommonShares": 1083100000}, {"maxAge": 1, "endDate": "2020-03-31", "totalRevenue": 31890600000, "costOfRevenue": 23684100000, "grossProfit": 8206500000, "researchDevelopment": {}, "sellingGeneralAdministrative": 11833500000, "nonRecurring": {}, "otherOperatingExpenses": -8079100000, "totalOperatingExpenses": 30462000000, "operatingIncome": 1428600000, "totalOtherIncomeExpenseNet": -4759700000, "ebit": 1428600000, "interestExpense": -951100000, "incomeBeforeTax": -3331100000, "incomeTaxExpense": -844600000, "minorityInterest": {}, "netIncomeFromContinuingOps": -2486500000, "discontinuedOperations": {}, "extraordinaryItems": {}, "effectOfAccountingCharges": {}, "otherItems": {}, "netIncome": -2486500000, "netIncomeApplicableToCommonShares": -2486500000}], "maxAge": 86400}, "cashflowStatementHistoryQuarterly": {"cashflowStatements": [{"maxAge": 1, "endDate": "2020-12-31", "netIncome": 528900000, "changeToLiabilities": 0}, {"maxAge": 1, "endDate": "2020-09-30", "netIncome": 854100000, "changeToLiabilities": 0}, {"maxAge": 1, "endDate": "2020-06-30", "netIncome": 1083100000, "changeToLiabilities": 0}, {"maxAge": 1, "endDate": "2020-03-31", "netIncome": -2486500000, "changeToLiabilities": 0}], "maxAge": 86400}, "earnings": {"maxAge": 86400, "earningsChart": {"quarterly": [], "earningsDate": []}, "financialsChart": {"yearly": [{"date": 2017, "revenue": 76000800000, "earnings": 2079200000}, {"date": 2018, "revenue": 89425400000, "earnings": 2127600000}, {"date": 2019, "revenue": 124291300000, "earnings": 2939700000}, {"date": 2020, "revenue": 131353600000, "earnings": -1810600000}], "quarterly": [{"date": "1Q2020", "revenue": 31890600000, "earnings": -2486500000}, {"date": "2Q2020", "revenue": 28318500000, "earnings": 1083100000}, {"date": "3Q2020", "revenue": 31739500000, "earnings": 854100000}, {"date": "4Q2020", "revenue": 29386900000, "earnings": 528900000}]}, "financialCurrency": "INR"}, "financialData": {"maxAge": 86400, "currentPrice": 57.95, "targetHighPrice": 132.0, "targetLowPrice": 132.0, "targetMeanPrice": 132.0, "targetMedianPrice": 132.0, "recommendationMean": 2.0, "recommendationKey": "buy", "numberOfAnalystOpinions": 1, "totalCash": 3160600064, "totalCashPerShare": 6.454, "ebitda": 11461924864, "totalDebt": 59591999488, "totalRevenue": 119589199872, "debtToEquity": 284.507, "revenuePerShare": 243.587, "grossProfits": 27074500000, "earningsGrowth": -0.505, "revenueGrowth": -0.214, "grossMargins": 0.23683001, "ebitdaMargins": 0.09584, "operatingMargins": 0.05919, "profitMargins": -0.00017000001, "financialCurrency": "INR"}}}