{"NFL.BO": {"recommendationTrend": {"trend": [{"period": "0m", "strongBuy": 0, "buy": 0, "hold": 0, "sell": 0, "strongSell": 0}, {"period": "-1m", "strongBuy": 0, "buy": 0, "hold": 0, "sell": 0, "strongSell": 0}, {"period": "-2m", "strongBuy": 0, "buy": 0, "hold": 0, "sell": 0, "strongSell": 0}, {"period": "-3m", "strongBuy": 0, "buy": 0, "hold": 0, "sell": 0, "strongSell": 0}], "maxAge": 86400}, "cashflowStatementHistory": {"cashflowStatements": [{"maxAge": 1, "endDate": "2020-03-31", "netIncome": -1810600000, "depreciation": 3744300000, "changeToNetincome": 7500000, "changeToAccountReceivables": -6251300000, "changeToLiabilities": -3620200000, "changeToInventory": 3059500000, "totalCashFromOperatingActivities": -4870800000, "capitalExpenditures": -5905100000, "investments": -575200000, "otherCashflowsFromInvestingActivities": 35900000, "totalCashflowsFromInvestingActivities": -6403300000, "dividendsPaid": -1017200000, "netBorrowings": 16375300000, "otherCashflowsFromFinancingActivities": -4054700000, "totalCashFromFinancingActivities": 11303400000, "changeInCash": 29300000}, {"maxAge": 1, "endDate": "2019-03-31", "netIncome": 2950800000, "depreciation": 1010000000, "changeToNetincome": 3761100000, "changeToAccountReceivables": -32164100000, "changeToLiabilities": 7987900000, "changeToInventory": -10648000000, "totalCashFromOperatingActivities": -27100900000, "capitalExpenditures": -2562000000, "investments": -516300000, "otherCashflowsFromInvestingActivities": 49800000, "totalCashflowsFromInvestingActivities": -3028500000, "dividendsPaid": -644600000, "netBorrowings": 34028900000, "otherCashflowsFromFinancingActivities": -3163600000, "totalCashFromFinancingActivities": 30220700000, "changeInCash": 91300000}, {"maxAge": 1, "endDate": "2018-03-31", "netIncome": 2127600000, "depreciation": 733000000, "changeToNetincome": 1722700000, "changeToAccountReceivables": 6034300000, "changeToLiabilities": 5551900000, "changeToInventory": 441900000, "totalCashFromOperatingActivities": 16611400000, "capitalExpenditures": -3407000000, "investments": -652400000, "otherCashflowsFromInvestingActivities": 171000000, "totalCashflowsFromInvestingActivities": -3457800000, "dividendsPaid": -501900000, "netBorrowings": -10739000000, "otherCashflowsFromFinancingActivities": -1898900000, "totalCashFromFinancingActivities": -13139800000, "changeInCash": 13800000}, {"maxAge": 1, "endDate": "2017-03-31", "netIncome": 2079200000, "depreciation": 851700000, "changeToNetincome": 2216400000, "changeToAccountReceivables": 18629600000, "changeToLiabilities": 1709400000, "changeToInventory": -957200000, "totalCashFromOperatingActivities": 24529100000, "capitalExpenditures": -954800000, "investments": -1287600000, "otherCashflowsFromInvestingActivities": 158800000, "totalCashflowsFromInvestingActivities": -2014600000, "dividendsPaid": -714400000, "netBorrowings": -19890100000, "otherCashflowsFromFinancingActivities": -1898400000, "totalCashFromFinancingActivities": -22502900000, "changeInCash": 11600000}], "maxAge": 86400}, "institutionOwnership": {"ownershipList": [], "maxAge": 1}, "balanceSheetHistoryQuarterly": {"balanceSheetStatements": [{"maxAge": 1, "endDate": "2020-06-30", "totalStockholderEquity": 19022400000, "netTangibleAssets": 18998300000}, {"maxAge": 1, "endDate": "2020-03-31", "cash": 222000000, "shortTermInvestments": 2887100000, "netReceivables": 77868300000, "inventory": 12764800000, "otherCurrentAssets": 4411500000, "totalCurrentAssets": 98153700000, "longTermInvestments": 3228600000, "propertyPlantEquipment": 43782900000, "intangibleAssets": 24100000, "otherAssets": 444500000, "deferredLongTermAssetCharges": 276300000, "totalAssets": 145633800000, "accountsPayable": 8966600000, "otherCurrentLiab": 12739200000, "longTermDebt": 5968500000, "otherLiab": 25599400000, "totalCurrentLiabilities": 95043500000, "totalLiab": 126611400000, "commonStock": 4905800000, "treasuryStock": 14116600000, "otherStockholderEquity": 14116600000, "totalStockholderEquity": 19022400000, "netTangibleAssets": 18998300000}, {"maxAge": 1, "endDate": "2019-12-31", "totalStockholderEquity": 21347200000, "netTangibleAssets": 21317900000}, {"maxAge": 1, "endDate": "2019-09-30", "cash": 519900000, "shortTermInvestments": 2309300000, "netReceivables": 58773300000, "inventory": 19258800000, "otherCurrentAssets": 6258100000, "totalCurrentAssets": 87119400000, "longTermInvestments": 3020900000, "propertyPlantEquipment": 43784500000, "intangibleAssets": 29300000, "otherAssets": 161900000, "totalAssets": 134116000000, "accountsPayable": 6931500000, "otherCurrentLiab": 11922100000, "longTermDebt": 3657800000, "otherLiab": 27970000000, "totalCurrentLiabilities": 81141000000, "totalLiab": 112768800000, "commonStock": 4905800000, "treasuryStock": 16441400000, "otherStockholderEquity": 16441400000, "totalStockholderEquity": 21347200000, "netTangibleAssets": 21317900000}], "maxAge": 86400}, "earningsHistory": {"history": [{"maxAge": 1, "epsActual": {}, "epsEstimate": {}, "epsDifference": {}, "surprisePercent": {}, "quarter": {}, "period": "-4q"}, {"maxAge": 1, "epsActual": {}, "epsEstimate": {}, "epsDifference": {}, "surprisePercent": {}, "quarter": {}, "period": "-3q"}, {"maxAge": 1, "epsActual": {}, "epsEstimate": {}, "epsDifference": {}, "surprisePercent": {}, "quarter": {}, "period": "-2q"}, {"maxAge": 1, "epsActual": {}, "epsEstimate": {}, "epsDifference": {}, "surprisePercent": {}, "quarter": {}, "period": "-1q"}], "maxAge": 86400}, "indexTrend": {"maxAge": 1, "symbol": "SP5", "peRatio": 19.7411, "pegRatio": 1.34172, "estimates": [{"period": "0q", "growth": 0.549}, {"period": "+1q", "growth": 0.431}, {"period": "0y", "growth": 0.305}, {"period": "+1y", "growth": 0.109}, {"period": "+5y", "growth": 0.120865}, {"period": "-5y"}]}, "industryTrend": {"maxAge": 1, "symbol": null, "estimates": []}, "insiderTransactions": {"transactions": [{"maxAge": 1, "shares": 58869408, "filerUrl": "", "transactionText": "", "filerName": "President of India", "filerRelation": "Promoter", "moneyText": "", "startDate": "2017-07-26", "ownership": "D"}, {"maxAge": 1, "shares": 1404268, "filerUrl": "", "transactionText": "", "filerName": "President of India", "filerRelation": "Promoter", "moneyText": "", "startDate": "2014-06-10", "ownership": "D"}, {"maxAge": 1, "shares": 374799, "filerUrl": "", "transactionText": "", "filerName": "President of India", "filerRelation": "Promoter", "moneyText": "", "startDate": "2013-07-31", "ownership": "D"}], "maxAge": 1}, "quoteType": {"exchange": "BSE", "quoteType": "EQUITY", "symbol": "NFL.BO", "underlyingSymbol": "NFL.BO", "shortName": "NATIONAL FERTILIZERS LTD.", "longName": "National Fertilizers Limited", "firstTradeDateEpochUtc": "2001-12-31 09:15:00", "timeZoneFullName": "Asia/Kolkata", "timeZoneShortName": "IST", "uuid": "4cec6956-dca8-3a88-9791-d7d8aa8b1567", "gmtOffSetMilliseconds": 19800000, "maxAge": 1}, "incomeStatementHistory": {"incomeStatementHistory": [{"maxAge": 1, "endDate": "2020-03-31", "totalRevenue": 131353600000, "costOfRevenue": 103586900000, "grossProfit": 27766700000, "researchDevelopment": {}, "sellingGeneralAdministrative": 5993200000, "nonRecurring": {}, "otherOperatingExpenses": 13178100000, "totalOperatingExpenses": 126502500000, "operatingIncome": 4851100000, "totalOtherIncomeExpenseNet": -7478700000, "ebit": 4851100000, "interestExpense": -4054700000, "incomeBeforeTax": -2627600000, "incomeTaxExpense": -817000000, "minorityInterest": {}, "netIncomeFromContinuingOps": -1810600000, "discontinuedOperations": {}, "extraordinaryItems": {}, "effectOfAccountingCharges": {}, "otherItems": {}, "netIncome": -1810600000, "netIncomeApplicableToCommonShares": -1810600000}, {"maxAge": 1, "endDate": "2019-03-31", "totalRevenue": 122452400000, "costOfRevenue": 98641800000, "grossProfit": 23810600000, "researchDevelopment": {}, "sellingGeneralAdministrative": 13694200000, "nonRecurring": {}, "otherOperatingExpenses": 1864900000, "totalOperatingExpenses": 115212300000, "operatingIncome": 7240100000, "totalOtherIncomeExpenseNet": -2640100000, "ebit": 7240100000, "interestExpense": -3124200000, "incomeBeforeTax": 4600000000, "incomeTaxExpense": 1649200000, "minorityInterest": {}, "netIncomeFromContinuingOps": 2950800000, "discontinuedOperations": {}, "extraordinaryItems": {}, "effectOfAccountingCharges": {}, "otherItems": {}, "netIncome": 2950800000, "netIncomeApplicableToCommonShares": 2950800000}, {"maxAge": 1, "endDate": "2018-03-31", "totalRevenue": 89425400000, "costOfRevenue": 68903700000, "grossProfit": 20521700000, "researchDevelopment": {}, "sellingGeneralAdministrative": 11974200000, "nonRecurring": {}, "otherOperatingExpenses": 1658600000, "totalOperatingExpenses": 83269500000, "operatingIncome": 6155900000, "totalOtherIncomeExpenseNet": -2807700000, "ebit": 6155900000, "interestExpense": -1868000000, "incomeBeforeTax": 3348200000, "incomeTaxExpense": 1220600000, "minorityInterest": {}, "netIncomeFromContinuingOps": 2127600000, "discontinuedOperations": {}, "extraordinaryItems": {}, "effectOfAccountingCharges": {}, "otherItems": {}, "netIncome": 2127600000, "netIncomeApplicableToCommonShares": 2127600000}, {"maxAge": 1, "endDate": "2017-03-31", "totalRevenue": 76000800000, "costOfRevenue": 58286600000, "grossProfit": 17714200000, "researchDevelopment": {}, "sellingGeneralAdministrative": 10558600000, "nonRecurring": {}, "otherOperatingExpenses": 1603600000, "totalOperatingExpenses": 71300500000, "operatingIncome": 4700300000, "totalOtherIncomeExpenseNet": -1453900000, "ebit": 4700300000, "interestExpense": -1868700000, "incomeBeforeTax": 3246400000, "incomeTaxExpense": 1167200000, "minorityInterest": {}, "netIncomeFromContinuingOps": 2079200000, "discontinuedOperations": {}, "extraordinaryItems": {}, "effectOfAccountingCharges": {}, "otherItems": {}, "netIncome": 2079200000, "netIncomeApplicableToCommonShares": 2079200000}], "maxAge": 86400}, "fundOwnership": {"ownershipList": [], "maxAge": 1}, "summaryDetail": {"maxAge": 1, "priceHint": 2, "previousClose": 57.9, "open": 58.25, "dayLow": 56.35, "dayHigh": 60.15, "regularMarketPreviousClose": 57.9, "regularMarketOpen": 58.25, "regularMarketDayLow": 56.35, "regularMarketDayHigh": 60.15, "volume": 369156, "regularMarketVolume": 369156, "averageVolume": 173385, "averageVolume10days": 205611, "averageDailyVolume10Day": 205611, "bid": 57.8, "ask": 58.0, "bidSize": 0, "askSize": 0, "marketCap": 28453523456, "fiftyTwoWeekLow": 15.0, "fiftyTwoWeekHigh": 60.15, "fiftyDayAverage": 40.15606, "twoHundredDayAverage": 36.188236, "trailingAnnualDividendRate": 0.95, "trailingAnnualDividendYield": 0.016407598, "currency": "INR", "fromCurrency": null, "lastMarket": null, "algorithm": null, "tradeable": false}, "sectorTrend": {"maxAge": 1, "symbol": null, "estimates": []}, "incomeStatementHistoryQuarterly": {"incomeStatementHistory": [{"maxAge": 1, "endDate": "2020-06-30", "totalRevenue": 28318500000, "costOfRevenue": 21090500000, "grossProfit": 7228000000, "researchDevelopment": {}, "sellingGeneralAdministrative": 1569600000, "nonRecurring": {}, "otherOperatingExpenses": 2420800000, "totalOperatingExpenses": 25851200000, "operatingIncome": 2467300000, "totalOtherIncomeExpenseNet": -971500000, "ebit": 2467300000, "interestExpense": -1012800000, "incomeBeforeTax": 1495800000, "incomeTaxExpense": 412700000, "minorityInterest": {}, "netIncomeFromContinuingOps": 1083100000, "discontinuedOperations": {}, "extraordinaryItems": {}, "effectOfAccountingCharges": {}, "otherItems": {}, "netIncome": 1083100000, "netIncomeApplicableToCommonShares": 1083100000}, {"maxAge": 1, "endDate": "2020-03-31", "totalRevenue": 30144300000, "costOfRevenue": 22991900000, "grossProfit": 7152400000, "researchDevelopment": {}, "sellingGeneralAdministrative": 1444700000, "nonRecurring": {}, "otherOperatingExpenses": 3040000000, "totalOperatingExpenses": 28754800000, "operatingIncome": 1389500000, "totalOtherIncomeExpenseNet": -4720600000, "ebit": 1389500000, "interestExpense": -995400000, "incomeBeforeTax": -3331100000, "incomeTaxExpense": -844600000, "minorityInterest": {}, "netIncomeFromContinuingOps": -2486500000, "discontinuedOperations": {}, "extraordinaryItems": {}, "effectOfAccountingCharges": {}, "otherItems": {}, "netIncome": -2486500000, "netIncomeApplicableToCommonShares": -2486500000}, {"maxAge": 1, "endDate": "2019-12-31", "totalRevenue": 37373000000, "costOfRevenue": 29895100000, "grossProfit": 7477900000, "researchDevelopment": {}, "sellingGeneralAdministrative": 1462500000, "nonRecurring": {}, "otherOperatingExpenses": 3462300000, "totalOperatingExpenses": 35065300000, "operatingIncome": 2307700000, "totalOtherIncomeExpenseNet": -870100000, "ebit": 2307700000, "interestExpense": -937100000, "incomeBeforeTax": 1437600000, "incomeTaxExpense": 366500000, "minorityInterest": {}, "netIncomeFromContinuingOps": 1071100000, "discontinuedOperations": {}, "extraordinaryItems": {}, "effectOfAccountingCharges": {}, "otherItems": {}, "netIncome": 1071100000, "netIncomeApplicableToCommonShares": 1071100000}, {"maxAge": 1, "endDate": "2019-09-30", "totalRevenue": 36619600000, "costOfRevenue": 30065700000, "grossProfit": 6553900000, "researchDevelopment": {}, "sellingGeneralAdministrative": 1396500000, "nonRecurring": {}, "otherOperatingExpenses": 3694300000, "totalOperatingExpenses": 35403800000, "operatingIncome": 1215800000, "totalOtherIncomeExpenseNet": -981800000, "ebit": 1215800000, "interestExpense": -1067500000, "incomeBeforeTax": 234000000, "incomeTaxExpense": -11500000, "minorityInterest": {}, "netIncomeFromContinuingOps": 245500000, "discontinuedOperations": {}, "extraordinaryItems": {}, "effectOfAccountingCharges": {}, "otherItems": {}, "netIncome": 245500000, "netIncomeApplicableToCommonShares": 245500000}], "maxAge": 86400}, "cashflowStatementHistoryQuarterly": {"cashflowStatements": [{"maxAge": 1, "endDate": "2020-06-30", "netIncome": 1083100000, "changeToLiabilities": 0}, {"maxAge": 1, "endDate": "2020-03-31", "netIncome": -2486500000, "changeToLiabilities": 0}, {"maxAge": 1, "endDate": "2019-12-31", "netIncome": 1071100000, "changeToLiabilities": 0}, {"maxAge": 1, "endDate": "2019-09-30", "netIncome": 245500000, "changeToLiabilities": 0}], "maxAge": 86400}, "insiderHolders": {"holders": [{"maxAge": 1, "name": "President of India", "relation": "Promoter", "url": "", "transactionDescription": "Sale", "latestTransDate": "2017-07-26", "positionDirect": 381246884, "positionDirectDate": "2017-07-26"}], "maxAge": 1}, "earnings": {"maxAge": 86400, "earningsChart": {"quarterly": [], "earningsDate": ["2020-09-15 05:30:S"]}, "financialsChart": {"yearly": [{"date": 2017, "revenue": 76000800000, "earnings": 2079200000}, {"date": 2018, "revenue": 89425400000, "earnings": 2127600000}, {"date": 2019, "revenue": 122452400000, "earnings": 2950800000}, {"date": 2020, "revenue": 131353600000, "earnings": -1810600000}], "quarterly": [{"date": "3Q2019", "revenue": 36619600000, "earnings": 245500000}, {"date": "4Q2019", "revenue": 37373000000, "earnings": 1071100000}, {"date": "1Q2020", "revenue": 30144300000, "earnings": -2486500000}, {"date": "2Q2020", "revenue": 28318500000, "earnings": 1083100000}]}, "financialCurrency": "INR"}, "calendarEvents": {"maxAge": 1, "earnings": {"earningsDate": ["2020-09-15 05:30:S"]}}, "upgradeDowngradeHistory": {"history": [], "maxAge": 86400}, "price": {"maxAge": 1, "regularMarketChangePercent": 0.0017270893, "regularMarketChange": 0.099998474, "regularMarketTime": "2021-04-30 15:47:58", "priceHint": 2, "regularMarketPrice": 58.0, "regularMarketDayHigh": 60.15, "regularMarketDayLow": 56.35, "regularMarketVolume": 369156, "averageDailyVolume10Day": 205611, "averageDailyVolume3Month": 173385, "regularMarketPreviousClose": 57.9, "regularMarketSource": "FREE_REALTIME", "regularMarketOpen": 58.25, "exchange": "BSE", "exchangeName": "BSE", "exchangeDataDelayedBy": 0, "marketState": "CLOSED", "quoteType": "EQUITY", "symbol": "NFL.BO", "underlyingSymbol": null, "shortName": "NATIONAL FERTILIZERS LTD.", "longName": "National Fertilizers Limited", "currency": "INR", "quoteSourceName": "Delayed Quote", "currencySymbol": "\u20b9", "fromCurrency": null, "lastMarket": null, "marketCap": 28453523456}, "balanceSheetHistory": {"balanceSheetStatements": [{"maxAge": 1, "endDate": "2020-03-31", "cash": 222000000, "shortTermInvestments": 2887100000, "netReceivables": 77868300000, "inventory": 12764800000, "otherCurrentAssets": 4411500000, "totalCurrentAssets": 98153700000, "longTermInvestments": 3228600000, "propertyPlantEquipment": 43782900000, "intangibleAssets": 24100000, "otherAssets": 444500000, "deferredLongTermAssetCharges": 276300000, "totalAssets": 145633800000, "accountsPayable": 8966600000, "otherCurrentLiab": 12739200000, "longTermDebt": 5968500000, "otherLiab": 25599400000, "totalCurrentLiabilities": 95043500000, "totalLiab": 126611400000, "commonStock": 4905800000, "treasuryStock": 14116600000, "otherStockholderEquity": 14116600000, "totalStockholderEquity": 19022400000, "netTangibleAssets": 18998300000}, {"maxAge": 1, "endDate": "2019-03-31", "cash": 166200000, "shortTermInvestments": 2318000000, "netReceivables": 74167700000, "inventory": 15860400000, "otherCurrentAssets": 4755300000, "totalCurrentAssets": 94949600000, "longTermInvestments": 2685000000, "propertyPlantEquipment": 41233200000, "intangibleAssets": 35100000, "otherAssets": 166400000, "totalAssets": 139069300000, "accountsPayable": 6308600000, "shortLongTermDebt": 618700000, "otherCurrentLiab": 12574500000, "longTermDebt": 2796200000, "otherLiab": 28783100000, "totalCurrentLiabilities": 85352000000, "totalLiab": 116931300000, "commonStock": 4905800000, "retainedEarnings": 17207100000, "treasuryStock": 25100000, "otherStockholderEquity": 25100000, "totalStockholderEquity": 22138000000, "netTangibleAssets": 22102900000}, {"maxAge": 1, "endDate": "2018-03-31", "cash": 74900000, "netReceivables": 42289000000, "inventory": 5259400000, "otherCurrentAssets": 4857100000, "totalCurrentAssets": 52480400000, "longTermInvestments": 2168700000, "propertyPlantEquipment": 41379400000, "intangibleAssets": 58500000, "otherAssets": 178600000, "totalAssets": 96265600000, "accountsPayable": 4910800000, "shortLongTermDebt": 556400000, "otherCurrentLiab": 6324300000, "longTermDebt": 1146400000, "otherLiab": 29947100000, "totalCurrentLiabilities": 45316600000, "totalLiab": 76410100000, "commonStock": 4905800000, "retainedEarnings": 14924600000, "treasuryStock": 25100000, "otherStockholderEquity": 25100000, "totalStockholderEquity": 19855500000, "netTangibleAssets": 19797000000}, {"maxAge": 1, "endDate": "2017-03-31", "cash": 61100000, "netReceivables": 50062300000, "inventory": 5751500000, "otherCurrentAssets": 2068900000, "totalCurrentAssets": 57943800000, "longTermInvestments": 1516300000, "propertyPlantEquipment": 40972400000, "intangibleAssets": 118600000, "otherAssets": 1250500000, "totalAssets": 101801600000, "accountsPayable": 4054400000, "shortLongTermDebt": 8085300000, "otherCurrentLiab": 5849900000, "longTermDebt": 1723500000, "otherLiab": 30197400000, "totalCurrentLiabilities": 51632700000, "totalLiab": 83553600000, "commonStock": 4905800000, "retainedEarnings": 13317100000, "treasuryStock": 25100000, "otherStockholderEquity": 25100000, "totalStockholderEquity": 18248000000, "netTangibleAssets": 18129400000}], "maxAge": 86400}, "earningsTrend": {"trend": [{"maxAge": 1, "period": "0q", "endDate": null, "growth": {}, "earningsEstimate": {"avg": 0.0, "low": 0.0, "high": 0.0, "yearAgoEps": {}, "numberOfAnalysts": 0, "growth": {}}, "revenueEstimate": {"avg": 0, "low": 0, "high": 0, "numberOfAnalysts": 0, "yearAgoRevenue": {}, "growth": {}}, "epsTrend": {"current": 0.0, "7daysAgo": 0.0, "30daysAgo": 0.0, "60daysAgo": 0.0, "90daysAgo": 0.0}, "epsRevisions": {"upLast7days": 0, "upLast30days": 0, "downLast30days": 0, "downLast90days": {}}}, {"maxAge": 1, "period": "+1q", "endDate": null, "growth": {}, "earningsEstimate": {"avg": 0.0, "low": 0.0, "high": 0.0, "yearAgoEps": {}, "numberOfAnalysts": 0, "growth": {}}, "revenueEstimate": {"avg": 0, "low": 0, "high": 0, "numberOfAnalysts": 0, "yearAgoRevenue": {}, "growth": {}}, "epsTrend": {"current": 0.0, "7daysAgo": 0.0, "30daysAgo": 0.0, "60daysAgo": 0.0, "90daysAgo": 0.0}, "epsRevisions": {"upLast7days": 0, "upLast30days": 0, "downLast30days": 0, "downLast90days": {}}}, {"maxAge": 1, "period": "0y", "endDate": null, "growth": {}, "earningsEstimate": {"avg": 0.0, "low": 0.0, "high": 0.0, "yearAgoEps": {}, "numberOfAnalysts": 0, "growth": {}}, "revenueEstimate": {"avg": 0, "low": 0, "high": 0, "numberOfAnalysts": 0, "yearAgoRevenue": {}, "growth": {}}, "epsTrend": {"current": 0.0, "7daysAgo": 0.0, "30daysAgo": 0.0, "60daysAgo": 0.0, "90daysAgo": 0.0}, "epsRevisions": {"upLast7days": 0, "upLast30days": 0, "downLast30days": 0, "downLast90days": {}}}, {"maxAge": 1, "period": "+1y", "endDate": null, "growth": {}, "earningsEstimate": {"avg": 0.0, "low": 0.0, "high": 0.0, "yearAgoEps": {}, "numberOfAnalysts": 0, "growth": {}}, "revenueEstimate": {"avg": 0, "low": 0, "high": 0, "numberOfAnalysts": 0, "yearAgoRevenue": {}, "growth": {}}, "epsTrend": {"current": 0.0, "7daysAgo": 0.0, "30daysAgo": 0.0, "60daysAgo": 0.0, "90daysAgo": 0.0}, "epsRevisions": {"upLast7days": 0, "upLast30days": 0, "downLast30days": 0, "downLast90days": {}}}, {"maxAge": 1, "period": "+5y", "endDate": null, "growth": {}, "earningsEstimate": {"avg": {}, "low": {}, "high": {}, "yearAgoEps": {}, "numberOfAnalysts": {}, "growth": {}}, "revenueEstimate": {"avg": {}, "low": {}, "high": {}, "numberOfAnalysts": {}, "yearAgoRevenue": {}, "growth": {}}, "epsTrend": {"current": {}, "7daysAgo": {}, "30daysAgo": {}, "60daysAgo": {}, "90daysAgo": {}}, "epsRevisions": {"upLast7days": {}, "upLast30days": {}, "downLast30days": {}, "downLast90days": {}}}, {"maxAge": 1, "period": "-5y", "endDate": null, "growth": {}, "earningsEstimate": {"avg": {}, "low": {}, "high": {}, "yearAgoEps": {}, "numberOfAnalysts": {}, "growth": {}}, "revenueEstimate": {"avg": {}, "low": {}, "high": {}, "numberOfAnalysts": {}, "yearAgoRevenue": {}, "growth": {}}, "epsTrend": {"current": {}, "7daysAgo": {}, "30daysAgo": {}, "60daysAgo": {}, "90daysAgo": {}}, "epsRevisions": {"upLast7days": {}, "upLast30days": {}, "downLast30days": {}, "downLast90days": {}}}], "maxAge": 1}, "financialData": {"maxAge": 86400, "currentPrice": 58.0, "targetHighPrice": 132.0, "targetLowPrice": 132.0, "targetMeanPrice": 132.0, "targetMedianPrice": 132.0, "recommendationKey": "none", "numberOfAnalystOpinions": 1, "grossProfits": 27766700000, "financialCurrency": "INR"}}}