{"NGIND.BO": {"recommendationTrend": {"trend": [{"period": "0m", "strongBuy": 0, "buy": 0, "hold": 0, "sell": 0, "strongSell": 0}, {"period": "-1m", "strongBuy": 0, "buy": 0, "hold": 0, "sell": 0, "strongSell": 0}, {"period": "-2m", "strongBuy": 0, "buy": 0, "hold": 0, "sell": 0, "strongSell": 0}, {"period": "-3m", "strongBuy": 0, "buy": 0, "hold": 0, "sell": 0, "strongSell": 0}], "maxAge": 86400}, "cashflowStatementHistory": {"cashflowStatements": [{"maxAge": 1, "endDate": "2020-03-31", "netIncome": 14663060, "depreciation": 5278117, "changeToNetincome": 734318, "changeToAccountReceivables": 486164, "changeToLiabilities": 0, "changeToInventory": 1454656, "changeToOperatingActivities": 5587108, "totalCashFromOperatingActivities": 28479167, "capitalExpenditures": -6599819, "investments": -29498902, "otherCashflowsFromInvestingActivities": 2034382, "totalCashflowsFromInvestingActivities": -34064339, "dividendsPaid": -14166466, "netBorrowings": 17703443, "otherCashflowsFromFinancingActivities": -877411, "totalCashFromFinancingActivities": 2659566, "changeInCash": -2925606}, {"maxAge": 1, "endDate": "2019-03-31", "netIncome": 11248691, "depreciation": 5656062, "changeToNetincome": 3518712, "changeToAccountReceivables": -596928, "changeToLiabilities": 0, "changeToInventory": 608179, "changeToOperatingActivities": 17724295, "totalCashFromOperatingActivities": 38219406, "capitalExpenditures": -7792645, "investments": -4489267, "otherCashflowsFromInvestingActivities": 1410535, "totalCashflowsFromInvestingActivities": -10861377, "dividendsPaid": -14130427, "netBorrowings": -2312081, "otherCashflowsFromFinancingActivities": -1013493, "totalCashFromFinancingActivities": -17456001, "changeInCash": 9902028}, {"maxAge": 1, "endDate": "2018-03-31", "netIncome": 14074345, "depreciation": 5973880, "changeToNetincome": 3585919, "changeToAccountReceivables": -407692, "changeToLiabilities": 0, "changeToInventory": 839071, "changeToOperatingActivities": 229394, "totalCashFromOperatingActivities": 24294917, "capitalExpenditures": -6596332, "investments": -9738740, "otherCashflowsFromInvestingActivities": 1330862, "totalCashflowsFromInvestingActivities": -14979210, "dividendsPaid": -14093096, "netBorrowings": -4236234, "otherCashflowsFromFinancingActivities": -68111, "totalCashFromFinancingActivities": -18397441, "changeInCash": -9081734}, {"maxAge": 1, "endDate": "2017-03-31", "netIncome": 14192941, "depreciation": 5722337, "changeToNetincome": 939743, "changeToAccountReceivables": -1268035, "changeToLiabilities": 0, "changeToInventory": -780692, "changeToOperatingActivities": -305180, "totalCashFromOperatingActivities": 18501114, "capitalExpenditures": -6034641, "investments": -4680569, "otherCashflowsFromInvestingActivities": 1820453, "totalCashflowsFromInvestingActivities": -8894757, "dividendsPaid": -14138026, "netBorrowings": 7344618, "otherCashflowsFromFinancingActivities": -68111, "totalCashFromFinancingActivities": -6793408, "changeInCash": 2812949}], "maxAge": 86400}, "institutionOwnership": {"maxAge": 1, "ownershipList": []}, "balanceSheetHistoryQuarterly": {"balanceSheetStatements": [{"maxAge": 1, "endDate": "2020-06-30", "totalStockholderEquity": 93377000, "netTangibleAssets": 93377000}, {"maxAge": 1, "endDate": "2020-03-31", "cash": 10575239, "netReceivables": 4815312, "inventory": 5475364, "otherCurrentAssets": 1904542, "totalCurrentAssets": 22770457, "longTermInvestments": 38369770, "propertyPlantEquipment": 52353807, "intangibleAssets": 283852, "otherAssets": 25379979, "deferredLongTermAssetCharges": 23262032, "totalAssets": 139157865, "otherCurrentLiab": 1049334, "totalCurrentLiabilities": 45781470, "totalLiab": 45781470, "commonStock": 33505000, "retainedEarnings": 59871395, "totalStockholderEquity": 93376395, "netTangibleAssets": 93092543}, {"maxAge": 1, "endDate": "2019-12-31", "totalStockholderEquity": 98995000, "netTangibleAssets": 98995000}, {"maxAge": 1, "endDate": "2019-09-30", "cash": 2606000, "netReceivables": 7807000, "inventory": 7019000, "otherCurrentAssets": 2548000, "totalCurrentAssets": 19980000, "longTermInvestments": 43878000, "propertyPlantEquipment": 51675000, "otherAssets": 20590000, "deferredLongTermAssetCharges": 19023000, "totalAssets": 136123000, "accountsPayable": 29120000, "otherCurrentLiab": 5663000, "totalCurrentLiabilities": 37128000, "totalLiab": 37128000, "commonStock": 33505000, "retainedEarnings": 65490000, "totalStockholderEquity": 98995000, "netTangibleAssets": 98995000}], "maxAge": 86400}, "earningsHistory": {"history": [{"maxAge": 1, "epsActual": {}, "epsEstimate": {}, "epsDifference": {}, "surprisePercent": {}, "quarter": {}, "period": "-4q"}, {"maxAge": 1, "epsActual": {}, "epsEstimate": {}, "epsDifference": {}, "surprisePercent": {}, "quarter": {}, "period": "-3q"}, {"maxAge": 1, "epsActual": {}, "epsEstimate": {}, "epsDifference": {}, "surprisePercent": {}, "quarter": {}, "period": "-2q"}, {"maxAge": 1, "epsActual": {}, "epsEstimate": {}, "epsDifference": {}, "surprisePercent": {}, "quarter": {}, "period": "-1q"}], "maxAge": 86400}, "indexTrend": {"maxAge": 1, "symbol": "SP5", "peRatio": 19.7411, "pegRatio": 1.34172, "estimates": [{"period": "0q", "growth": 0.549}, {"period": "+1q", "growth": 0.431}, {"period": "0y", "growth": 0.305}, {"period": "+1y", "growth": 0.109}, {"period": "+5y", "growth": 0.120859005}, {"period": "-5y"}]}, "industryTrend": {"maxAge": 1, "symbol": null, "estimates": []}, "insiderTransactions": {"transactions": [{"maxAge": 1, "shares": 188000, "filerUrl": "", "transactionText": "", "filerName": "Goenka (Rajesh)", "filerRelation": "Director", "moneyText": "", "startDate": "2019-03-29", "ownership": "D"}], "maxAge": 1}, "quoteType": {"exchange": "BSE", "quoteType": "EQUITY", "symbol": "NGIND.BO", "underlyingSymbol": "NGIND.BO", "shortName": "N.G.INDUSTRIES LTD.", "longName": "N G Industries LTD", "firstTradeDateEpochUtc": "2002-01-08 09:15:00", "timeZoneFullName": "Asia/Kolkata", "timeZoneShortName": "IST", "uuid": "0fd7fc50-a600-3667-9876-a938ff23fc43", "messageBoardId": null, "gmtOffSetMilliseconds": 19800000, "maxAge": 1}, "incomeStatementHistory": {"incomeStatementHistory": [{"maxAge": 1, "endDate": "2020-03-31", "totalRevenue": 185016214, "costOfRevenue": 73160382, "grossProfit": 111855832, "researchDevelopment": {}, "sellingGeneralAdministrative": 1219526, "nonRecurring": {}, "otherOperatingExpenses": 83470567, "totalOperatingExpenses": 163404336, "operatingIncome": 21611878, "totalOtherIncomeExpenseNet": -1339657, "ebit": 21611878, "interestExpense": -897961, "incomeBeforeTax": 20272221, "incomeTaxExpense": 5609161, "minorityInterest": {}, "netIncomeFromContinuingOps": 14663060, "discontinuedOperations": {}, "extraordinaryItems": {}, "effectOfAccountingCharges": {}, "otherItems": {}, "netIncome": 14663060, "netIncomeApplicableToCommonShares": 14663060}, {"maxAge": 1, "endDate": "2019-03-31", "totalRevenue": 176666447, "costOfRevenue": 67521017, "grossProfit": 109145430, "researchDevelopment": {}, "sellingGeneralAdministrative": 1091817, "nonRecurring": {}, "otherOperatingExpenses": 80627401, "totalOperatingExpenses": 154956692, "operatingIncome": 21709755, "totalOtherIncomeExpenseNet": -4411131, "ebit": 21709755, "interestExpense": -1013555, "incomeBeforeTax": 17298624, "incomeTaxExpense": 6049933, "minorityInterest": {}, "netIncomeFromContinuingOps": 11248691, "discontinuedOperations": {}, "extraordinaryItems": {}, "effectOfAccountingCharges": {}, "otherItems": {}, "netIncome": 11248691, "netIncomeApplicableToCommonShares": 11248691}, {"maxAge": 1, "endDate": "2018-03-31", "totalRevenue": 173632827, "costOfRevenue": 65810620, "grossProfit": 107822207, "researchDevelopment": {}, "sellingGeneralAdministrative": 1012399, "nonRecurring": {}, "otherOperatingExpenses": 77032632, "totalOperatingExpenses": 149829531, "operatingIncome": 23803296, "totalOtherIncomeExpenseNet": -2409597, "ebit": 23803296, "interestExpense": -68611, "incomeBeforeTax": 21393699, "incomeTaxExpense": 7319354, "minorityInterest": {}, "netIncomeFromContinuingOps": 14074345, "discontinuedOperations": {}, "extraordinaryItems": {}, "effectOfAccountingCharges": {}, "otherItems": {}, "netIncome": 14074345, "netIncomeApplicableToCommonShares": 14074345}, {"maxAge": 1, "endDate": "2017-03-31", "totalRevenue": 172807094, "costOfRevenue": 68157811, "grossProfit": 104649283, "researchDevelopment": {}, "sellingGeneralAdministrative": 1206295, "nonRecurring": {}, "otherOperatingExpenses": 75218890, "totalOperatingExpenses": 150305333, "operatingIncome": 22501761, "totalOtherIncomeExpenseNet": -289930, "ebit": 22501761, "interestExpense": -110672, "incomeBeforeTax": 22211831, "incomeTaxExpense": 8018890, "minorityInterest": {}, "netIncomeFromContinuingOps": 14192941, "discontinuedOperations": {}, "extraordinaryItems": {}, "effectOfAccountingCharges": {}, "otherItems": {}, "netIncome": 14192941, "netIncomeApplicableToCommonShares": 14192941}], "maxAge": 86400}, "fundOwnership": {"maxAge": 1, "ownershipList": []}, "summaryDetail": {"maxAge": 1, "priceHint": 2, "previousClose": 45.15, "open": 49.75, "dayLow": 44.0, "dayHigh": 49.75, "regularMarketPreviousClose": 45.15, "regularMarketOpen": 49.75, "regularMarketDayLow": 44.0, "regularMarketDayHigh": 49.75, "trailingPE": 19.14163, "forwardPE": 8.213628, "volume": 2496, "regularMarketVolume": 2496, "averageVolume": 1707, "averageVolume10days": 2642, "averageDailyVolume10Day": 2642, "bid": 44.5, "ask": 47.0, "bidSize": 0, "askSize": 0, "marketCap": 149432288, "fiftyTwoWeekLow": 34.0, "fiftyTwoWeekHigh": 54.75, "fiftyDayAverage": 41.15143, "twoHundredDayAverage": 44.66168, "trailingAnnualDividendRate": 3.5, "trailingAnnualDividendYield": 0.07751938, "currency": "INR", "fromCurrency": null, "toCurrency": null, "lastMarket": null, "algorithm": null, "tradeable": false}, "sectorTrend": {"maxAge": 1, "symbol": null, "estimates": []}, "incomeStatementHistoryQuarterly": {"incomeStatementHistory": [{"maxAge": 1, "endDate": "2020-06-30", "totalRevenue": 14959000, "costOfRevenue": 7096000, "grossProfit": 7863000, "researchDevelopment": {}, "sellingGeneralAdministrative": 5838000, "nonRecurring": {}, "otherOperatingExpenses": 4177000, "totalOperatingExpenses": 18290000, "operatingIncome": -3331000, "totalOtherIncomeExpenseNet": 849000, "ebit": -3331000, "interestExpense": -106000, "incomeBeforeTax": -2482000, "incomeTaxExpense": 98000, "minorityInterest": {}, "netIncomeFromContinuingOps": -2580000, "discontinuedOperations": {}, "extraordinaryItems": {}, "effectOfAccountingCharges": {}, "otherItems": {}, "netIncome": -2580000, "netIncomeApplicableToCommonShares": -2580000}, {"maxAge": 1, "endDate": "2020-03-31", "totalRevenue": 45301214, "costOfRevenue": 23522382, "grossProfit": 21778832, "researchDevelopment": {}, "sellingGeneralAdministrative": -40682474, "nonRecurring": {}, "otherOperatingExpenses": 58084567, "totalOperatingExpenses": 42355336, "operatingIncome": 2945878, "totalOtherIncomeExpenseNet": 509343, "ebit": 2945878, "interestExpense": -187961, "incomeBeforeTax": 3455221, "incomeTaxExpense": 731161, "minorityInterest": {}, "netIncomeFromContinuingOps": 2724060, "discontinuedOperations": {}, "extraordinaryItems": {}, "effectOfAccountingCharges": {}, "otherItems": {}, "netIncome": 2724060, "netIncomeApplicableToCommonShares": 2724060}, {"maxAge": 1, "endDate": "2019-12-31", "totalRevenue": 47588000, "costOfRevenue": 16954000, "grossProfit": 30634000, "researchDevelopment": {}, "sellingGeneralAdministrative": 14262000, "nonRecurring": {}, "otherOperatingExpenses": 8163000, "totalOperatingExpenses": 40809000, "operatingIncome": 6779000, "totalOtherIncomeExpenseNet": 439000, "ebit": 6779000, "interestExpense": -20000, "incomeBeforeTax": 7218000, "incomeTaxExpense": 1869000, "minorityInterest": {}, "netIncomeFromContinuingOps": 5349000, "discontinuedOperations": {}, "extraordinaryItems": {}, "effectOfAccountingCharges": {}, "otherItems": {}, "netIncome": 5349000, "netIncomeApplicableToCommonShares": 5349000}, {"maxAge": 1, "endDate": "2019-09-30", "totalRevenue": 47891000, "costOfRevenue": 17085000, "grossProfit": 30806000, "researchDevelopment": {}, "sellingGeneralAdministrative": 14057000, "nonRecurring": {}, "otherOperatingExpenses": 9311000, "totalOperatingExpenses": 41836000, "operatingIncome": 6055000, "totalOtherIncomeExpenseNet": -2334000, "ebit": 6055000, "interestExpense": -272000, "incomeBeforeTax": 3721000, "incomeTaxExpense": 1408000, "minorityInterest": {}, "netIncomeFromContinuingOps": 2313000, "discontinuedOperations": {}, "extraordinaryItems": {}, "effectOfAccountingCharges": {}, "otherItems": {}, "netIncome": 2313000, "netIncomeApplicableToCommonShares": 2313000}], "maxAge": 86400}, "cashflowStatementHistoryQuarterly": {"cashflowStatements": [{"maxAge": 1, "endDate": "2020-06-30", "netIncome": -2580000, "changeToLiabilities": 0}, {"maxAge": 1, "endDate": "2020-03-31", "netIncome": 2724060, "changeToLiabilities": 0}, {"maxAge": 1, "endDate": "2019-12-31", "netIncome": 5349000, "changeToLiabilities": 0}, {"maxAge": 1, "endDate": "2019-09-30", "netIncome": 2313000, "changeToLiabilities": 0}], "maxAge": 86400}, "insiderHolders": {"holders": [{"maxAge": 1, "name": "Goenka (Rajesh)", "relation": "Director", "url": "", "transactionDescription": "Other", "latestTransDate": "2019-03-29", "positionDirect": 517500, "positionDirectDate": "2019-03-29"}], "maxAge": 1}, "earnings": {"maxAge": 86400, "earningsChart": {"quarterly": [], "earningsDate": ["2020-08-14 05:30:S"]}, "financialsChart": {"yearly": [{"date": 2017, "revenue": 172807094, "earnings": 14192941}, {"date": 2018, "revenue": 173632827, "earnings": 14074345}, {"date": 2019, "revenue": 176666447, "earnings": 11248691}, {"date": 2020, "revenue": 185016214, "earnings": 14663060}], "quarterly": [{"date": "3Q2019", "revenue": 47891000, "earnings": 2313000}, {"date": "4Q2019", "revenue": 47588000, "earnings": 5349000}, {"date": "1Q2020", "revenue": 45301214, "earnings": 2724060}, {"date": "2Q2020", "revenue": 14959000, "earnings": -2580000}]}, "financialCurrency": "INR"}, "calendarEvents": {"maxAge": 1, "earnings": {"earningsDate": ["2020-08-14 05:30:S"]}}, "price": {"maxAge": 1, "regularMarketChangePercent": -0.012181685, "regularMarketChange": -0.55000305, "regularMarketTime": "2021-04-30 15:27:57", "priceHint": 2, "regularMarketPrice": 44.6, "regularMarketDayHigh": 49.75, "regularMarketDayLow": 44.0, "regularMarketVolume": 2496, "averageDailyVolume10Day": 2642, "averageDailyVolume3Month": 1707, "regularMarketPreviousClose": 45.15, "regularMarketSource": "FREE_REALTIME", "regularMarketOpen": 49.75, "exchange": "BSE", "exchangeName": "BSE", "exchangeDataDelayedBy": 0, "marketState": "CLOSED", "quoteType": "EQUITY", "symbol": "NGIND.BO", "underlyingSymbol": null, "shortName": "N.G.INDUSTRIES LTD.", "longName": "N G Industries LTD", "currency": "INR", "quoteSourceName": "Delayed Quote", "currencySymbol": "\u20b9", "fromCurrency": null, "toCurrency": null, "lastMarket": null, "marketCap": 149432288}, "balanceSheetHistory": {"balanceSheetStatements": [{"maxAge": 1, "endDate": "2020-03-31", "cash": 10575239, "netReceivables": 4815312, "inventory": 5475364, "otherCurrentAssets": 1904542, "totalCurrentAssets": 22770457, "longTermInvestments": 38369770, "propertyPlantEquipment": 52353807, "intangibleAssets": 283852, "otherAssets": 25379979, "deferredLongTermAssetCharges": 23262032, "totalAssets": 139157865, "otherCurrentLiab": 1049334, "totalCurrentLiabilities": 45781470, "totalLiab": 45781470, "commonStock": 33505000, "retainedEarnings": 59871395, "totalStockholderEquity": 93376395, "netTangibleAssets": 93092543}, {"maxAge": 1, "endDate": "2019-03-31", "cash": 13471596, "netReceivables": 5309396, "inventory": 6930020, "otherCurrentAssets": 1754769, "totalCurrentAssets": 28081923, "longTermInvestments": 33701900, "propertyPlantEquipment": 51032105, "intangibleAssets": 559596, "otherAssets": 19791621, "deferredLongTermAssetCharges": 18258554, "totalAssets": 133167145, "otherCurrentLiab": 1118348, "totalCurrentLiabilities": 23435993, "totalLiab": 23435993, "commonStock": 33505000, "retainedEarnings": 76226152, "totalStockholderEquity": 109731152, "netTangibleAssets": 109171556}, {"maxAge": 1, "endDate": "2018-03-31", "cash": 3576358, "netReceivables": 4708453, "inventory": 7538199, "otherCurrentAssets": 1417458, "totalCurrentAssets": 17490234, "longTermInvestments": 42431510, "propertyPlantEquipment": 49557069, "otherAssets": 26484489, "deferredLongTermAssetCharges": 16330961, "totalAssets": 135963302, "otherCurrentLiab": 1173131, "totalCurrentLiabilities": 17476011, "totalLiab": 17476011, "commonStock": 33505000, "retainedEarnings": 84982291, "totalStockholderEquity": 118487291, "netTangibleAssets": 118487291}, {"maxAge": 1, "endDate": "2017-03-31", "cash": 12679036, "netReceivables": 4251837, "inventory": 8377270, "otherCurrentAssets": 1453363, "totalCurrentAssets": 26957826, "longTermInvestments": 43015150, "propertyPlantEquipment": 49008416, "otherAssets": 24851615, "deferredLongTermAssetCharges": 15271520, "totalAssets": 143833007, "otherCurrentLiab": 515356, "totalCurrentLiabilities": 20674730, "totalLiab": 20674730, "commonStock": 33505000, "retainedEarnings": 89653277, "totalStockholderEquity": 123158277, "netTangibleAssets": 123158277}], "maxAge": 86400}, "earningsTrend": {"trend": [{"maxAge": 1, "period": "0q", "endDate": null, "growth": {}, "earningsEstimate": {"avg": 0.0, "low": 0.0, "high": 0.0, "yearAgoEps": {}, "numberOfAnalysts": 0, "growth": {}}, "revenueEstimate": {"avg": 0, "low": 0, "high": 0, "numberOfAnalysts": 0, "yearAgoRevenue": {}, "growth": {}}, "epsTrend": {"current": 0.0, "7daysAgo": 0.0, "30daysAgo": 0.0, "60daysAgo": 0.0, "90daysAgo": 0.0}, "epsRevisions": {"upLast7days": 0, "upLast30days": 0, "downLast30days": 0, "downLast90days": {}}}, {"maxAge": 1, "period": "+1q", "endDate": null, "growth": {}, "earningsEstimate": {"avg": 0.0, "low": 0.0, "high": 0.0, "yearAgoEps": {}, "numberOfAnalysts": 0, "growth": {}}, "revenueEstimate": {"avg": 0, "low": 0, "high": 0, "numberOfAnalysts": 0, "yearAgoRevenue": {}, "growth": {}}, "epsTrend": {"current": 0.0, "7daysAgo": 0.0, "30daysAgo": 0.0, "60daysAgo": 0.0, "90daysAgo": 0.0}, "epsRevisions": {"upLast7days": 0, "upLast30days": 0, "downLast30days": 0, "downLast90days": {}}}, {"maxAge": 1, "period": "0y", "endDate": null, "growth": {}, "earningsEstimate": {"avg": 0.0, "low": 0.0, "high": 0.0, "yearAgoEps": {}, "numberOfAnalysts": 0, "growth": {}}, "revenueEstimate": {"avg": 0, "low": 0, "high": 0, "numberOfAnalysts": 0, "yearAgoRevenue": {}, "growth": {}}, "epsTrend": {"current": 0.0, "7daysAgo": 0.0, "30daysAgo": 0.0, "60daysAgo": 0.0, "90daysAgo": 0.0}, "epsRevisions": {"upLast7days": 0, "upLast30days": 0, "downLast30days": 0, "downLast90days": {}}}, {"maxAge": 1, "period": "+1y", "endDate": null, "growth": {}, "earningsEstimate": {"avg": 0.0, "low": 0.0, "high": 0.0, "yearAgoEps": {}, "numberOfAnalysts": 0, "growth": {}}, "revenueEstimate": {"avg": 0, "low": 0, "high": 0, "numberOfAnalysts": 0, "yearAgoRevenue": {}, "growth": {}}, "epsTrend": {"current": 0.0, "7daysAgo": 0.0, "30daysAgo": 0.0, "60daysAgo": 0.0, "90daysAgo": 0.0}, "epsRevisions": {"upLast7days": 0, "upLast30days": 0, "downLast30days": 0, "downLast90days": {}}}, {"maxAge": 1, "period": "+5y", "endDate": null, "growth": {}, "earningsEstimate": {"avg": {}, "low": {}, "high": {}, "yearAgoEps": {}, "numberOfAnalysts": {}, "growth": {}}, "revenueEstimate": {"avg": {}, "low": {}, "high": {}, "numberOfAnalysts": {}, "yearAgoRevenue": {}, "growth": {}}, "epsTrend": {"current": {}, "7daysAgo": {}, "30daysAgo": {}, "60daysAgo": {}, "90daysAgo": {}}, "epsRevisions": {"upLast7days": {}, "upLast30days": {}, "downLast30days": {}, "downLast90days": {}}}, {"maxAge": 1, "period": "-5y", "endDate": null, "growth": {}, "earningsEstimate": {"avg": {}, "low": {}, "high": {}, "yearAgoEps": {}, "numberOfAnalysts": {}, "growth": {}}, "revenueEstimate": {"avg": {}, "low": {}, "high": {}, "numberOfAnalysts": {}, "yearAgoRevenue": {}, "growth": {}}, "epsTrend": {"current": {}, "7daysAgo": {}, "30daysAgo": {}, "60daysAgo": {}, "90daysAgo": {}}, "epsRevisions": {"upLast7days": {}, "upLast30days": {}, "downLast30days": {}, "downLast90days": {}}}], "maxAge": 1}, "financialData": {"maxAge": 86400, "currentPrice": 44.6, "targetHighPrice": 95.0, "targetLowPrice": 95.0, "targetMeanPrice": 95.0, "targetMedianPrice": 95.0, "recommendationKey": "none", "numberOfAnalystOpinions": 1, "grossProfits": 111855832, "financialCurrency": "INR"}}}