{"NGLFINE.BO": {"recommendationTrend": {"trend": [{"period": "0m", "strongBuy": 0, "buy": 0, "hold": 0, "sell": 0, "strongSell": 0}, {"period": "-1m", "strongBuy": 0, "buy": 0, "hold": 0, "sell": 0, "strongSell": 0}, {"period": "-2m", "strongBuy": 0, "buy": 0, "hold": 0, "sell": 0, "strongSell": 0}, {"period": "-3m", "strongBuy": 0, "buy": 0, "hold": 0, "sell": 0, "strongSell": 0}], "maxAge": 86400}, "cashflowStatementHistory": {"cashflowStatements": [{"maxAge": 1, "endDate": "2020-03-31", "netIncome": 83352824, "depreciation": 80138814, "changeToNetincome": 40503779, "changeToAccountReceivables": 69312536, "changeToLiabilities": 47150892, "changeToInventory": -92867499, "changeToOperatingActivities": -23928188, "totalCashFromOperatingActivities": 204644445, "capitalExpenditures": -149155332, "otherCashflowsFromInvestingActivities": -46355913, "totalCashflowsFromInvestingActivities": -195511245, "dividendsPaid": -13033887, "totalCashFromFinancingActivities": -13033887, "changeInCash": -3900686}, {"maxAge": 1, "endDate": "2019-03-31", "netIncome": 201268217, "depreciation": 62147336, "changeToNetincome": 15671263, "changeToAccountReceivables": -54566589, "changeToLiabilities": -74193999, "changeToInventory": -17995870, "changeToOperatingActivities": -44716167, "totalCashFromOperatingActivities": 88468838, "capitalExpenditures": -144980454, "investments": 4956752, "otherCashflowsFromInvestingActivities": 44580972, "totalCashflowsFromInvestingActivities": -95442730, "dividendsPaid": -13033887, "totalCashFromFinancingActivities": -13033887, "changeInCash": -6973892}, {"maxAge": 1, "endDate": "2018-03-31", "netIncome": 125929714, "depreciation": 44718550, "changeToNetincome": 9242135, "changeToAccountReceivables": 24617803, "changeToLiabilities": 90794381, "changeToInventory": -49986705, "changeToOperatingActivities": -22555645, "totalCashFromOperatingActivities": 223648210, "capitalExpenditures": -238600407, "investments": 4690524, "otherCashflowsFromInvestingActivities": 18763699, "totalCashflowsFromInvestingActivities": -210869922, "dividendsPaid": -13033887, "totalCashFromFinancingActivities": -13033887, "changeInCash": 12778288}, {"maxAge": 1, "endDate": "2017-03-31", "netIncome": 148856108, "depreciation": 29538400, "changeToNetincome": -3322282, "changeToAccountReceivables": -5086396, "changeToLiabilities": 8014455, "changeToInventory": -17902551, "changeToOperatingActivities": -61929333, "totalCashFromOperatingActivities": 99424918, "capitalExpenditures": -200792656, "investments": 7888217, "otherCashflowsFromInvestingActivities": 71070332, "totalCashflowsFromInvestingActivities": -101495022, "dividendsPaid": -13033887, "totalCashFromFinancingActivities": -13033887, "changeInCash": -2070104}], "maxAge": 86400}, "institutionOwnership": {"ownershipList": [], "maxAge": 1}, "balanceSheetHistoryQuarterly": {"balanceSheetStatements": [{"maxAge": 1, "endDate": "2020-06-30", "totalStockholderEquity": 989607925, "netTangibleAssets": 985690717}, {"maxAge": 1, "endDate": "2020-03-31", "cash": 3988582, "shortTermInvestments": 141496470, "netReceivables": 263640645, "inventory": 278968693, "otherCurrentAssets": 110527373, "totalCurrentAssets": 808617016, "propertyPlantEquipment": 673521038, "goodWill": 1527265, "intangibleAssets": 2389943, "otherAssets": 50153654, "totalAssets": 1536208916, "accountsPayable": 208303729, "shortLongTermDebt": 53057461, "otherCurrentLiab": 18990911, "longTermDebt": 83247725, "otherLiab": 32963775, "deferredLongTermLiab": 26607, "totalCurrentLiabilities": 430389491, "totalLiab": 546600991, "commonStock": 30890120, "retainedEarnings": 942543824, "treasuryStock": 15000000, "capitalSurplus": 1173981, "otherStockholderEquity": 15000000, "totalStockholderEquity": 989607925, "netTangibleAssets": 985690717}, {"maxAge": 1, "endDate": "2019-12-31", "totalStockholderEquity": 963922000, "netTangibleAssets": 963137000}, {"maxAge": 1, "endDate": "2019-09-30", "cash": 72451000, "shortTermInvestments": 105523000, "netReceivables": 262368000, "inventory": 254497000, "otherCurrentAssets": 60843000, "totalCurrentAssets": 755682000, "propertyPlantEquipment": 664099000, "intangibleAssets": 785000, "otherAssets": 142845000, "totalAssets": 1563411000, "accountsPayable": 215159000, "otherCurrentLiab": 98862000, "longTermDebt": 110754000, "otherLiab": 40245000, "totalCurrentLiabilities": 448490000, "totalLiab": 599489000, "commonStock": 30890000, "treasuryStock": 933032000, "otherStockholderEquity": 933032000, "totalStockholderEquity": 963922000, "netTangibleAssets": 963137000}], "maxAge": 86400}, "earningsHistory": {"history": [{"maxAge": 1, "epsActual": {}, "epsEstimate": {}, "epsDifference": {}, "surprisePercent": {}, "quarter": {}, "period": "-4q"}, {"maxAge": 1, "epsActual": {}, "epsEstimate": {}, "epsDifference": {}, "surprisePercent": {}, "quarter": {}, "period": "-3q"}, {"maxAge": 1, "epsActual": {}, "epsEstimate": {}, "epsDifference": {}, "surprisePercent": {}, "quarter": {}, "period": "-2q"}, {"maxAge": 1, "epsActual": 4.97, "epsEstimate": 7.25, "epsDifference": -2.28, "surprisePercent": -0.314, "quarter": "2018-03-31", "period": "-1q"}], "maxAge": 86400}, "indexTrend": {"maxAge": 1, "symbol": "SP5", "peRatio": 19.7411, "pegRatio": 1.34172, "estimates": [{"period": "0q", "growth": 0.549}, {"period": "+1q", "growth": 0.431}, {"period": "0y", "growth": 0.305}, {"period": "+1y", "growth": 0.109}, {"period": "+5y", "growth": 0.120859005}, {"period": "-5y"}]}, "industryTrend": {"maxAge": 1, "symbol": null, "estimates": []}, "insiderTransactions": {"transactions": [{"maxAge": 1, "shares": 208555, "filerUrl": "", "transactionText": "Gift at price 0.00 per share.", "filerName": "Lawande (Rajesh Narayan)", "filerRelation": "Wholetime Director", "moneyText": "", "startDate": "2020-08-19", "ownership": "D"}, {"maxAge": 1, "shares": 208555, "filerUrl": "", "transactionText": "Gift at price 0.00 per share.", "filerName": "Lawande (Pushpa N.)", "filerRelation": "Partner", "moneyText": "", "startDate": "2020-08-19", "ownership": "D"}, {"maxAge": 1, "shares": 30, "filerUrl": "", "transactionText": "", "filerName": "Sitaram (Jayaram)", "filerRelation": "Director (Independent)", "moneyText": "", "startDate": "2020-03-31", "ownership": "D"}, {"maxAge": 1, "shares": 1835, "filerUrl": "", "transactionText": "", "filerName": "Sitaram (Jayaram)", "filerRelation": "Director (Independent)", "moneyText": "", "startDate": "2020-03-30", "ownership": "D"}, {"maxAge": 1, "shares": 3450, "filerUrl": "", "transactionText": "", "filerName": "Sitaram (Jayaram)", "filerRelation": "Director (Independent)", "moneyText": "", "startDate": "2020-03-23", "ownership": "D"}, {"maxAge": 1, "shares": 1935, "filerUrl": "", "transactionText": "", "filerName": "Sitaram (Jayaram)", "filerRelation": "Director (Independent)", "moneyText": "", "startDate": "2020-03-12", "ownership": "D"}, {"maxAge": 1, "shares": 164, "filerUrl": "", "transactionText": "", "filerName": "Sitaram (Jayaram)", "filerRelation": "Director (Independent)", "moneyText": "", "startDate": "2020-03-11", "ownership": "D"}, {"maxAge": 1, "shares": 746, "filerUrl": "", "transactionText": "", "filerName": "Sitaram (Jayaram)", "filerRelation": "Director (Independent)", "moneyText": "", "startDate": "2020-03-09", "ownership": "D"}, {"maxAge": 1, "shares": 1000, "filerUrl": "", "transactionText": "", "filerName": "Lawande (Pushpa N.)", "filerRelation": "Promoter", "moneyText": "", "startDate": "2020-03-05", "ownership": "D"}, {"maxAge": 1, "shares": 9105, "filerUrl": "", "transactionText": "", "filerName": "Sitaram (Jayaram)", "filerRelation": "Director (Non-Executive)", "moneyText": "", "startDate": "2020-02-25", "ownership": "D"}, {"maxAge": 1, "shares": 2958, "filerUrl": "", "transactionText": "", "filerName": "Sitaram (Jayaram)", "filerRelation": "Director (Non-Executive)", "moneyText": "", "startDate": "2020-02-24", "ownership": "D"}, {"maxAge": 1, "shares": 2000, "filerUrl": "", "transactionText": "", "filerName": "Sitaram (Jayaram)", "filerRelation": "Director (Independent)", "moneyText": "", "startDate": "2020-02-18", "ownership": "D"}, {"maxAge": 1, "shares": 1311, "filerUrl": "", "transactionText": "", "filerName": "Sitaram (Jayaram)", "filerRelation": "Director (Non-Executive)", "moneyText": "", "startDate": "2020-02-17", "ownership": "D"}, {"maxAge": 1, "shares": 82, "filerUrl": "", "transactionText": "", "filerName": "Sitaram (Jayaram)", "filerRelation": "Director (Non-Executive)", "moneyText": "", "startDate": "2020-02-14", "ownership": "D"}, {"maxAge": 1, "shares": 2800, "filerUrl": "", "transactionText": "", "filerName": "Radix Multiventures Llp", "filerRelation": "Institution- Corporation", "moneyText": "", "startDate": "2020-02-13", "ownership": "D"}, {"maxAge": 1, "shares": 3015, "filerUrl": "", "transactionText": "", "filerName": "Radix Multiventures Llp", "filerRelation": "Institution- Corporation", "moneyText": "", "startDate": "2020-02-12", "ownership": "D"}, {"maxAge": 1, "shares": 11814, "filerUrl": "", "transactionText": "", "filerName": "Potdar (Vasant)", "filerRelation": "Promoter", "moneyText": "", "startDate": "2017-03-31", "ownership": "D"}, {"maxAge": 1, "shares": 5151, "filerUrl": "", "transactionText": "", "filerName": "Potdar (Vasant)", "filerRelation": "Promoter", "moneyText": "", "startDate": "2017-03-30", "ownership": "D"}, {"maxAge": 1, "shares": 2978, "filerUrl": "", "transactionText": "", "filerName": "Potdar (Vasant)", "filerRelation": "Promoter", "moneyText": "", "startDate": "2017-03-03", "ownership": "D"}, {"maxAge": 1, "shares": 20057, "filerUrl": "", "transactionText": "", "filerName": "Potdar (Vasant)", "filerRelation": "Promoter", "moneyText": "", "startDate": "2017-02-24", "ownership": "D"}, {"maxAge": 1, "shares": 79077, "filerUrl": "", "transactionText": "", "filerName": "Lawande (Rajesh Narayan)", "filerRelation": "Director (Executive)", "moneyText": "", "startDate": "2015-11-06", "ownership": "D"}, {"maxAge": 1, "shares": 1000, "filerUrl": "", "transactionText": "", "filerName": "Lawande (Pushpa N.)", "filerRelation": "Promoter", "moneyText": "", "startDate": "2015-07-10", "ownership": "D"}, {"maxAge": 1, "shares": 63486, "filerUrl": "", "transactionText": "", "filerName": "Lawande (Jyoti Arun)", "filerRelation": "Promoter", "moneyText": "", "startDate": "2015-07-10", "ownership": "D"}, {"maxAge": 1, "shares": 79000, "filerUrl": "", "transactionText": "", "filerName": "Kamat (Amita Prasanna)", "filerRelation": "Promoter", "moneyText": "", "startDate": "2015-06-27", "ownership": "D"}, {"maxAge": 1, "shares": 201021, "filerUrl": "", "transactionText": "", "filerName": "Lawande (Pushpa N.)", "filerRelation": "Promoter", "moneyText": "", "startDate": "2015-06-27", "ownership": "D"}, {"maxAge": 1, "shares": 9534, "filerUrl": "", "transactionText": "", "filerName": "Lawande (Pushpa N.)", "filerRelation": "Additonal Director", "moneyText": "", "startDate": "2014-06-01", "ownership": "D"}, {"maxAge": 1, "shares": 400, "filerUrl": "", "transactionText": "", "filerName": "Lawande (Jyoti Arun)", "filerRelation": "Promoter", "moneyText": "", "startDate": "2013-05-09", "ownership": "D"}, {"maxAge": 1, "shares": 300, "filerUrl": "", "transactionText": "", "filerName": "Lawande (Jyoti Arun)", "filerRelation": "Promoter", "moneyText": "", "startDate": "2013-02-20", "ownership": "D"}, {"maxAge": 1, "shares": 100, "filerUrl": "", "transactionText": "", "filerName": "Lawande (Jyoti Arun)", "filerRelation": "Promoter", "moneyText": "", "startDate": "2013-02-16", "ownership": "D"}], "maxAge": 1}, "quoteType": {"exchange": "BSE", "quoteType": "EQUITY", "symbol": "NGLFINE.BO", "underlyingSymbol": "NGLFINE.BO", "shortName": "NGL FINE-CHEM LTD.", "longName": "NGL Fine-Chem Limited", "firstTradeDateEpochUtc": "2002-09-03 09:15:00", "timeZoneFullName": "Asia/Kolkata", "timeZoneShortName": "IST", "uuid": "ed08249f-91bd-3b8e-aedf-3c3efc21c5be", "gmtOffSetMilliseconds": 19800000, "maxAge": 1}, "incomeStatementHistory": {"incomeStatementHistory": [{"maxAge": 1, "endDate": "2020-03-31", "totalRevenue": 1516863938, "costOfRevenue": 731966518, "grossProfit": 784897420, "researchDevelopment": {}, "sellingGeneralAdministrative": 261090298, "nonRecurring": {}, "otherOperatingExpenses": 307484912, "totalOperatingExpenses": 1381661829, "operatingIncome": 135202109, "totalOtherIncomeExpenseNet": -14479332, "ebit": 135202109, "interestExpense": -22552052, "incomeBeforeTax": 120722777, "incomeTaxExpense": 37369953, "minorityInterest": {}, "netIncomeFromContinuingOps": 83352824, "discontinuedOperations": {}, "extraordinaryItems": {}, "effectOfAccountingCharges": {}, "otherItems": {}, "netIncome": 83352824, "netIncomeApplicableToCommonShares": 83352824}, {"maxAge": 1, "endDate": "2019-03-31", "totalRevenue": 1531743169, "costOfRevenue": 686715221, "grossProfit": 845027948, "researchDevelopment": {}, "sellingGeneralAdministrative": 227372892, "nonRecurring": {}, "otherOperatingExpenses": 262264022, "totalOperatingExpenses": 1239354118, "operatingIncome": 292389051, "totalOtherIncomeExpenseNet": -16723674, "ebit": 292389051, "interestExpense": -22870791, "incomeBeforeTax": 275665377, "incomeTaxExpense": 74397160, "minorityInterest": {}, "netIncomeFromContinuingOps": 201268217, "discontinuedOperations": {}, "extraordinaryItems": {}, "effectOfAccountingCharges": {}, "otherItems": {}, "netIncome": 201268217, "netIncomeApplicableToCommonShares": 201268217}, {"maxAge": 1, "endDate": "2018-03-31", "totalRevenue": 1136587909, "costOfRevenue": 506609623, "grossProfit": 629978286, "researchDevelopment": {}, "sellingGeneralAdministrative": 203336626, "nonRecurring": {}, "otherOperatingExpenses": 213172044, "totalOperatingExpenses": 968724820, "operatingIncome": 167863089, "totalOtherIncomeExpenseNet": 10164585, "ebit": 167863089, "interestExpense": -15549936, "incomeBeforeTax": 178027674, "incomeTaxExpense": 52097960, "minorityInterest": {}, "netIncomeFromContinuingOps": 125929714, "discontinuedOperations": {}, "extraordinaryItems": {}, "effectOfAccountingCharges": {}, "otherItems": {}, "netIncome": 125929714, "netIncomeApplicableToCommonShares": 125929714}, {"maxAge": 1, "endDate": "2017-03-31", "totalRevenue": 997235917, "costOfRevenue": 424255908, "grossProfit": 572980009, "researchDevelopment": {}, "sellingGeneralAdministrative": 155954545, "nonRecurring": {}, "otherOperatingExpenses": 165107881, "totalOperatingExpenses": 776113251, "operatingIncome": 221122666, "totalOtherIncomeExpenseNet": 7016853, "ebit": 221122666, "interestExpense": -7197826, "incomeBeforeTax": 228139519, "incomeTaxExpense": 79283411, "minorityInterest": {}, "netIncomeFromContinuingOps": 148856108, "discontinuedOperations": {}, "extraordinaryItems": {}, "effectOfAccountingCharges": {}, "otherItems": {}, "netIncome": 148856108, "netIncomeApplicableToCommonShares": 148856108}], "maxAge": 86400}, "fundOwnership": {"ownershipList": [], "maxAge": 1}, "summaryDetail": {"maxAge": 1, "priceHint": 2, "previousClose": 1583.7, "open": 1575.1, "dayLow": 1525.05, "dayHigh": 1610.0, "regularMarketPreviousClose": 1583.7, "regularMarketOpen": 1575.1, "regularMarketDayLow": 1525.05, "regularMarketDayHigh": 1610.0, "trailingPE": 77.46757, "forwardPE": 56.676292, "volume": 5455, "regularMarketVolume": 5455, "averageVolume": 5161, "averageVolume10days": 5409, "averageDailyVolume10Day": 5409, "bid": 1575.0, "ask": 1588.0, "bidSize": 0, "askSize": 0, "marketCap": 9702580224, "fiftyTwoWeekLow": 220.0, "fiftyTwoWeekHigh": 1610.0, "fiftyDayAverage": 1177.0985, "twoHundredDayAverage": 883.93713, "trailingAnnualDividendRate": 1.75, "trailingAnnualDividendYield": 0.0011050072, "currency": "INR", "fromCurrency": null, "lastMarket": null, "algorithm": null, "tradeable": false}, "sectorTrend": {"maxAge": 1, "symbol": null, "estimates": []}, "incomeStatementHistoryQuarterly": {"incomeStatementHistory": [{"maxAge": 1, "endDate": "2020-06-30", "totalRevenue": 423683000, "costOfRevenue": 169018000, "grossProfit": 254665000, "researchDevelopment": {}, "sellingGeneralAdministrative": 53989000, "nonRecurring": {}, "otherOperatingExpenses": 66210000, "totalOperatingExpenses": 310179000, "operatingIncome": 113504000, "totalOtherIncomeExpenseNet": 15808000, "ebit": 113504000, "interestExpense": -6022000, "incomeBeforeTax": 129312000, "incomeTaxExpense": 35440000, "minorityInterest": {}, "netIncomeFromContinuingOps": 93872000, "discontinuedOperations": {}, "extraordinaryItems": {}, "effectOfAccountingCharges": {}, "otherItems": {}, "netIncome": 93872000, "netIncomeApplicableToCommonShares": 93872000}, {"maxAge": 1, "endDate": "2020-03-31", "totalRevenue": 363543938, "costOfRevenue": 224325518, "grossProfit": 139218420, "researchDevelopment": {}, "sellingGeneralAdministrative": 80455298, "nonRecurring": {}, "otherOperatingExpenses": 917912, "totalOperatingExpenses": 327738829, "operatingIncome": 35805109, "totalOtherIncomeExpenseNet": -32437332, "ebit": 35805109, "interestExpense": -6065052, "incomeBeforeTax": 3367777, "incomeTaxExpense": 5048953, "minorityInterest": {}, "netIncomeFromContinuingOps": -1681176, "discontinuedOperations": {}, "extraordinaryItems": {}, "effectOfAccountingCharges": {}, "otherItems": {}, "netIncome": -1681176, "netIncomeApplicableToCommonShares": -1681176}, {"maxAge": 1, "endDate": "2019-12-31", "totalRevenue": 374224000, "costOfRevenue": 178840000, "grossProfit": 195384000, "researchDevelopment": {}, "sellingGeneralAdministrative": 60088000, "nonRecurring": {}, "otherOperatingExpenses": 102984000, "totalOperatingExpenses": 362567000, "operatingIncome": 11657000, "totalOtherIncomeExpenseNet": 5496000, "ebit": 11657000, "interestExpense": -6371000, "incomeBeforeTax": 17153000, "incomeTaxExpense": 5880000, "minorityInterest": {}, "netIncomeFromContinuingOps": 11273000, "discontinuedOperations": {}, "extraordinaryItems": {}, "effectOfAccountingCharges": {}, "otherItems": {}, "netIncome": 11273000, "netIncomeApplicableToCommonShares": 11273000}, {"maxAge": 1, "endDate": "2019-09-30", "totalRevenue": 372105000, "costOfRevenue": 165733000, "grossProfit": 206372000, "researchDevelopment": {}, "sellingGeneralAdministrative": 61866000, "nonRecurring": {}, "otherOperatingExpenses": 101490000, "totalOperatingExpenses": 348817000, "operatingIncome": 23288000, "totalOtherIncomeExpenseNet": 4061000, "ebit": 23288000, "interestExpense": -6552000, "incomeBeforeTax": 27349000, "incomeTaxExpense": 3887000, "minorityInterest": {}, "netIncomeFromContinuingOps": 23462000, "discontinuedOperations": {}, "extraordinaryItems": {}, "effectOfAccountingCharges": {}, "otherItems": {}, "netIncome": 23462000, "netIncomeApplicableToCommonShares": 23462000}], "maxAge": 86400}, "cashflowStatementHistoryQuarterly": {"cashflowStatements": [{"maxAge": 1, "endDate": "2020-06-30", "netIncome": 93872000, "changeToLiabilities": 0}, {"maxAge": 1, "endDate": "2020-03-31", "netIncome": -1681176, "changeToLiabilities": 0}, {"maxAge": 1, "endDate": "2019-12-31", "netIncome": 11273000, "changeToLiabilities": 0}, {"maxAge": 1, "endDate": "2019-09-30", "netIncome": 23462000, "changeToLiabilities": 0}], "maxAge": 86400}, "insiderHolders": {"holders": [{"maxAge": 1, "name": "Kamat (Amita Prasanna)", "relation": "Promoter", "url": "", "transactionDescription": "Sale", "latestTransDate": "2015-06-27", "positionDirect": 0, "positionDirectDate": "2015-06-27"}, {"maxAge": 1, "name": "Lawande (Jyoti Arun)", "relation": "Promoter", "url": "", "transactionDescription": "Sale", "latestTransDate": "2015-07-10", "positionDirect": 0, "positionDirectDate": "2015-07-10"}, {"maxAge": 1, "name": "Lawande (Pushpa N.)", "relation": "Partner", "url": "", "transactionDescription": "Gift", "latestTransDate": "2020-08-19", "positionDirect": 0, "positionDirectDate": "2020-08-19"}, {"maxAge": 1, "name": "Lawande (Rajesh Narayan)", "relation": "Wholetime Director", "url": "", "transactionDescription": "Gift", "latestTransDate": "2020-08-19", "positionDirect": 1352366, "positionDirectDate": "2020-08-19"}, {"maxAge": 1, "name": "Potdar (Vasant)", "relation": "Promoter", "url": "", "transactionDescription": "Sale", "latestTransDate": "2017-03-31", "positionDirect": 0, "positionDirectDate": "2017-03-31"}, {"maxAge": 1, "name": "Radix Multiventures Llp", "relation": "Institution- Corporation", "url": "", "transactionDescription": "Acquisition", "latestTransDate": "2020-02-13", "positionDirect": 5815, "positionDirectDate": "2020-02-13"}, {"maxAge": 1, "name": "Sitaram (Jayaram)", "relation": "Director (Independent)", "url": "", "transactionDescription": "Acquisition", "latestTransDate": "2020-03-31", "positionDirect": 23616, "positionDirectDate": "2020-03-31"}], "maxAge": 1}, "earnings": {"maxAge": 86400, "earningsChart": {"quarterly": [{"date": "1Q2018", "actual": 4.97, "estimate": 7.25}], "currentQuarterEstimateDate": "2Q", "currentQuarterEstimateYear": 2018, "earningsDate": ["2020-08-12 05:30:S"]}, "financialsChart": {"yearly": [{"date": 2017, "revenue": 997235917, "earnings": 148856108}, {"date": 2018, "revenue": 1136587909, "earnings": 125929714}, {"date": 2019, "revenue": 1531743169, "earnings": 201268217}, {"date": 2020, "revenue": 1516863938, "earnings": 83352824}], "quarterly": [{"date": "3Q2019", "revenue": 372105000, "earnings": 23462000}, {"date": "4Q2019", "revenue": 374224000, "earnings": 11273000}, {"date": "1Q2020", "revenue": 363543938, "earnings": -1681176}, {"date": "2Q2020", "revenue": 423683000, "earnings": 93872000}]}, "financialCurrency": "INR"}, "calendarEvents": {"maxAge": 1, "earnings": {"earningsDate": ["2020-08-12 05:30:S"]}}, "upgradeDowngradeHistory": {"history": [], "maxAge": 86400}, "price": {"maxAge": 1, "regularMarketChangePercent": -0.008334882, "regularMarketChange": -13.199951, "regularMarketTime": "2021-04-30 15:29:58", "priceHint": 2, "regularMarketPrice": 1570.5, "regularMarketDayHigh": 1610.0, "regularMarketDayLow": 1525.05, "regularMarketVolume": 5455, "averageDailyVolume10Day": 5409, "averageDailyVolume3Month": 5161, "regularMarketPreviousClose": 1583.7, "regularMarketSource": "FREE_REALTIME", "regularMarketOpen": 1575.1, "exchange": "BSE", "exchangeName": "BSE", "exchangeDataDelayedBy": 0, "marketState": "CLOSED", "quoteType": "EQUITY", "symbol": "NGLFINE.BO", "underlyingSymbol": null, "shortName": "NGL FINE-CHEM LTD.", "longName": "NGL Fine-Chem Limited", "currency": "INR", "quoteSourceName": "Delayed Quote", "currencySymbol": "\u20b9", "fromCurrency": null, "lastMarket": null, "marketCap": 9702580224}, "balanceSheetHistory": {"balanceSheetStatements": [{"maxAge": 1, "endDate": "2020-03-31", "cash": 3988582, "shortTermInvestments": 141496470, "netReceivables": 263640645, "inventory": 278968693, "otherCurrentAssets": 110527373, "totalCurrentAssets": 808617016, "propertyPlantEquipment": 673521038, "goodWill": 1527265, "intangibleAssets": 2389943, "otherAssets": 50153654, "totalAssets": 1536208916, "accountsPayable": 208303729, "shortLongTermDebt": 53057461, "otherCurrentLiab": 18990911, "longTermDebt": 83247725, "otherLiab": 32963775, "deferredLongTermLiab": 26607, "totalCurrentLiabilities": 430389491, "totalLiab": 546600991, "commonStock": 30890120, "retainedEarnings": 942543824, "treasuryStock": 15000000, "capitalSurplus": 1173981, "otherStockholderEquity": 15000000, "totalStockholderEquity": 989607925, "netTangibleAssets": 985690717}, {"maxAge": 1, "endDate": "2019-03-31", "cash": 7889268, "shortTermInvestments": 124209797, "netReceivables": 332240137, "inventory": 186101194, "otherCurrentAssets": 132494491, "totalCurrentAssets": 793944677, "propertyPlantEquipment": 608188685, "intangibleAssets": 1214329, "otherAssets": 18558441, "totalAssets": 1421906132, "accountsPayable": 161152836, "shortLongTermDebt": 38454307, "otherCurrentLiab": 25919774, "longTermDebt": 80067523, "otherLiab": 38929566, "deferredLongTermLiab": 69303, "totalCurrentLiabilities": 381678635, "totalLiab": 500675724, "commonStock": 30890120, "retainedEarnings": 870161339, "treasuryStock": 19004968, "capitalSurplus": 1173981, "otherStockholderEquity": 19004968, "totalStockholderEquity": 921230408, "netTangibleAssets": 920016079}, {"maxAge": 1, "endDate": "2018-03-31", "cash": 14863162, "shortTermInvestments": 95613868, "netReceivables": 277494693, "inventory": 168105324, "otherCurrentAssets": 1903372, "totalCurrentAssets": 561410678, "propertyPlantEquipment": 594370990, "intangibleAssets": 1798976, "otherAssets": 135328093, "totalAssets": 1292908737, "accountsPayable": 235346835, "shortLongTermDebt": 30426482, "otherCurrentLiab": 23592082, "longTermDebt": 123600565, "otherLiab": 44441351, "deferredLongTermLiab": 129713, "totalCurrentLiabilities": 404448422, "totalLiab": 572490338, "commonStock": 30890120, "retainedEarnings": 669349330, "treasuryStock": 19004968, "capitalSurplus": 1173981, "otherStockholderEquity": 19004968, "totalStockholderEquity": 720418399, "netTangibleAssets": 718619423}, {"maxAge": 1, "endDate": "2017-03-31", "cash": 2084872, "shortTermInvestments": 78013032, "netReceivables": 302547637, "inventory": 118118619, "otherCurrentAssets": 2358299, "totalCurrentAssets": 505168352, "propertyPlantEquipment": 405732663, "intangibleAssets": 1719685, "otherAssets": 108965970, "totalAssets": 1021586670, "accountsPayable": 144552454, "shortLongTermDebt": 24716625, "otherCurrentLiab": 19706275, "longTermDebt": 94581327, "otherLiab": 30513927, "deferredLongTermLiab": 205874, "totalCurrentLiabilities": 302392764, "totalLiab": 427488018, "commonStock": 30890120, "retainedEarnings": 543029583, "treasuryStock": 19004968, "capitalSurplus": 1173981, "otherStockholderEquity": 19004968, "totalStockholderEquity": 594098652, "netTangibleAssets": 592378967}], "maxAge": 86400}, "earningsTrend": {"trend": [{"maxAge": 1, "period": "0q", "endDate": "2018-06-30", "growth": {}, "earningsEstimate": {"avg": 0.0, "low": 0.0, "high": 0.0, "yearAgoEps": {}, "numberOfAnalysts": 0, "growth": {}}, "revenueEstimate": {"avg": 0, "low": 0, "high": 0, "numberOfAnalysts": 0, "yearAgoRevenue": {}, "growth": {}}, "epsTrend": {"current": 0.0, "7daysAgo": 0.0, "30daysAgo": 0.0, "60daysAgo": 0.0, "90daysAgo": 0.0}, "epsRevisions": {"upLast7days": 0, "upLast30days": 0, "downLast30days": 0, "downLast90days": {}}}, {"maxAge": 1, "period": "+1q", "endDate": "2018-09-30", "growth": {}, "earningsEstimate": {"avg": 0.0, "low": 0.0, "high": 0.0, "yearAgoEps": {}, "numberOfAnalysts": 0, "growth": {}}, "revenueEstimate": {"avg": 0, "low": 0, "high": 0, "numberOfAnalysts": 0, "yearAgoRevenue": {}, "growth": {}}, "epsTrend": {"current": 0.0, "7daysAgo": 0.0, "30daysAgo": 0.0, "60daysAgo": 0.0, "90daysAgo": 0.0}, "epsRevisions": {"upLast7days": 0, "upLast30days": 0, "downLast30days": 0, "downLast90days": {}}}, {"maxAge": 1, "period": "0y", "endDate": "2019-03-31", "growth": {}, "earningsEstimate": {"avg": 0.0, "low": 0.0, "high": 0.0, "yearAgoEps": {}, "numberOfAnalysts": 0, "growth": {}}, "revenueEstimate": {"avg": 1250540000, "low": 1250540000, "high": 1250540000, "numberOfAnalysts": 1, "yearAgoRevenue": 1136590000, "growth": 0.1}, "epsTrend": {"current": 0.0, "7daysAgo": 24.85, "30daysAgo": 24.85, "60daysAgo": 24.85, "90daysAgo": 24.85}, "epsRevisions": {"upLast7days": 0, "upLast30days": 0, "downLast30days": 0, "downLast90days": {}}}, {"maxAge": 1, "period": "+1y", "endDate": "2020-03-31", "growth": {}, "earningsEstimate": {"avg": 0.0, "low": 0.0, "high": 0.0, "yearAgoEps": {}, "numberOfAnalysts": 0, "growth": {}}, "revenueEstimate": {"avg": 0, "low": 0, "high": 0, "numberOfAnalysts": 0, "yearAgoRevenue": 1250540000, "growth": {}}, "epsTrend": {"current": 0.0, "7daysAgo": 0.0, "30daysAgo": 0.0, "60daysAgo": 0.0, "90daysAgo": 0.0}, "epsRevisions": {"upLast7days": 0, "upLast30days": 0, "downLast30days": 0, "downLast90days": {}}}, {"maxAge": 1, "period": "+5y", "endDate": null, "growth": {}, "earningsEstimate": {"avg": {}, "low": {}, "high": {}, "yearAgoEps": {}, "numberOfAnalysts": {}, "growth": {}}, "revenueEstimate": {"avg": {}, "low": {}, "high": {}, "numberOfAnalysts": {}, "yearAgoRevenue": {}, "growth": {}}, "epsTrend": {"current": {}, "7daysAgo": {}, "30daysAgo": {}, "60daysAgo": {}, "90daysAgo": {}}, "epsRevisions": {"upLast7days": {}, "upLast30days": {}, "downLast30days": {}, "downLast90days": {}}}, {"maxAge": 1, "period": "-5y", "endDate": null, "growth": {}, "earningsEstimate": {"avg": {}, "low": {}, "high": {}, "yearAgoEps": {}, "numberOfAnalysts": {}, "growth": {}}, "revenueEstimate": {"avg": {}, "low": {}, "high": {}, "numberOfAnalysts": {}, "yearAgoRevenue": {}, "growth": {}}, "epsTrend": {"current": {}, "7daysAgo": {}, "30daysAgo": {}, "60daysAgo": {}, "90daysAgo": {}}, "epsRevisions": {"upLast7days": {}, "upLast30days": {}, "downLast30days": {}, "downLast90days": {}}}], "maxAge": 1}, "financialData": {"maxAge": 86400, "currentPrice": 1570.5, "targetHighPrice": 290.0, "targetLowPrice": 290.0, "targetMeanPrice": 290.0, "targetMedianPrice": 290.0, "recommendationKey": "none", "numberOfAnalystOpinions": 1, "grossProfits": 784897420, "financialCurrency": "INR"}}}