{"NH.BO": {"cashflowStatementHistory": {"cashflowStatements": [{"maxAge": 1, "endDate": "2020-03-31", "netIncome": 1189160000, "depreciation": 1808150000, "changeToNetincome": 898630000, "changeToAccountReceivables": -105470000, "changeToLiabilities": -129110000, "changeToInventory": 182550000, "changeToOperatingActivities": 539730000, "totalCashFromOperatingActivities": 4433450000, "capitalExpenditures": -1158860000, "investments": -750570000, "otherCashflowsFromInvestingActivities": 9460000, "totalCashflowsFromInvestingActivities": -1885440000, "dividendsPaid": -489710000, "netBorrowings": -1472020000, "otherCashflowsFromFinancingActivities": -508730000, "totalCashFromFinancingActivities": -2469450000, "effectOfExchangeRate": -3650000, "changeInCash": 74910000, "issuanceOfStock": 1010000}, {"maxAge": 1, "endDate": "2019-03-31", "netIncome": 591690000, "depreciation": 1334540000, "changeToNetincome": 737970000, "changeToAccountReceivables": -49160000, "changeToLiabilities": 131910000, "changeToInventory": -56570000, "changeToOperatingActivities": 57040000, "totalCashFromOperatingActivities": 2786470000, "capitalExpenditures": -1500100000, "investments": -21730000, "otherCashflowsFromInvestingActivities": -96040000, "totalCashflowsFromInvestingActivities": -1612940000, "dividendsPaid": -489710000, "netBorrowings": 276100000, "otherCashflowsFromFinancingActivities": -553010000, "totalCashFromFinancingActivities": -272950000, "effectOfExchangeRate": -7040000, "changeInCash": 893540000, "issuanceOfStock": 3960000}, {"maxAge": 1, "endDate": "2018-03-31", "netIncome": 513470000, "depreciation": 980030000, "changeToNetincome": 575040000, "changeToAccountReceivables": -760410000, "changeToLiabilities": 605750000, "changeToInventory": -106090000, "changeToOperatingActivities": -4660000, "totalCashFromOperatingActivities": 1822600000, "capitalExpenditures": -2037330000, "investments": 246540000, "otherCashflowsFromInvestingActivities": -20320000, "totalCashflowsFromInvestingActivities": -5337630000, "dividendsPaid": -489710000, "netBorrowings": 3465870000, "otherCashflowsFromFinancingActivities": -315700000, "totalCashFromFinancingActivities": 3150710000, "effectOfExchangeRate": 3000000, "changeInCash": -222220000, "issuanceOfStock": 540000}, {"maxAge": 1, "endDate": "2017-03-31", "netIncome": 830530000, "depreciation": 775550000, "changeToNetincome": 479540000, "changeToAccountReceivables": -55820000, "changeToLiabilities": 260970000, "changeToInventory": -38220000, "changeToOperatingActivities": -82680000, "totalCashFromOperatingActivities": 2193530000, "capitalExpenditures": -1350430000, "investments": -269920000, "otherCashflowsFromInvestingActivities": 35440000, "totalCashflowsFromInvestingActivities": -1462620000, "dividendsPaid": -489710000, "netBorrowings": -245790000, "otherCashflowsFromFinancingActivities": -205910000, "totalCashFromFinancingActivities": -451380000, "effectOfExchangeRate": 740000, "changeInCash": 280270000, "issuanceOfStock": 320000}], "maxAge": 86400}, "institutionOwnership": {"ownershipList": [], "maxAge": 1}, "balanceSheetHistoryQuarterly": {"balanceSheetStatements": [{"maxAge": 1, "endDate": "2020-06-30", "totalStockholderEquity": 11359640000, "netTangibleAssets": 10060420000}, {"maxAge": 1, "endDate": "2020-03-31", "cash": 1026910000, "shortTermInvestments": 112540000, "netReceivables": 2934180000, "inventory": 602410000, "otherCurrentAssets": 285040000, "totalCurrentAssets": 5864180000, "longTermInvestments": 178940000, "propertyPlantEquipment": 19737350000, "goodWill": 581470000, "intangibleAssets": 816050000, "otherAssets": 1732610000, "deferredLongTermAssetCharges": 20020000, "totalAssets": 28910600000, "accountsPayable": 3616080000, "shortLongTermDebt": 884760000, "otherCurrentLiab": 518680000, "longTermDebt": 6433060000, "otherLiab": 3099680000, "minorityInterest": 5340000, "totalCurrentLiabilities": 6002590000, "totalLiab": 17545620000, "commonStock": 2043610000, "retainedEarnings": 4103940000, "treasuryStock": 188910000, "capitalSurplus": 5023180000, "otherStockholderEquity": 203470000, "totalStockholderEquity": 11359640000, "netTangibleAssets": 9962120000}, {"maxAge": 1, "endDate": "2019-12-31", "totalStockholderEquity": 11107710000, "netTangibleAssets": 9656130000}, {"maxAge": 1, "endDate": "2019-09-30", "cash": 597090000, "shortTermInvestments": 1002640000, "netReceivables": 3072290000, "inventory": 776730000, "otherCurrentAssets": 373050000, "totalCurrentAssets": 5821800000, "longTermInvestments": 180530000, "propertyPlantEquipment": 19171470000, "goodWill": 660470000, "intangibleAssets": 791110000, "otherAssets": 1831220000, "totalAssets": 28456600000, "accountsPayable": 3777170000, "shortLongTermDebt": 1021540000, "otherCurrentLiab": 474280000, "longTermDebt": 6346420000, "otherLiab": 3261070000, "minorityInterest": 4630000, "totalCurrentLiabilities": 5863700000, "totalLiab": 17344260000, "commonStock": 2043610000, "treasuryStock": 9064100000, "otherStockholderEquity": 9064100000, "totalStockholderEquity": 11107710000, "netTangibleAssets": 9656130000}], "maxAge": 86400}, "indexTrend": {"maxAge": 1, "symbol": "SP5", "peRatio": 19.7411, "pegRatio": 1.34172, "estimates": [{"period": "0q", "growth": 0.549}, {"period": "+1q", "growth": 0.431}, {"period": "0y", "growth": 0.305}, {"period": "+1y", "growth": 0.109}, {"period": "+5y", "growth": 0.120865}, {"period": "-5y"}]}, "insiderTransactions": {"transactions": [{"maxAge": 1, "shares": 4396, "value": 18477, "filerUrl": "", "transactionText": "Other at price 4.20 per share.", "filerName": "C N (Sunil Kumar)", "filerRelation": "UNREPORTED", "moneyText": "", "startDate": "2020-09-09", "ownership": "D"}, {"maxAge": 1, "shares": 66000, "filerUrl": "", "transactionText": "", "filerName": "SBI Cap Mkts Ltd A/c IMF NVM Fund", "filerRelation": "Promoter", "moneyText": "", "startDate": "2020-06-19", "ownership": "D"}, {"maxAge": 1, "shares": 4396, "filerUrl": "", "transactionText": "", "filerName": "Venkatesh (Raghavan)", "filerRelation": "UNREPORTED", "moneyText": "", "startDate": "2019-12-26", "ownership": "D"}, {"maxAge": 1, "shares": 2043608, "filerUrl": "", "transactionText": "", "filerName": "Shetty (Viren Prasad)", "filerRelation": "UNREPORTED", "moneyText": "", "startDate": "2019-09-03", "ownership": "D"}, {"maxAge": 1, "shares": 2043608, "filerUrl": "", "transactionText": "", "filerName": "Shetty (Varun)", "filerRelation": "UNREPORTED", "moneyText": "", "startDate": "2019-09-03", "ownership": "D"}, {"maxAge": 1, "shares": 8174432, "filerUrl": "", "transactionText": "", "filerName": "Shetty (Devi Prasad)", "filerRelation": "Executive Chairman", "moneyText": "", "startDate": "2019-09-03", "ownership": "D"}, {"maxAge": 1, "shares": 2043608, "filerUrl": "", "transactionText": "", "filerName": "Shetty (Anesh)", "filerRelation": "UNREPORTED", "moneyText": "", "startDate": "2019-09-03", "ownership": "D"}, {"maxAge": 1, "shares": 2043608, "filerUrl": "", "transactionText": "", "filerName": "Shetty (Ameya)", "filerRelation": "UNREPORTED", "moneyText": "", "startDate": "2019-09-03", "ownership": "D"}, {"maxAge": 1, "shares": 260000, "filerUrl": "", "transactionText": "", "filerName": "Raghuvanshi (Ashutosh)", "filerRelation": "Vice Chairman", "moneyText": "", "startDate": "2019-02-21", "ownership": "D"}, {"maxAge": 1, "shares": 52000, "filerUrl": "", "transactionText": "", "filerName": "Raghuvanshi (Ashutosh)", "filerRelation": "Chief Executive Officer", "moneyText": "", "startDate": "2018-06-18", "ownership": "D"}, {"maxAge": 1, "shares": 3294, "filerUrl": "", "transactionText": "", "filerName": "Paul (Rohini)", "filerRelation": "UNREPORTED", "moneyText": "", "startDate": "2017-03-31", "ownership": "D"}, {"maxAge": 1, "shares": 2043608, "filerUrl": "", "transactionText": "", "filerName": "Narayana Health Academy Pvt. Ltd.", "filerRelation": "Promoter", "moneyText": "", "startDate": "2017-03-28", "ownership": "D"}], "maxAge": 1}, "quoteType": {"exchange": "BSE", "quoteType": "EQUITY", "symbol": "NH.BO", "underlyingSymbol": "NH.BO", "shortName": "Narayana Hrudayalaya Limited", "longName": "Narayana Hrudayalaya Limited", "firstTradeDateEpochUtc": "2016-01-06 09:15:00", "timeZoneFullName": "Asia/Kolkata", "timeZoneShortName": "IST", "uuid": "2a6057ab-2519-35e6-8c23-49b6519f2674", "gmtOffSetMilliseconds": 19800000, "maxAge": 1}, "incomeStatementHistory": {"incomeStatementHistory": [{"maxAge": 1, "endDate": "2020-03-31", "totalRevenue": 31451320000, "costOfRevenue": 21571030000, "grossProfit": 9880290000, "researchDevelopment": {}, "sellingGeneralAdministrative": 1489410000, "nonRecurring": {}, "otherOperatingExpenses": 3959840000, "totalOperatingExpenses": 28885740000, "operatingIncome": 2565580000, "totalOtherIncomeExpenseNet": -952530000, "ebit": 2565580000, "interestExpense": -849220000, "incomeBeforeTax": 1613050000, "incomeTaxExpense": 422530000, "minorityInterest": 5340000, "netIncomeFromContinuingOps": 1190520000, "discontinuedOperations": {}, "extraordinaryItems": {}, "effectOfAccountingCharges": {}, "otherItems": {}, "netIncome": 1189160000, "netIncomeApplicableToCommonShares": 1189160000}, {"maxAge": 1, "endDate": "2019-03-31", "totalRevenue": 28740100000, "costOfRevenue": 20038350000, "grossProfit": 8701750000, "researchDevelopment": {}, "sellingGeneralAdministrative": 1770370000, "nonRecurring": {}, "otherOperatingExpenses": 3865910000, "totalOperatingExpenses": 27115130000, "operatingIncome": 1624970000, "totalOtherIncomeExpenseNet": -691020000, "ebit": 1624970000, "interestExpense": -712010000, "incomeBeforeTax": 933950000, "incomeTaxExpense": 341180000, "minorityInterest": 4000000, "netIncomeFromContinuingOps": 592770000, "discontinuedOperations": {}, "extraordinaryItems": {}, "effectOfAccountingCharges": {}, "otherItems": {}, "netIncome": 591690000, "netIncomeApplicableToCommonShares": 591690000}, {"maxAge": 1, "endDate": "2018-03-31", "totalRevenue": 22943120000, "costOfRevenue": 15996630000, "grossProfit": 6946490000, "researchDevelopment": {}, "sellingGeneralAdministrative": 1499060000, "nonRecurring": {}, "otherOperatingExpenses": 3130160000, "totalOperatingExpenses": 21655620000, "operatingIncome": 1287500000, "totalOtherIncomeExpenseNet": -483840000, "ebit": 1287500000, "interestExpense": -439680000, "incomeBeforeTax": 803660000, "incomeTaxExpense": 289640000, "minorityInterest": 2910000, "netIncomeFromContinuingOps": 514020000, "discontinuedOperations": {}, "extraordinaryItems": {}, "effectOfAccountingCharges": {}, "otherItems": {}, "netIncome": 513470000, "netIncomeApplicableToCommonShares": 513470000}, {"maxAge": 1, "endDate": "2017-03-31", "totalRevenue": 18883970000, "costOfRevenue": 12721130000, "grossProfit": 6162840000, "researchDevelopment": {}, "sellingGeneralAdministrative": 1106800000, "nonRecurring": {}, "otherOperatingExpenses": 2493400000, "totalOperatingExpenses": 17248230000, "operatingIncome": 1635740000, "totalOtherIncomeExpenseNet": -282340000, "ebit": 1635740000, "interestExpense": -209580000, "incomeBeforeTax": 1353400000, "incomeTaxExpense": 523660000, "minorityInterest": 2360000, "netIncomeFromContinuingOps": 829740000, "discontinuedOperations": {}, "extraordinaryItems": {}, "effectOfAccountingCharges": {}, "otherItems": {}, "netIncome": 830530000, "netIncomeApplicableToCommonShares": 830530000}], "maxAge": 86400}, "fundOwnership": {"ownershipList": [{"maxAge": 1, "reportDate": "2020-07-31", "organization": "DFA Emerging Markets Small Cap Series", "pctHeld": 0.0011, "position": 222842, "value": 64590753}, {"maxAge": 1, "reportDate": "2020-07-31", "organization": "Mirae Asset Discovery Fds-Emerging Markets Fd", "pctHeld": 0.00090000004, "position": 189559, "value": 54943676}, {"maxAge": 1, "reportDate": "2020-05-31", "organization": "GMO Implementation Fund", "pctHeld": 0.0008, "position": 165212, "value": 45036791}, {"maxAge": 1, "reportDate": "2020-05-31", "organization": "GMO Benchmark-Free Fund", "pctHeld": 0.0002, "position": 41594, "value": 11338524}, {"maxAge": 1, "reportDate": "2020-07-31", "organization": "DFA Emerging Markets Core Equity Portfolio", "pctHeld": 0.0001, "position": 30558, "value": 8857236}, {"maxAge": 1, "reportDate": "2020-07-31", "organization": "DFA T.A. World Ex U.S. Core Equity Portfolio", "pctHeld": 0.0001, "position": 10746, "value": 3114728}], "maxAge": 1}, "summaryDetail": {"maxAge": 1, "priceHint": 2, "previousClose": 418.4, "open": 415.0, "dayLow": 405.0, "dayHigh": 415.0, "regularMarketPreviousClose": 418.4, "regularMarketOpen": 415.0, "regularMarketDayLow": 405.0, "regularMarketDayHigh": 415.0, "volume": 6695, "regularMarketVolume": 6695, "averageVolume": 8291, "averageVolume10days": 3719, "averageDailyVolume10Day": 3719, "bid": 405.0, "ask": 410.0, "bidSize": 0, "askSize": 0, "marketCap": 82698911744, "fiftyTwoWeekLow": 210.0, "fiftyTwoWeekHigh": 488.25, "fiftyDayAverage": 447.86212, "twoHundredDayAverage": 364.63382, "trailingAnnualDividendRate": 1.0, "trailingAnnualDividendYield": 0.0023900573, "currency": "INR", "fromCurrency": null, "lastMarket": null, "algorithm": null, "tradeable": false}, "incomeStatementHistoryQuarterly": {"incomeStatementHistory": [{"maxAge": 1, "endDate": "2020-06-30", "totalRevenue": 3981520000, "costOfRevenue": 3665900000, "grossProfit": 315620000, "researchDevelopment": {}, "sellingGeneralAdministrative": {}, "nonRecurring": {}, "otherOperatingExpenses": 1178880000, "totalOperatingExpenses": 5308290000, "operatingIncome": -1326770000, "totalOtherIncomeExpenseNet": -207680000, "ebit": -1326770000, "interestExpense": -197470000, "incomeBeforeTax": -1534450000, "incomeTaxExpense": -336830000, "minorityInterest": {}, "netIncomeFromContinuingOps": -1197620000, "discontinuedOperations": {}, "extraordinaryItems": {}, "effectOfAccountingCharges": {}, "otherItems": {}, "netIncome": -1197050000, "netIncomeApplicableToCommonShares": -1197050000}, {"maxAge": 1, "endDate": "2020-03-31", "totalRevenue": 7435440000, "costOfRevenue": 6001620000, "grossProfit": 1433820000, "researchDevelopment": {}, "sellingGeneralAdministrative": 1489410000, "nonRecurring": {}, "otherOperatingExpenses": -1047710000, "totalOperatingExpenses": 7001680000, "operatingIncome": 433760000, "totalOtherIncomeExpenseNet": -277820000, "ebit": 433760000, "interestExpense": -204310000, "incomeBeforeTax": 155940000, "incomeTaxExpense": 36010000, "minorityInterest": 5340000, "netIncomeFromContinuingOps": 119930000, "discontinuedOperations": {}, "extraordinaryItems": {}, "effectOfAccountingCharges": {}, "otherItems": {}, "netIncome": 119590000, "netIncomeApplicableToCommonShares": 119590000}, {"maxAge": 1, "endDate": "2019-12-31", "totalRevenue": 7906960000, "costOfRevenue": 5152620000, "grossProfit": 2754340000, "researchDevelopment": {}, "sellingGeneralAdministrative": 1489410000, "nonRecurring": {}, "otherOperatingExpenses": 1672330000, "totalOperatingExpenses": 7288740000, "operatingIncome": 618220000, "totalOtherIncomeExpenseNet": -215640000, "ebit": 618220000, "interestExpense": -205730000, "incomeBeforeTax": 402580000, "incomeTaxExpense": 88430000, "minorityInterest": 5340000, "netIncomeFromContinuingOps": 314150000, "discontinuedOperations": {}, "extraordinaryItems": {}, "effectOfAccountingCharges": {}, "otherItems": {}, "netIncome": 313810000, "netIncomeApplicableToCommonShares": 313810000}, {"maxAge": 1, "endDate": "2019-09-30", "totalRevenue": 8286940000, "costOfRevenue": 5305440000, "grossProfit": 2981500000, "researchDevelopment": {}, "sellingGeneralAdministrative": 1760290000, "nonRecurring": {}, "otherOperatingExpenses": 1700930000, "totalOperatingExpenses": 7435470000, "operatingIncome": 851470000, "totalOtherIncomeExpenseNet": -229750000, "ebit": 851470000, "interestExpense": -217140000, "incomeBeforeTax": 621720000, "incomeTaxExpense": 168100000, "minorityInterest": 4630000, "netIncomeFromContinuingOps": 453620000, "discontinuedOperations": {}, "extraordinaryItems": {}, "effectOfAccountingCharges": {}, "otherItems": {}, "netIncome": 453260000, "netIncomeApplicableToCommonShares": 453260000}], "maxAge": 86400}, "cashflowStatementHistoryQuarterly": {"cashflowStatements": [{"maxAge": 1, "endDate": "2020-06-30", "netIncome": -1197050000, "changeToLiabilities": 0}, {"maxAge": 1, "endDate": "2020-03-31", "netIncome": 119590000, "changeToLiabilities": 0}, {"maxAge": 1, "endDate": "2019-12-31", "netIncome": 313810000, "changeToLiabilities": 0}, {"maxAge": 1, "endDate": "2019-09-30", "netIncome": 453260000, "changeToLiabilities": 0}], "maxAge": 86400}, "insiderHolders": {"holders": [{"maxAge": 1, "name": "C N (Sunil Kumar)", "relation": "UNREPORTED", "url": "", "transactionDescription": "Other", "latestTransDate": "2020-09-09", "positionDirect": 11140, "positionDirectDate": "2020-09-09"}, {"maxAge": 1, "name": "Paul (Rohini)", "relation": "UNREPORTED", "url": "", "transactionDescription": "Other", "latestTransDate": "2017-03-31", "positionDirect": 3660, "positionDirectDate": "2017-03-31"}, {"maxAge": 1, "name": "Raghuvanshi (Ashutosh)", "relation": "Vice Chairman", "url": "", "transactionDescription": "Other", "latestTransDate": "2019-02-21", "positionDirect": 312000, "positionDirectDate": "2019-02-21"}, {"maxAge": 1, "name": "SBI Cap Mkts Ltd A/c IMF NVM Fund", "relation": "Promoter", "url": "", "transactionDescription": "Acquisition", "latestTransDate": "2020-06-19", "positionDirect": 10203735, "positionDirectDate": "2020-06-19"}, {"maxAge": 1, "name": "Shetty (Ameya)", "relation": "UNREPORTED", "url": "", "transactionDescription": "Other", "latestTransDate": "2019-09-03", "positionDirect": 2043608, "positionDirectDate": "2019-09-03"}, {"maxAge": 1, "name": "Shetty (Anesh)", "relation": "UNREPORTED", "url": "", "transactionDescription": "Other", "latestTransDate": "2019-09-03", "positionDirect": 2043608, "positionDirectDate": "2019-09-03"}, {"maxAge": 1, "name": "Shetty (Devi Prasad)", "relation": "Executive Chairman", "url": "", "transactionDescription": "Other", "latestTransDate": "2019-09-03", "positionDirect": 56526139, "positionDirectDate": "2019-09-03"}, {"maxAge": 1, "name": "Shetty (Varun)", "relation": "UNREPORTED", "url": "", "transactionDescription": "Other", "latestTransDate": "2019-09-03", "positionDirect": 2043608, "positionDirectDate": "2019-09-03"}, {"maxAge": 1, "name": "Shetty (Viren Prasad)", "relation": "UNREPORTED", "url": "", "transactionDescription": "Other", "latestTransDate": "2019-09-03", "positionDirect": 2043608, "positionDirectDate": "2019-09-03"}, {"maxAge": 1, "name": "Venkatesh (Raghavan)", "relation": "UNREPORTED", "url": "", "transactionDescription": "Other", "latestTransDate": "2019-12-26", "positionDirect": 10990, "positionDirectDate": "2019-12-26"}], "maxAge": 1}, "calendarEvents": {"maxAge": 1, "earnings": {"earningsDate": []}}, "upgradeDowngradeHistory": {"history": [], "maxAge": 86400}, "price": {"maxAge": 1, "regularMarketChangePercent": -0.029756172, "regularMarketChange": -12.449982, "regularMarketTime": "2021-04-30 15:29:45", "priceHint": 2, "regularMarketPrice": 405.95, "regularMarketDayHigh": 415.0, "regularMarketDayLow": 405.0, "regularMarketVolume": 6695, "averageDailyVolume10Day": 3719, "averageDailyVolume3Month": 8291, "regularMarketPreviousClose": 418.4, "regularMarketSource": "FREE_REALTIME", "regularMarketOpen": 415.0, "exchange": "BSE", "exchangeName": "BSE", "exchangeDataDelayedBy": 0, "marketState": "CLOSED", "quoteType": "EQUITY", "symbol": "NH.BO", "underlyingSymbol": null, "shortName": "Narayana Hrudayalaya Limited", "longName": "Narayana Hrudayalaya Limited", "currency": "INR", "quoteSourceName": "Delayed Quote", "currencySymbol": "\u20b9", "fromCurrency": null, "lastMarket": null, "marketCap": 82698911744}, "balanceSheetHistory": {"balanceSheetStatements": [{"maxAge": 1, "endDate": "2020-03-31", "cash": 1026910000, "shortTermInvestments": 112540000, "netReceivables": 2934180000, "inventory": 602410000, "otherCurrentAssets": 285040000, "totalCurrentAssets": 5864180000, "longTermInvestments": 178940000, "propertyPlantEquipment": 19737350000, "goodWill": 581470000, "intangibleAssets": 816050000, "otherAssets": 1732610000, "deferredLongTermAssetCharges": 20020000, "totalAssets": 28910600000, "accountsPayable": 3616080000, "shortLongTermDebt": 884760000, "otherCurrentLiab": 518680000, "longTermDebt": 6433060000, "otherLiab": 3099680000, "minorityInterest": 5340000, "totalCurrentLiabilities": 6002590000, "totalLiab": 17545620000, "commonStock": 2043610000, "retainedEarnings": 4103940000, "treasuryStock": 188910000, "capitalSurplus": 5023180000, "otherStockholderEquity": 203470000, "totalStockholderEquity": 11359640000, "netTangibleAssets": 9962120000}, {"maxAge": 1, "endDate": "2019-03-31", "cash": 964880000, "shortTermInvestments": 46980000, "netReceivables": 2945690000, "inventory": 831910000, "otherCurrentAssets": 172700000, "totalCurrentAssets": 5273720000, "longTermInvestments": 178110000, "propertyPlantEquipment": 17485620000, "goodWill": 660470000, "intangibleAssets": 911320000, "otherAssets": 1861210000, "deferredLongTermAssetCharges": 40550000, "totalAssets": 26370450000, "accountsPayable": 3335280000, "shortLongTermDebt": 766170000, "otherCurrentLiab": 463960000, "longTermDebt": 7325550000, "otherLiab": 3126040000, "minorityInterest": 4000000, "totalCurrentLiabilities": 5103480000, "totalLiab": 15555070000, "commonStock": 2043610000, "retainedEarnings": 3633410000, "treasuryStock": 132230000, "capitalSurplus": 5002130000, "otherStockholderEquity": 147800000, "totalStockholderEquity": 10811380000, "netTangibleAssets": 9239590000}, {"maxAge": 1, "endDate": "2018-03-31", "cash": 333290000, "shortTermInvestments": 10000, "netReceivables": 3105140000, "inventory": 836240000, "otherCurrentAssets": 197460000, "totalCurrentAssets": 4792930000, "longTermInvestments": 88860000, "propertyPlantEquipment": 17385390000, "goodWill": 660470000, "intangibleAssets": 932080000, "otherAssets": 1496220000, "deferredLongTermAssetCharges": 80430000, "totalAssets": 25355950000, "accountsPayable": 3049890000, "shortLongTermDebt": 676290000, "otherCurrentLiab": 573730000, "longTermDebt": 6979820000, "otherLiab": 2912230000, "minorityInterest": 2910000, "totalCurrentLiabilities": 5103520000, "totalLiab": 14995570000, "commonStock": 2043610000, "retainedEarnings": 3041760000, "treasuryStock": 370860000, "capitalSurplus": 4901240000, "otherStockholderEquity": 390390000, "totalStockholderEquity": 10357470000, "netTangibleAssets": 8764920000}, {"maxAge": 1, "endDate": "2017-03-31", "cash": 262430000, "netReceivables": 1994920000, "inventory": 523600000, "otherCurrentAssets": 138680000, "totalCurrentAssets": 3015800000, "longTermInvestments": 962150000, "propertyPlantEquipment": 10739810000, "goodWill": 581470000, "intangibleAssets": 26920000, "otherAssets": 1141790000, "totalAssets": 16467940000, "accountsPayable": 2065810000, "shortLongTermDebt": 278860000, "otherCurrentLiab": 562740000, "longTermDebt": 1798010000, "otherLiab": 1811190000, "minorityInterest": 2360000, "totalCurrentLiabilities": 3225560000, "totalLiab": 6834760000, "commonStock": 2043610000, "retainedEarnings": 2535280000, "treasuryStock": 150690000, "capitalSurplus": 4901240000, "otherStockholderEquity": 170760000, "totalStockholderEquity": 9630820000, "netTangibleAssets": 9022430000}], "maxAge": 86400}, "financialData": {"maxAge": 86400, "currentPrice": 405.95, "recommendationKey": "none", "grossProfits": 9880290000, "financialCurrency": "INR"}}}