{"NH.NS": {"assetProfile": {"address1": "261/A, Bommasandra Industrial Area", "address2": "2nd Floor Anekal Taluk", "city": "Bengaluru", "zip": "560099", "country": "India", "phone": "91 80 7122 2222", "fax": "91 80 2783 2648", "website": "http://www.narayanahealth.org", "industry": "Medical Care Facilities", "sector": "Healthcare", "longBusinessSummary": "Narayana Hrudayalaya Limited provides healthcare services. The company operates a chain of multispecialty, tertiary, and primary healthcare facilities. It offers services in approximately 30 specialties, including cardiology and cardiac surgery, cancer care, neurology and neurosurgery, endocrinology, orthopedics, nephrology and urology, obstetrics, pediatrics, neonatology, gynecology, oncology, and gastroenterology. The company operates through a network of 24 hospitals, 7 heart centers, and 19 primary care facilities in India, as well as an international hospital in the Cayman Islands with approximately 6,200 operational beds. Narayana Hrudayalaya Limited was founded in 2000 and is headquartered in Bengaluru, India.", "fullTimeEmployees": 11261, "companyOfficers": [{"maxAge": 1, "name": "Dr. Devi Prasad Shetty M.S.", "age": 67, "title": "Founder & Exec. Chairman", "yearBorn": 1953, "fiscalYear": 2020, "totalPay": 49368000, "exercisedValue": 0, "unexercisedValue": 0}, {"maxAge": 1, "name": "Dr. Emmanuel  Rupert", "age": 53, "title": "MD, Group CEO & Director", "yearBorn": 1967, "fiscalYear": 2020, "totalPay": 30875197, "exercisedValue": 0, "unexercisedValue": 0}, {"maxAge": 1, "name": "Mr. Venugopalan  Kesavan", "age": 54, "title": "Group Chief Financial Officer", "yearBorn": 1966, "fiscalYear": 2020, "totalPay": 22455286, "exercisedValue": 0, "unexercisedValue": 0}, {"maxAge": 1, "name": "Mr. Viren Prasad Shetty", "age": 36, "title": "Sr. VP of Strategy, Group COO & Exec. Director", "yearBorn": 1984, "fiscalYear": 2020, "totalPay": 10157400, "exercisedValue": 0, "unexercisedValue": 0}, {"maxAge": 1, "name": "Mr. S.  Sridhar", "title": "Group Company Sec., Legal & Compliance Officer", "fiscalYear": 2020, "totalPay": 4514371, "exercisedValue": 0, "unexercisedValue": 0}, {"maxAge": 1, "name": "Mr. Debangshu  Sarkar", "title": "Head of Bus. Devel. & Investor Relations", "exercisedValue": 0, "unexercisedValue": 0}, {"maxAge": 1, "name": "Mr. Sumanta  Ray", "age": 49, "title": "Chief Marketing Officer", "yearBorn": 1971, "fiscalYear": 2016, "exercisedValue": 0, "unexercisedValue": 0}, {"maxAge": 1, "name": "Mr. Sirshendu  Mookherjee", "title": "Group Head of HR", "exercisedValue": 0, "unexercisedValue": 0}, {"maxAge": 1, "name": "Mr. Srikanth  Raman", "age": 54, "title": "Group Head of Internal Audit", "yearBorn": 1966, "fiscalYear": 2016, "exercisedValue": 0, "unexercisedValue": 0}, {"maxAge": 1, "name": "Mr. Nagarajan  Anantharaman", "age": 59, "title": "Sr. Vice-Pres of Fin.", "yearBorn": 1961, "fiscalYear": 2016, "exercisedValue": 0, "unexercisedValue": 0}], "compensationAsOfEpochDate": "2020-12-31 05:30:00", "maxAge": 86400}, "recommendationTrend": {"trend": [{"period": "0m", "strongBuy": 0, "buy": 0, "hold": 0, "sell": 0, "strongSell": 0}, {"period": "-1m", "strongBuy": 3, "buy": 2, "hold": 1, "sell": 0, "strongSell": 0}, {"period": "-2m", "strongBuy": 3, "buy": 2, "hold": 1, "sell": 0, "strongSell": 0}, {"period": "-3m", "strongBuy": 2, "buy": 4, "hold": 1, "sell": 0, "strongSell": 0}], "maxAge": 86400}, "cashflowStatementHistory": {"cashflowStatements": [{"maxAge": 1, "endDate": "2020-03-31", "netIncome": 1189160000, "depreciation": 1808150000, "changeToNetincome": 898630000, "changeToAccountReceivables": -105470000, "changeToLiabilities": -129110000, "changeToInventory": 182550000, "changeToOperatingActivities": 539730000, "totalCashFromOperatingActivities": 4433450000, "capitalExpenditures": -1158860000, "investments": -750570000, "otherCashflowsFromInvestingActivities": 9460000, "totalCashflowsFromInvestingActivities": -1885440000, "dividendsPaid": -489710000, "netBorrowings": -1472020000, "otherCashflowsFromFinancingActivities": -508730000, "totalCashFromFinancingActivities": -2469450000, "effectOfExchangeRate": -3650000, "changeInCash": 74910000, "issuanceOfStock": 1010000}, {"maxAge": 1, "endDate": "2019-03-31", "netIncome": 591690000, "depreciation": 1334540000, "changeToNetincome": 737970000, "changeToAccountReceivables": -49160000, "changeToLiabilities": 131910000, "changeToInventory": -56570000, "changeToOperatingActivities": 57040000, "totalCashFromOperatingActivities": 2786470000, "capitalExpenditures": -1500100000, "investments": -21730000, "otherCashflowsFromInvestingActivities": -96040000, "totalCashflowsFromInvestingActivities": -1612940000, "dividendsPaid": -489710000, "netBorrowings": 276100000, "otherCashflowsFromFinancingActivities": -553010000, "totalCashFromFinancingActivities": -272950000, "effectOfExchangeRate": -7040000, "changeInCash": 893540000, "issuanceOfStock": 3960000}, {"maxAge": 1, "endDate": "2018-03-31", "netIncome": 513470000, "depreciation": 980030000, "changeToNetincome": 575040000, "changeToAccountReceivables": -760410000, "changeToLiabilities": 605750000, "changeToInventory": -106090000, "changeToOperatingActivities": -4660000, "totalCashFromOperatingActivities": 1822600000, "capitalExpenditures": -2037330000, "investments": 246540000, "otherCashflowsFromInvestingActivities": -20320000, "totalCashflowsFromInvestingActivities": -5337630000, "dividendsPaid": -489710000, "netBorrowings": 3465870000, "otherCashflowsFromFinancingActivities": -315700000, "totalCashFromFinancingActivities": 3150710000, "effectOfExchangeRate": 3000000, "changeInCash": -222220000, "issuanceOfStock": 540000}, {"maxAge": 1, "endDate": "2017-03-31", "netIncome": 830530000, "depreciation": 775550000, "changeToNetincome": 479540000, "changeToAccountReceivables": -55820000, "changeToLiabilities": 260970000, "changeToInventory": -38220000, "changeToOperatingActivities": -82680000, "totalCashFromOperatingActivities": 2193530000, "capitalExpenditures": -1350430000, "investments": -269920000, "otherCashflowsFromInvestingActivities": 35440000, "totalCashflowsFromInvestingActivities": -1462620000, "dividendsPaid": -489710000, "netBorrowings": -245790000, "otherCashflowsFromFinancingActivities": -205910000, "totalCashFromFinancingActivities": -451380000, "effectOfExchangeRate": 740000, "changeInCash": 280270000, "issuanceOfStock": 320000}], "maxAge": 86400}, "indexTrend": {"maxAge": 1, "symbol": "SP5", "peRatio": 19.7411, "pegRatio": 1.34172, "estimates": [{"period": "0q", "growth": 0.549}, {"period": "+1q", "growth": 0.431}, {"period": "0y", "growth": 0.305}, {"period": "+1y", "growth": 0.109}, {"period": "+5y", "growth": 0.120865}, {"period": "-5y"}]}, "defaultKeyStatistics": {"maxAge": 1, "priceHint": 2, "enterpriseValue": 89711665152, "profitMargins": -0.02805, "floatShares": 65693107, "sharesOutstanding": 204360992, "heldPercentInsiders": 0.66635, "heldPercentInstitutions": 0.20655, "beta": 0.546825, "category": null, "bookValue": 50.153, "priceToBook": 8.114171, "fundFamily": null, "legalType": null, "lastFiscalYearEnd": "2020-03-31 05:30:00", "nextFiscalYearEnd": "2022-03-31 05:30:00", "mostRecentQuarter": "2020-12-31 05:30:00", "earningsQuarterlyGrowth": 0.301, "netIncomeToCommon": -703560000, "trailingEps": -3.47, "forwardEps": 5.9, "lastSplitFactor": null, "enterpriseToRevenue": 3.577, "enterpriseToEbitda": 85.004}, "industryTrend": {"maxAge": 1, "symbol": null, "estimates": []}, "quoteType": {"exchange": "NSI", "quoteType": "EQUITY", "symbol": "NH.NS", "underlyingSymbol": "NH.NS", "shortName": "NARAYANA HRUDAYALA", "longName": "Narayana Hrudayalaya Limited", "firstTradeDateEpochUtc": "2016-01-06 09:15:00", "timeZoneFullName": "Asia/Kolkata", "timeZoneShortName": "IST", "uuid": "27d97e97-f781-3023-a9eb-9aba46ab639c", "gmtOffSetMilliseconds": 19800000, "maxAge": 1}, "incomeStatementHistory": {"incomeStatementHistory": [{"maxAge": 1, "endDate": "2020-03-31", "totalRevenue": 31451320000, "costOfRevenue": 21571030000, "grossProfit": 9880290000, "researchDevelopment": {}, "sellingGeneralAdministrative": 1489410000, "nonRecurring": {}, "otherOperatingExpenses": 3959840000, "totalOperatingExpenses": 28885740000, "operatingIncome": 2565580000, "totalOtherIncomeExpenseNet": -952530000, "ebit": 2565580000, "interestExpense": -849220000, "incomeBeforeTax": 1613050000, "incomeTaxExpense": 422530000, "minorityInterest": 5340000, "netIncomeFromContinuingOps": 1190520000, "discontinuedOperations": {}, "extraordinaryItems": {}, "effectOfAccountingCharges": {}, "otherItems": {}, "netIncome": 1189160000, "netIncomeApplicableToCommonShares": 1189160000}, {"maxAge": 1, "endDate": "2019-03-31", "totalRevenue": 28740100000, "costOfRevenue": 20038350000, "grossProfit": 8701750000, "researchDevelopment": {}, "sellingGeneralAdministrative": 1770370000, "nonRecurring": {}, "otherOperatingExpenses": 3865910000, "totalOperatingExpenses": 27115130000, "operatingIncome": 1624970000, "totalOtherIncomeExpenseNet": -691020000, "ebit": 1624970000, "interestExpense": -712010000, "incomeBeforeTax": 933950000, "incomeTaxExpense": 341180000, "minorityInterest": 4000000, "netIncomeFromContinuingOps": 592770000, "discontinuedOperations": {}, "extraordinaryItems": {}, "effectOfAccountingCharges": {}, "otherItems": {}, "netIncome": 591690000, "netIncomeApplicableToCommonShares": 591690000}, {"maxAge": 1, "endDate": "2018-03-31", "totalRevenue": 22943120000, "costOfRevenue": 15996630000, "grossProfit": 6946490000, "researchDevelopment": {}, "sellingGeneralAdministrative": 1499060000, "nonRecurring": {}, "otherOperatingExpenses": 3130160000, "totalOperatingExpenses": 21655620000, "operatingIncome": 1287500000, "totalOtherIncomeExpenseNet": -483840000, "ebit": 1287500000, "interestExpense": -439680000, "incomeBeforeTax": 803660000, "incomeTaxExpense": 289640000, "minorityInterest": 2910000, "netIncomeFromContinuingOps": 514020000, "discontinuedOperations": {}, "extraordinaryItems": {}, "effectOfAccountingCharges": {}, "otherItems": {}, "netIncome": 513470000, "netIncomeApplicableToCommonShares": 513470000}, {"maxAge": 1, "endDate": "2017-03-31", "totalRevenue": 18883970000, "costOfRevenue": 12721130000, "grossProfit": 6162840000, "researchDevelopment": {}, "sellingGeneralAdministrative": 1106800000, "nonRecurring": {}, "otherOperatingExpenses": 2493400000, "totalOperatingExpenses": 17248230000, "operatingIncome": 1635740000, "totalOtherIncomeExpenseNet": -282340000, "ebit": 1635740000, "interestExpense": -209580000, "incomeBeforeTax": 1353400000, "incomeTaxExpense": 523660000, "minorityInterest": 2360000, "netIncomeFromContinuingOps": 829740000, "discontinuedOperations": {}, "extraordinaryItems": {}, "effectOfAccountingCharges": {}, "otherItems": {}, "netIncome": 830530000, "netIncomeApplicableToCommonShares": 830530000}], "maxAge": 86400}, "fundOwnership": {"ownershipList": [{"maxAge": 1, "reportDate": "2021-01-31", "organization": "DFA Emerging Markets Small Cap Series", "pctHeld": 0.0011, "position": 222842, "value": 99298395}, {"maxAge": 1, "reportDate": "2021-01-31", "organization": "Mirae Asset Discovery Fds-Emerging Markets Fd", "pctHeld": 0.0007, "position": 149516, "value": 66624329}, {"maxAge": 1, "reportDate": "2021-03-31", "organization": "iShares MSCI India Small Cap ETF", "pctHeld": 0.0007, "position": 133697, "value": 54260927}, {"maxAge": 1, "reportDate": "2020-11-30", "organization": "GMO Implementation Fund", "pctHeld": 0.00029999999, "position": 56133, "value": 21692597}, {"maxAge": 1, "reportDate": "2020-12-31", "organization": "College Retirement Equities Fund-Stock Account", "pctHeld": 0.00029999999, "position": 54229, "value": 24302726}, {"maxAge": 1, "reportDate": "2021-03-31", "organization": "SPDR (R) Idx Shares-SPDR (R) Emerging Markets Small Cap ETF", "pctHeld": 0.0001, "position": 17827, "value": 7235087}, {"maxAge": 1, "reportDate": "2021-02-28", "organization": "Avantis Emerging Markets Equity ETF", "pctHeld": 0.0001, "position": 13965, "value": 6023802}], "maxAge": 1}, "summaryDetail": {"maxAge": 1, "priceHint": 2, "previousClose": 417.4, "open": 407.8, "dayLow": 405.0, "dayHigh": 427.0, "regularMarketPreviousClose": 417.4, "regularMarketOpen": 407.8, "regularMarketDayLow": 405.0, "regularMarketDayHigh": 427.0, "dividendRate": 2.0, "dividendYield": 0.0049, "exDividendDate": "2020-03-11 05:30:00", "beta": 0.546825, "forwardPE": 68.97458, "volume": 108920, "regularMarketVolume": 108920, "averageVolume": 346783, "averageVolume10days": 362768, "averageDailyVolume10Day": 362768, "bid": 0.0, "ask": 0.0, "bidSize": 0, "askSize": 0, "marketCap": 83164708864, "fiftyTwoWeekLow": 248.25, "fiftyTwoWeekHigh": 524.65, "priceToSalesTrailing12Months": 3.3162868, "fiftyDayAverage": 423.29852, "twoHundredDayAverage": 401.49396, "trailingAnnualDividendRate": 0.0, "trailingAnnualDividendYield": 0.0, "currency": "INR", "fromCurrency": null, "lastMarket": null, "algorithm": null, "tradeable": false}, "insiderHolders": {"holders": [{"maxAge": 1, "name": "C N (Sunil Kumar)", "relation": "UNREPORTED", "url": "", "transactionDescription": "Other", "latestTransDate": "2020-09-09", "positionDirect": 11140, "positionDirectDate": "2020-09-09"}, {"maxAge": 1, "name": "Kumar K (Anil)", "relation": "UNREPORTED", "url": "", "transactionDescription": "Sale", "latestTransDate": "2021-02-15", "positionDirect": 390, "positionDirectDate": "2021-02-15"}, {"maxAge": 1, "name": "Raghuvanshi (Ashutosh)", "relation": "Vice Chairman", "url": "", "transactionDescription": "Other", "latestTransDate": "2019-02-21", "positionDirect": 312000, "positionDirectDate": "2019-02-21"}, {"maxAge": 1, "name": "SBI Cap Mkts Ltd A/c IMF NVM Fund", "relation": "Promoter", "url": "", "transactionDescription": "Acquisition", "latestTransDate": "2020-06-19", "positionDirect": 10203735, "positionDirectDate": "2020-06-19"}, {"maxAge": 1, "name": "Shetty (Ameya)", "relation": "UNREPORTED", "url": "", "transactionDescription": "Other", "latestTransDate": "2019-09-03", "positionDirect": 2043608, "positionDirectDate": "2019-09-03"}, {"maxAge": 1, "name": "Shetty (Anesh)", "relation": "UNREPORTED", "url": "", "transactionDescription": "Other", "latestTransDate": "2019-09-03", "positionDirect": 2043608, "positionDirectDate": "2019-09-03"}, {"maxAge": 1, "name": "Shetty (Devi Prasad)", "relation": "Executive Chairman", "url": "", "transactionDescription": "Other", "latestTransDate": "2019-09-03", "positionDirect": 56526139, "positionDirectDate": "2019-09-03"}, {"maxAge": 1, "name": "Shetty (Varun)", "relation": "UNREPORTED", "url": "", "transactionDescription": "Other", "latestTransDate": "2019-09-03", "positionDirect": 2043608, "positionDirectDate": "2019-09-03"}, {"maxAge": 1, "name": "Shetty (Viren Prasad)", "relation": "UNREPORTED", "url": "", "transactionDescription": "Other", "latestTransDate": "2019-09-03", "positionDirect": 2043608, "positionDirectDate": "2019-09-03"}, {"maxAge": 1, "name": "Venkatesh (Raghavan)", "relation": "UNREPORTED", "url": "", "transactionDescription": "Other", "latestTransDate": "2019-12-26", "positionDirect": 10990, "positionDirectDate": "2019-12-26"}], "maxAge": 1}, "calendarEvents": {"maxAge": 1, "earnings": {"earningsDate": ["2021-02-08 05:30:S"], "revenueAverage": 209000000, "revenueLow": 209000000, "revenueHigh": 209000000}, "exDividendDate": "2020-03-11 05:30:00"}, "upgradeDowngradeHistory": {"history": [], "maxAge": 86400}, "price": {"maxAge": 1, "regularMarketChangePercent": -0.025035894, "regularMarketChange": -10.449982, "regularMarketTime": "2021-04-30 15:30:01", "priceHint": 2, "regularMarketPrice": 406.95, "regularMarketDayHigh": 427.0, "regularMarketDayLow": 405.0, "regularMarketVolume": 108920, "averageDailyVolume10Day": 362768, "averageDailyVolume3Month": 346783, "regularMarketPreviousClose": 417.4, "regularMarketSource": "FREE_REALTIME", "regularMarketOpen": 407.8, "exchange": "NSI", "exchangeName": "NSE", "exchangeDataDelayedBy": 15, "marketState": "CLOSED", "quoteType": "EQUITY", "symbol": "NH.NS", "underlyingSymbol": null, "shortName": "NARAYANA HRUDAYALA", "longName": "Narayana Hrudayalaya Limited", "currency": "INR", "quoteSourceName": "Delayed Quote", "currencySymbol": "\u20b9", "fromCurrency": null, "lastMarket": null, "marketCap": 83164708864}, "balanceSheetHistory": {"balanceSheetStatements": [{"maxAge": 1, "endDate": "2020-03-31", "cash": 1026910000, "shortTermInvestments": 112540000, "netReceivables": 2934180000, "inventory": 602410000, "otherCurrentAssets": 285040000, "totalCurrentAssets": 5864180000, "longTermInvestments": 178940000, "propertyPlantEquipment": 19737350000, "goodWill": 581470000, "intangibleAssets": 816050000, "otherAssets": 1732610000, "deferredLongTermAssetCharges": 20020000, "totalAssets": 28910600000, "accountsPayable": 3616080000, "shortLongTermDebt": 884760000, "otherCurrentLiab": 518680000, "longTermDebt": 6433060000, "otherLiab": 3099680000, "minorityInterest": 5340000, "totalCurrentLiabilities": 6002590000, "totalLiab": 17545620000, "commonStock": 2043610000, "retainedEarnings": 4103940000, "treasuryStock": 188910000, "capitalSurplus": 5023180000, "otherStockholderEquity": 203470000, "totalStockholderEquity": 11359640000, "netTangibleAssets": 9962120000}, {"maxAge": 1, "endDate": "2019-03-31", "cash": 964880000, "shortTermInvestments": 46980000, "netReceivables": 2945690000, "inventory": 831910000, "otherCurrentAssets": 172700000, "totalCurrentAssets": 5273720000, "longTermInvestments": 178110000, "propertyPlantEquipment": 17485620000, "goodWill": 660470000, "intangibleAssets": 911320000, "otherAssets": 1861210000, "deferredLongTermAssetCharges": 40550000, "totalAssets": 26370450000, "accountsPayable": 3335280000, "shortLongTermDebt": 766170000, "otherCurrentLiab": 463960000, "longTermDebt": 7325550000, "otherLiab": 3126040000, "minorityInterest": 4000000, "totalCurrentLiabilities": 5103480000, "totalLiab": 15555070000, "commonStock": 2043610000, "retainedEarnings": 3633410000, "treasuryStock": 132230000, "capitalSurplus": 5002130000, "otherStockholderEquity": 147800000, "totalStockholderEquity": 10811380000, "netTangibleAssets": 9239590000}, {"maxAge": 1, "endDate": "2018-03-31", "cash": 333290000, "shortTermInvestments": 10000, "netReceivables": 3105140000, "inventory": 836240000, "otherCurrentAssets": 197460000, "totalCurrentAssets": 4792930000, "longTermInvestments": 88860000, "propertyPlantEquipment": 17385390000, "goodWill": 660470000, "intangibleAssets": 932080000, "otherAssets": 1496220000, "deferredLongTermAssetCharges": 80430000, "totalAssets": 25355950000, "accountsPayable": 3049890000, "shortLongTermDebt": 676290000, "otherCurrentLiab": 573730000, "longTermDebt": 6979820000, "otherLiab": 2912230000, "minorityInterest": 2910000, "totalCurrentLiabilities": 5103520000, "totalLiab": 14995570000, "commonStock": 2043610000, "retainedEarnings": 3041760000, "treasuryStock": 370860000, "capitalSurplus": 4901240000, "otherStockholderEquity": 390390000, "totalStockholderEquity": 10357470000, "netTangibleAssets": 8764920000}, {"maxAge": 1, "endDate": "2017-03-31", "cash": 262430000, "netReceivables": 1994920000, "inventory": 523600000, "otherCurrentAssets": 138680000, "totalCurrentAssets": 3015800000, "longTermInvestments": 962150000, "propertyPlantEquipment": 10739810000, "goodWill": 581470000, "intangibleAssets": 26920000, "otherAssets": 1141790000, "totalAssets": 16467940000, "accountsPayable": 2065810000, "shortLongTermDebt": 278860000, "otherCurrentLiab": 562740000, "longTermDebt": 1798010000, "otherLiab": 1811190000, "minorityInterest": 2360000, "totalCurrentLiabilities": 3225560000, "totalLiab": 6834760000, "commonStock": 2043610000, "retainedEarnings": 2535280000, "treasuryStock": 150690000, "capitalSurplus": 4901240000, "otherStockholderEquity": 170760000, "totalStockholderEquity": 9630820000, "netTangibleAssets": 9022430000}], "maxAge": 86400}, "earningsTrend": {"trend": [{"maxAge": 1, "period": "0q", "endDate": "2018-12-31", "growth": {}, "earningsEstimate": {"avg": 0.0, "low": 0.0, "high": 0.0, "yearAgoEps": 0.7, "numberOfAnalysts": 0, "growth": {}}, "revenueEstimate": {"avg": 209000000, "low": 209000000, "high": 209000000, "numberOfAnalysts": 1, "yearAgoRevenue": 5538370000, "growth": -0.96199995}, "epsTrend": {"current": 0.0, "7daysAgo": 0.59, "30daysAgo": 0.59, "60daysAgo": 0.59, "90daysAgo": 0.59}, "epsRevisions": {"upLast7days": 0, "upLast30days": 0, "downLast30days": 0, "downLast90days": {}}}, {"maxAge": 1, "period": "+1q", "endDate": "2019-03-31", "growth": {}, "earningsEstimate": {"avg": 0.0, "low": 0.0, "high": 0.0, "yearAgoEps": 0.4, "numberOfAnalysts": 0, "growth": {}}, "revenueEstimate": {"avg": 0, "low": 0, "high": 0, "numberOfAnalysts": 0, "yearAgoRevenue": {}, "growth": {}}, "epsTrend": {"current": 0.0, "7daysAgo": 1.9, "30daysAgo": 1.9, "60daysAgo": 1.9, "90daysAgo": 1.9}, "epsRevisions": {"upLast7days": 0, "upLast30days": 0, "downLast30days": 0, "downLast90days": {}}}, {"maxAge": 1, "period": "0y", "endDate": "2019-03-31", "growth": {}, "earningsEstimate": {"avg": 0.0, "low": 0.0, "high": 0.0, "yearAgoEps": {}, "numberOfAnalysts": 0, "growth": {}}, "revenueEstimate": {"avg": 27909200000, "low": 26973700000, "high": 28434000000, "numberOfAnalysts": 7, "yearAgoRevenue": 22809100000, "growth": 0.22399999}, "epsTrend": {"current": 0.0, "7daysAgo": 2.38, "30daysAgo": 2.38, "60daysAgo": 2.38, "90daysAgo": 2.38}, "epsRevisions": {"upLast7days": 0, "upLast30days": 0, "downLast30days": 0, "downLast90days": {}}}, {"maxAge": 1, "period": "+1y", "endDate": "2020-03-31", "growth": {}, "earningsEstimate": {"avg": 0.0, "low": 0.0, "high": 0.0, "yearAgoEps": {}, "numberOfAnalysts": 0, "growth": {}}, "revenueEstimate": {"avg": 31935600000, "low": 29981700000, "high": 33276000000, "numberOfAnalysts": 9, "yearAgoRevenue": 27909200000, "growth": 0.144}, "epsTrend": {"current": 0.0, "7daysAgo": 5.2, "30daysAgo": 5.2, "60daysAgo": 5.2, "90daysAgo": 5.2}, "epsRevisions": {"upLast7days": 0, "upLast30days": 0, "downLast30days": 0, "downLast90days": {}}}, {"maxAge": 1, "period": "+5y", "endDate": null, "growth": 0.01, "earningsEstimate": {"avg": {}, "low": {}, "high": {}, "yearAgoEps": {}, "numberOfAnalysts": {}, "growth": {}}, "revenueEstimate": {"avg": {}, "low": {}, "high": {}, "numberOfAnalysts": {}, "yearAgoRevenue": {}, "growth": {}}, "epsTrend": {"current": {}, "7daysAgo": {}, "30daysAgo": {}, "60daysAgo": {}, "90daysAgo": {}}, "epsRevisions": {"upLast7days": {}, "upLast30days": {}, "downLast30days": {}, "downLast90days": {}}}, {"maxAge": 1, "period": "-5y", "endDate": null, "growth": {}, "earningsEstimate": {"avg": {}, "low": {}, "high": {}, "yearAgoEps": {}, "numberOfAnalysts": {}, "growth": {}}, "revenueEstimate": {"avg": {}, "low": {}, "high": {}, "numberOfAnalysts": {}, "yearAgoRevenue": {}, "growth": {}}, "epsTrend": {"current": {}, "7daysAgo": {}, "30daysAgo": {}, "60daysAgo": {}, "90daysAgo": {}}, "epsRevisions": {"upLast7days": {}, "upLast30days": {}, "downLast30days": {}, "downLast90days": {}}}], "maxAge": 1}, "institutionOwnership": {"ownershipList": [], "maxAge": 1}, "majorHoldersBreakdown": {"maxAge": 1, "insidersPercentHeld": 0.66635, "institutionsPercentHeld": 0.20655, "institutionsFloatPercentHeld": 0.61906, "institutionsCount": 29}, "balanceSheetHistoryQuarterly": {"balanceSheetStatements": [{"maxAge": 1, "endDate": "2020-12-31"}, {"maxAge": 1, "endDate": "2020-09-30", "cash": 1040230000, "shortTermInvestments": 885180000, "netReceivables": 2685640000, "inventory": 500390000, "otherCurrentAssets": 497240000, "totalCurrentAssets": 5608680000, "longTermInvestments": 168610000, "propertyPlantEquipment": 19025250000, "goodWill": 581470000, "intangibleAssets": 668130000, "otherAssets": 1214790000, "deferredLongTermAssetCharges": 87330000, "totalAssets": 27266930000, "accountsPayable": 4525210000, "shortLongTermDebt": 1110110000, "otherCurrentLiab": 554560000, "longTermDebt": 5630460000, "otherLiab": 2753920000, "minorityInterest": 4800000, "totalCurrentLiabilities": 6940560000, "totalLiab": 17166580000, "commonStock": 2043610000, "treasuryStock": 8051940000, "otherStockholderEquity": 8051940000, "totalStockholderEquity": 10095550000, "netTangibleAssets": 8845950000}, {"maxAge": 1, "endDate": "2020-06-30", "totalStockholderEquity": 11359640000, "netTangibleAssets": 10060420000}, {"maxAge": 1, "endDate": "2020-03-31", "cash": 1026910000, "shortTermInvestments": 112540000, "netReceivables": 2934180000, "inventory": 602410000, "otherCurrentAssets": 285040000, "totalCurrentAssets": 5864180000, "longTermInvestments": 178940000, "propertyPlantEquipment": 19737350000, "goodWill": 581470000, "intangibleAssets": 816050000, "otherAssets": 1732610000, "deferredLongTermAssetCharges": 20020000, "totalAssets": 28910600000, "accountsPayable": 3616080000, "shortLongTermDebt": 884760000, "otherCurrentLiab": 518680000, "longTermDebt": 6433060000, "otherLiab": 3099680000, "minorityInterest": 5340000, "totalCurrentLiabilities": 6002590000, "totalLiab": 17545620000, "commonStock": 2043610000, "retainedEarnings": 4103940000, "treasuryStock": 188910000, "capitalSurplus": 5023180000, "otherStockholderEquity": 203470000, "totalStockholderEquity": 11359640000, "netTangibleAssets": 9962120000}], "maxAge": 86400}, "earningsHistory": {"history": [{"maxAge": 1, "epsActual": 0.7, "epsEstimate": 1.05, "epsDifference": -0.35, "surprisePercent": -0.333, "quarter": "2017-12-31", "period": "-4q"}, {"maxAge": 1, "epsActual": 0.4, "epsEstimate": 1.91, "epsDifference": -1.51, "surprisePercent": -0.791, "quarter": "2018-03-31", "period": "-3q"}, {"maxAge": 1, "epsActual": -0.21, "epsEstimate": 0.49, "epsDifference": -0.7, "surprisePercent": -1.4289999, "quarter": "2018-06-30", "period": "-2q"}, {"maxAge": 1, "epsActual": 0.67, "epsEstimate": 0.4, "epsDifference": 0.27, "surprisePercent": 0.675, "quarter": "2018-09-30", "period": "-1q"}], "maxAge": 86400}, "summaryProfile": {"address1": "261/A, Bommasandra Industrial Area", "address2": "2nd Floor Anekal Taluk", "city": "Bengaluru", "zip": "560099", "country": "India", "phone": "91 80 7122 2222", "fax": "91 80 2783 2648", "website": "http://www.narayanahealth.org", "industry": "Medical Care Facilities", "sector": "Healthcare", "longBusinessSummary": "Narayana Hrudayalaya Limited provides healthcare services. The company operates a chain of multispecialty, tertiary, and primary healthcare facilities. It offers services in approximately 30 specialties, including cardiology and cardiac surgery, cancer care, neurology and neurosurgery, endocrinology, orthopedics, nephrology and urology, obstetrics, pediatrics, neonatology, gynecology, oncology, and gastroenterology. The company operates through a network of 24 hospitals, 7 heart centers, and 19 primary care facilities in India, as well as an international hospital in the Cayman Islands with approximately 6,200 operational beds. Narayana Hrudayalaya Limited was founded in 2000 and is headquartered in Bengaluru, India.", "fullTimeEmployees": 11261, "companyOfficers": [], "maxAge": 86400}, "netSharePurchaseActivity": {"maxAge": 1, "period": "6m", "buyInfoCount": 0, "buyInfoShares": 0, "sellInfoCount": 0, "netInfoCount": 0, "netInfoShares": 0, "netPercentInsiderShares": 0.0, "totalInsiderShares": 135298880}, "insiderTransactions": {"transactions": [{"maxAge": 1, "shares": 6940, "value": 45389, "filerUrl": "", "transactionText": "Sale at price 6.54 per share.", "filerName": "Kumar K (Anil)", "filerRelation": "UNREPORTED", "moneyText": "", "startDate": "2021-02-15", "ownership": "D"}, {"maxAge": 1, "shares": 4396, "value": 18477, "filerUrl": "", "transactionText": "Other at price 4.20 per share.", "filerName": "C N (Sunil Kumar)", "filerRelation": "UNREPORTED", "moneyText": "", "startDate": "2020-09-09", "ownership": "D"}, {"maxAge": 1, "shares": 66000, "filerUrl": "", "transactionText": "", "filerName": "SBI Cap Mkts Ltd A/c IMF NVM Fund", "filerRelation": "Promoter", "moneyText": "", "startDate": "2020-06-19", "ownership": "D"}, {"maxAge": 1, "shares": 4396, "filerUrl": "", "transactionText": "", "filerName": "Venkatesh (Raghavan)", "filerRelation": "UNREPORTED", "moneyText": "", "startDate": "2019-12-26", "ownership": "D"}, {"maxAge": 1, "shares": 2043608, "filerUrl": "", "transactionText": "", "filerName": "Shetty (Viren Prasad)", "filerRelation": "UNREPORTED", "moneyText": "", "startDate": "2019-09-03", "ownership": "D"}, {"maxAge": 1, "shares": 2043608, "filerUrl": "", "transactionText": "", "filerName": "Shetty (Varun)", "filerRelation": "UNREPORTED", "moneyText": "", "startDate": "2019-09-03", "ownership": "D"}, {"maxAge": 1, "shares": 2043608, "filerUrl": "", "transactionText": "", "filerName": "Shetty (Ameya)", "filerRelation": "UNREPORTED", "moneyText": "", "startDate": "2019-09-03", "ownership": "D"}, {"maxAge": 1, "shares": 8174432, "filerUrl": "", "transactionText": "", "filerName": "Shetty (Devi Prasad)", "filerRelation": "Executive Chairman", "moneyText": "", "startDate": "2019-09-03", "ownership": "D"}, {"maxAge": 1, "shares": 2043608, "filerUrl": "", "transactionText": "", "filerName": "Shetty (Anesh)", "filerRelation": "UNREPORTED", "moneyText": "", "startDate": "2019-09-03", "ownership": "D"}, {"maxAge": 1, "shares": 260000, "filerUrl": "", "transactionText": "", "filerName": "Raghuvanshi (Ashutosh)", "filerRelation": "Vice Chairman", "moneyText": "", "startDate": "2019-02-21", "ownership": "D"}, {"maxAge": 1, "shares": 52000, "filerUrl": "", "transactionText": "", "filerName": "Raghuvanshi (Ashutosh)", "filerRelation": "Chief Executive Officer", "moneyText": "", "startDate": "2018-06-18", "ownership": "D"}, {"maxAge": 1, "shares": 3294, "filerUrl": "", "transactionText": "", "filerName": "Paul (Rohini)", "filerRelation": "UNREPORTED", "moneyText": "", "startDate": "2017-03-31", "ownership": "D"}, {"maxAge": 1, "shares": 2043608, "filerUrl": "", "transactionText": "", "filerName": "Narayana Health Academy Pvt. Ltd.", "filerRelation": "Promoter", "moneyText": "", "startDate": "2017-03-28", "ownership": "D"}], "maxAge": 1}, "sectorTrend": {"maxAge": 1, "symbol": null, "estimates": []}, "incomeStatementHistoryQuarterly": {"incomeStatementHistory": [{"maxAge": 1, "endDate": "2020-12-31", "totalRevenue": 7549280000, "costOfRevenue": 4922250000, "grossProfit": 2627030000, "researchDevelopment": {}, "sellingGeneralAdministrative": {}, "nonRecurring": {}, "otherOperatingExpenses": 1532090000, "totalOperatingExpenses": 6919160000, "operatingIncome": 630120000, "totalOtherIncomeExpenseNet": -213950000, "ebit": 630120000, "interestExpense": -185620000, "incomeBeforeTax": 416170000, "incomeTaxExpense": 7790000, "minorityInterest": {}, "netIncomeFromContinuingOps": 408380000, "discontinuedOperations": {}, "extraordinaryItems": {}, "effectOfAccountingCharges": {}, "otherItems": {}, "netIncome": 408120000, "netIncomeApplicableToCommonShares": 408120000}, {"maxAge": 1, "endDate": "2020-09-30", "totalRevenue": 6111420000, "costOfRevenue": 4259360000, "grossProfit": 1852060000, "researchDevelopment": {}, "sellingGeneralAdministrative": {}, "nonRecurring": {}, "otherOperatingExpenses": 1480330000, "totalOperatingExpenses": 6201900000, "operatingIncome": -90480000, "totalOtherIncomeExpenseNet": -204870000, "ebit": -90480000, "interestExpense": -194400000, "incomeBeforeTax": -295350000, "incomeTaxExpense": -261150000, "minorityInterest": 4800000, "netIncomeFromContinuingOps": -34200000, "discontinuedOperations": {}, "extraordinaryItems": {}, "effectOfAccountingCharges": {}, "otherItems": {}, "netIncome": -34220000, "netIncomeApplicableToCommonShares": -34220000}, {"maxAge": 1, "endDate": "2020-06-30", "totalRevenue": 3981520000, "costOfRevenue": 3665900000, "grossProfit": 315620000, "researchDevelopment": {}, "sellingGeneralAdministrative": {}, "nonRecurring": {}, "otherOperatingExpenses": 1178880000, "totalOperatingExpenses": 5308290000, "operatingIncome": -1326770000, "totalOtherIncomeExpenseNet": -207680000, "ebit": -1326770000, "interestExpense": -197470000, "incomeBeforeTax": -1534450000, "incomeTaxExpense": -336830000, "minorityInterest": 4800000, "netIncomeFromContinuingOps": -1197620000, "discontinuedOperations": {}, "extraordinaryItems": {}, "effectOfAccountingCharges": {}, "otherItems": {}, "netIncome": -1197050000, "netIncomeApplicableToCommonShares": -1197050000}, {"maxAge": 1, "endDate": "2020-03-31", "totalRevenue": 7435440000, "costOfRevenue": 6001620000, "grossProfit": 1433820000, "researchDevelopment": {}, "sellingGeneralAdministrative": 1489410000, "nonRecurring": {}, "otherOperatingExpenses": -1047710000, "totalOperatingExpenses": 7001680000, "operatingIncome": 433760000, "totalOtherIncomeExpenseNet": -277820000, "ebit": 433760000, "interestExpense": -204310000, "incomeBeforeTax": 155940000, "incomeTaxExpense": 36010000, "minorityInterest": 5340000, "netIncomeFromContinuingOps": 119930000, "discontinuedOperations": {}, "extraordinaryItems": {}, "effectOfAccountingCharges": {}, "otherItems": {}, "netIncome": 119590000, "netIncomeApplicableToCommonShares": 119590000}], "maxAge": 86400}, "cashflowStatementHistoryQuarterly": {"cashflowStatements": [{"maxAge": 1, "endDate": "2020-12-31", "netIncome": 408120000, "changeToLiabilities": 0}, {"maxAge": 1, "endDate": "2020-09-30", "netIncome": -34220000, "changeToLiabilities": 0}, {"maxAge": 1, "endDate": "2020-06-30", "netIncome": -1197050000, "changeToLiabilities": 0}, {"maxAge": 1, "endDate": "2020-03-31", "netIncome": 119590000, "changeToLiabilities": 0}], "maxAge": 86400}, "earnings": {"maxAge": 86400, "earningsChart": {"quarterly": [{"date": "4Q2017", "actual": 0.7, "estimate": 1.05}, {"date": "1Q2018", "actual": 0.4, "estimate": 1.91}, {"date": "2Q2018", "actual": -0.21, "estimate": 0.49}, {"date": "3Q2018", "actual": 0.67, "estimate": 0.4}], "currentQuarterEstimateDate": "4Q", "currentQuarterEstimateYear": 2018, "earningsDate": ["2021-02-08 05:30:S"]}, "financialsChart": {"yearly": [{"date": 2017, "revenue": 18883970000, "earnings": 830530000}, {"date": 2018, "revenue": 22943120000, "earnings": 513470000}, {"date": 2019, "revenue": 28740100000, "earnings": 591690000}, {"date": 2020, "revenue": 31451320000, "earnings": 1189160000}], "quarterly": [{"date": "1Q2020", "revenue": 7435440000, "earnings": 119590000}, {"date": "2Q2020", "revenue": 3981520000, "earnings": -1197050000}, {"date": "3Q2020", "revenue": 6111420000, "earnings": -34220000}, {"date": "4Q2020", "revenue": 7549280000, "earnings": 408120000}]}, "financialCurrency": "INR"}, "financialData": {"maxAge": 86400, "currentPrice": 406.95, "targetHighPrice": 316.0, "targetLowPrice": 248.0, "targetMeanPrice": 279.22, "targetMedianPrice": 278.0, "recommendationKey": "none", "numberOfAnalystOpinions": 9, "totalCash": 1925410048, "totalCashPerShare": 9.483, "ebitda": 1055387520, "totalDebt": 9003200512, "totalRevenue": 25077659648, "debtToEquity": 89.138, "revenuePerShare": 123.688, "grossProfits": 9880290000, "earningsGrowth": 0.297, "revenueGrowth": -0.045, "grossMargins": 0.24821, "ebitdaMargins": 0.04208, "operatingMargins": -0.014090001, "profitMargins": -0.02805, "financialCurrency": "INR"}}}