{"NHCFOODS.BO": {"recommendationTrend": {"trend": [{"period": "0m", "strongBuy": 0, "buy": 0, "hold": 0, "sell": 0, "strongSell": 0}, {"period": "-1m", "strongBuy": 0, "buy": 0, "hold": 0, "sell": 0, "strongSell": 0}, {"period": "-2m", "strongBuy": 0, "buy": 0, "hold": 0, "sell": 0, "strongSell": 0}, {"period": "-3m", "strongBuy": 0, "buy": 0, "hold": 0, "sell": 0, "strongSell": 0}], "maxAge": 86400}, "cashflowStatementHistory": {"cashflowStatements": [{"maxAge": 1, "endDate": "2020-03-31", "netIncome": 14117000, "depreciation": 10072000, "changeToNetincome": 22479000, "changeToAccountReceivables": -55032000, "changeToLiabilities": -51294000, "changeToInventory": -83000, "changeToOperatingActivities": -747000, "totalCashFromOperatingActivities": -60488000, "capitalExpenditures": -2684000, "otherCashflowsFromInvestingActivities": 134000, "totalCashflowsFromInvestingActivities": 1296000, "netBorrowings": 70478000, "otherCashflowsFromFinancingActivities": -11339000, "totalCashFromFinancingActivities": 59139000, "changeInCash": -54000}, {"maxAge": 1, "endDate": "2019-03-31", "netIncome": 13051000, "depreciation": 8256000, "changeToNetincome": 9040000, "changeToAccountReceivables": -81691000, "changeToLiabilities": 107190000, "changeToInventory": -12434000, "changeToOperatingActivities": 25159000, "totalCashFromOperatingActivities": 68571000, "capitalExpenditures": -5584000, "otherCashflowsFromInvestingActivities": 3752000, "totalCashflowsFromInvestingActivities": -1832000, "netBorrowings": -52105000, "otherCashflowsFromFinancingActivities": -11887000, "totalCashFromFinancingActivities": -63992000, "changeInCash": 2747000}, {"maxAge": 1, "endDate": "2018-03-31", "netIncome": 2354000, "depreciation": 7258000, "changeToNetincome": 14333000, "changeToAccountReceivables": 148062000, "changeToLiabilities": -101205000, "changeToInventory": 2382000, "changeToOperatingActivities": -20730000, "totalCashFromOperatingActivities": 52454000, "capitalExpenditures": -10916000, "otherCashflowsFromInvestingActivities": 5602000, "totalCashflowsFromInvestingActivities": -5314000, "netBorrowings": -29398000, "otherCashflowsFromFinancingActivities": -15641000, "totalCashFromFinancingActivities": -45039000, "changeInCash": 2101000}, {"maxAge": 1, "endDate": "2017-03-31", "netIncome": 7050000, "depreciation": 7633000, "changeToNetincome": 17092000, "changeToAccountReceivables": 104951000, "changeToLiabilities": -202640000, "changeToInventory": 33841000, "changeToOperatingActivities": -35789000, "totalCashFromOperatingActivities": -67862000, "capitalExpenditures": -1003000, "otherCashflowsFromInvestingActivities": 4846000, "totalCashflowsFromInvestingActivities": 3843000, "netBorrowings": 47005000, "otherCashflowsFromFinancingActivities": -17152000, "totalCashFromFinancingActivities": 29853000, "changeInCash": -34166000}], "maxAge": 86400}, "institutionOwnership": {"ownershipList": [], "maxAge": 1}, "balanceSheetHistoryQuarterly": {"balanceSheetStatements": [{"maxAge": 1, "endDate": "2020-06-30", "totalStockholderEquity": 208890000, "netTangibleAssets": 174096000}, {"maxAge": 1, "endDate": "2020-03-31", "cash": 11200000, "netReceivables": 301564000, "inventory": 144884000, "otherCurrentAssets": 7234000, "totalCurrentAssets": 465674000, "propertyPlantEquipment": 118320000, "goodWill": 34794000, "otherAssets": 3167000, "totalAssets": 621955000, "accountsPayable": 171636000, "shortLongTermDebt": 32726000, "otherCurrentLiab": 20305000, "longTermDebt": 46613000, "otherLiab": 8381000, "totalCurrentLiabilities": 345689000, "totalLiab": 413065000, "commonStock": 118550000, "retainedEarnings": 72932000, "treasuryStock": -21000, "capitalSurplus": 17429000, "otherStockholderEquity": -21000, "totalStockholderEquity": 208890000, "netTangibleAssets": 174096000}, {"maxAge": 1, "endDate": "2019-12-31", "totalStockholderEquity": 201944000, "netTangibleAssets": 165211000}, {"maxAge": 1, "endDate": "2019-09-30", "cash": 9931000, "shortTermInvestments": 16671000, "netReceivables": 188415000, "inventory": 148190000, "otherCurrentAssets": 60719000, "totalCurrentAssets": 423926000, "propertyPlantEquipment": 123085000, "goodWill": 36733000, "otherAssets": 1937000, "totalAssets": 585681000, "accountsPayable": 174315000, "otherCurrentLiab": 49466000, "longTermDebt": 40453000, "otherLiab": 10210000, "totalCurrentLiabilities": 333074000, "totalLiab": 383737000, "commonStock": 118550000, "treasuryStock": 83394000, "otherStockholderEquity": 83394000, "totalStockholderEquity": 201944000, "netTangibleAssets": 165211000}], "maxAge": 86400}, "earningsHistory": {"history": [{"maxAge": 1, "epsActual": {}, "epsEstimate": {}, "epsDifference": {}, "surprisePercent": {}, "quarter": {}, "period": "-4q"}, {"maxAge": 1, "epsActual": {}, "epsEstimate": {}, "epsDifference": {}, "surprisePercent": {}, "quarter": {}, "period": "-3q"}, {"maxAge": 1, "epsActual": {}, "epsEstimate": {}, "epsDifference": {}, "surprisePercent": {}, "quarter": {}, "period": "-2q"}, {"maxAge": 1, "epsActual": {}, "epsEstimate": {}, "epsDifference": {}, "surprisePercent": {}, "quarter": {}, "period": "-1q"}], "maxAge": 86400}, "indexTrend": {"maxAge": 1, "symbol": "SP5", "peRatio": 19.7411, "pegRatio": 1.34172, "estimates": [{"period": "0q", "growth": 0.549}, {"period": "+1q", "growth": 0.431}, {"period": "0y", "growth": 0.305}, {"period": "+1y", "growth": 0.109}, {"period": "+5y", "growth": 0.120859005}, {"period": "-5y"}]}, "industryTrend": {"maxAge": 1, "symbol": null, "estimates": []}, "insiderTransactions": {"transactions": [{"maxAge": 1, "shares": 562965, "filerUrl": "", "transactionText": "", "filerName": "Shah (Apoorva Himatlal)", "filerRelation": "Promoter", "moneyText": "", "startDate": "2018-12-06", "ownership": "D"}, {"maxAge": 1, "shares": 50000, "filerUrl": "", "transactionText": "", "filerName": "Shah (Alpa Apoorva)", "filerRelation": "Promoter", "moneyText": "", "startDate": "2016-10-06", "ownership": "D"}, {"maxAge": 1, "shares": 181219, "filerUrl": "", "transactionText": "", "filerName": "Shah (Hansa Himatlal)", "filerRelation": "Promoter", "moneyText": "", "startDate": "2016-09-22", "ownership": "D"}, {"maxAge": 1, "shares": 488103, "filerUrl": "", "transactionText": "", "filerName": "Shah (Hansa Himatlal)", "filerRelation": "Promoter", "moneyText": "", "startDate": "2016-09-20", "ownership": "D"}, {"maxAge": 1, "shares": 736164, "filerUrl": "", "transactionText": "", "filerName": "Shah (Hansa Himatlal)", "filerRelation": "Promoter", "moneyText": "", "startDate": "2016-09-19", "ownership": "D"}, {"maxAge": 1, "shares": 225000, "filerUrl": "", "transactionText": "", "filerName": "Shah (Hansa Himatlal)", "filerRelation": "UNREPORTED", "moneyText": "", "startDate": "2016-09-14", "ownership": "D"}, {"maxAge": 1, "shares": 150000, "filerUrl": "", "transactionText": "", "filerName": "Shah (Hansa Himatlal)", "filerRelation": "Promoter", "moneyText": "", "startDate": "2016-09-06", "ownership": "D"}, {"maxAge": 1, "shares": 500000, "filerUrl": "", "transactionText": "", "filerName": "Shah (Hansa Himatlal)", "filerRelation": "Promoter", "moneyText": "", "startDate": "2016-08-30", "ownership": "D"}, {"maxAge": 1, "shares": 2248730, "filerUrl": "", "transactionText": "", "filerName": "Shah (Apoorva Himatlal)", "filerRelation": "Chairman of the Board", "moneyText": "", "startDate": "2015-03-27", "ownership": "D"}, {"maxAge": 1, "shares": 2089200, "filerUrl": "", "transactionText": "", "filerName": "Shah (Hansa Himatlal)", "filerRelation": "Promoter", "moneyText": "", "startDate": "2015-03-27", "ownership": "D"}, {"maxAge": 1, "shares": 800800, "filerUrl": "", "transactionText": "", "filerName": "Shah (Alpa Apoorva)", "filerRelation": "Wholetime Director", "moneyText": "", "startDate": "2015-03-27", "ownership": "D"}, {"maxAge": 1, "shares": 185000, "filerUrl": "", "transactionText": "", "filerName": "Selarka (Ashvinkumar M)", "filerRelation": "UNREPORTED", "moneyText": "", "startDate": "2014-10-29", "ownership": "D"}, {"maxAge": 1, "shares": 475000, "filerUrl": "", "transactionText": "", "filerName": "Echelon Corporate Services Pvt. Ltd.", "filerRelation": "Institution- Corporation", "moneyText": "", "startDate": "2014-02-20", "ownership": "D"}, {"maxAge": 1, "shares": 475000, "filerUrl": "", "transactionText": "", "filerName": "Evolution Corporate Services Pvt. Ltd.", "filerRelation": "Institution- Corporation", "moneyText": "", "startDate": "2014-02-20", "ownership": "D"}, {"maxAge": 1, "shares": 475000, "filerUrl": "", "transactionText": "", "filerName": "Aries Advisory Services Pvt. Ltd.", "filerRelation": "Institution- Corporation", "moneyText": "", "startDate": "2014-02-20", "ownership": "D"}, {"maxAge": 1, "shares": 475000, "filerUrl": "", "transactionText": "", "filerName": "Hermes Corporate Advisory Pvt. Ltd.", "filerRelation": "Institution- Corporation", "moneyText": "", "startDate": "2014-02-20", "ownership": "D"}, {"maxAge": 1, "shares": 199911, "filerUrl": "", "transactionText": "", "filerName": "Shah (Hansa Himatlal)", "filerRelation": "Promoter", "moneyText": "", "startDate": "2012-08-03", "ownership": "D"}, {"maxAge": 1, "shares": 130089, "filerUrl": "", "transactionText": "", "filerName": "Shah (Hansa Himatlal)", "filerRelation": "Promoter", "moneyText": "", "startDate": "2012-08-02", "ownership": "D"}, {"maxAge": 1, "shares": 100000, "filerUrl": "", "transactionText": "", "filerName": "Shah (Hansa Himatlal)", "filerRelation": "Promoter", "moneyText": "", "startDate": "2012-08-01", "ownership": "D"}, {"maxAge": 1, "shares": 70000, "filerUrl": "", "transactionText": "", "filerName": "Shah (Hansa Himatlal)", "filerRelation": "Promoter", "moneyText": "", "startDate": "2012-07-31", "ownership": "D"}, {"maxAge": 1, "shares": 30000, "filerUrl": "", "transactionText": "", "filerName": "Shah (Apoorva Himatlal)", "filerRelation": "Chairman of the Board", "moneyText": "", "startDate": "2012-07-31", "ownership": "D"}, {"maxAge": 1, "shares": 165000, "filerUrl": "", "transactionText": "", "filerName": "Shah (Apoorva Himatlal)", "filerRelation": "Chairman of the Board", "moneyText": "", "startDate": "2012-07-30", "ownership": "D"}, {"maxAge": 1, "shares": 165000, "filerUrl": "", "transactionText": "", "filerName": "Shah (Apoorva Himatlal)", "filerRelation": "Chairman of the Board", "moneyText": "", "startDate": "2012-07-27", "ownership": "D"}, {"maxAge": 1, "shares": 90000, "filerUrl": "", "transactionText": "", "filerName": "Shah (Apoorva Himatlal)", "filerRelation": "Chairman of the Board", "moneyText": "", "startDate": "2012-07-26", "ownership": "D"}, {"maxAge": 1, "shares": 50000, "filerUrl": "", "transactionText": "", "filerName": "Shah (Apoorva Himatlal)", "filerRelation": "Chairman of the Board", "moneyText": "", "startDate": "2012-07-25", "ownership": "D"}, {"maxAge": 1, "shares": 250250, "filerUrl": "", "transactionText": "", "filerName": "Shah (Alpa Apoorva)", "filerRelation": "Director", "moneyText": "", "startDate": "2010-09-11", "ownership": "D"}, {"maxAge": 1, "shares": 652875, "filerUrl": "", "transactionText": "", "filerName": "Shah (Hansa Himatlal)", "filerRelation": "Promoter", "moneyText": "", "startDate": "2010-09-11", "ownership": "D"}], "maxAge": 1}, "quoteType": {"exchange": "BSE", "quoteType": "EQUITY", "symbol": "NHCFOODS.BO", "underlyingSymbol": "NHCFOODS.BO", "shortName": "NHC FOODS LTD.", "longName": "NHC Foods Limited", "firstTradeDateEpochUtc": "2000-11-01 09:15:00", "timeZoneFullName": "Asia/Kolkata", "timeZoneShortName": "IST", "uuid": "68e00a06-0076-3707-9d30-e51a4225f967", "gmtOffSetMilliseconds": 19800000, "maxAge": 1}, "incomeStatementHistory": {"incomeStatementHistory": [{"maxAge": 1, "endDate": "2020-03-31", "totalRevenue": 1316091000, "costOfRevenue": 1194843000, "grossProfit": 121248000, "researchDevelopment": {}, "sellingGeneralAdministrative": 26335000, "nonRecurring": {}, "otherOperatingExpenses": 46442000, "totalOperatingExpenses": 1279489000, "operatingIncome": 36602000, "totalOtherIncomeExpenseNet": -17561000, "ebit": 36602000, "interestExpense": -13438000, "incomeBeforeTax": 19041000, "incomeTaxExpense": 4924000, "minorityInterest": {}, "netIncomeFromContinuingOps": 14117000, "discontinuedOperations": {}, "extraordinaryItems": {}, "effectOfAccountingCharges": {}, "otherItems": {}, "netIncome": 14117000, "netIncomeApplicableToCommonShares": 14117000}, {"maxAge": 1, "endDate": "2019-03-31", "totalRevenue": 1247392000, "costOfRevenue": 1140355000, "grossProfit": 107037000, "researchDevelopment": {}, "sellingGeneralAdministrative": 26682000, "nonRecurring": {}, "otherOperatingExpenses": 29159000, "totalOperatingExpenses": 1212306000, "operatingIncome": 35086000, "totalOtherIncomeExpenseNet": -23825000, "ebit": 35086000, "interestExpense": -12035000, "incomeBeforeTax": 11261000, "incomeTaxExpense": -1790000, "minorityInterest": {}, "netIncomeFromContinuingOps": 13051000, "discontinuedOperations": {}, "extraordinaryItems": {}, "effectOfAccountingCharges": {}, "otherItems": {}, "netIncome": 13051000, "netIncomeApplicableToCommonShares": 13051000}, {"maxAge": 1, "endDate": "2018-03-31", "totalRevenue": 867531000, "costOfRevenue": 772735000, "grossProfit": 94796000, "researchDevelopment": {}, "sellingGeneralAdministrative": 25527000, "nonRecurring": {}, "otherOperatingExpenses": 42434000, "totalOperatingExpenses": 847954000, "operatingIncome": 19577000, "totalOtherIncomeExpenseNet": -15556000, "ebit": 19577000, "interestExpense": -14640000, "incomeBeforeTax": 4021000, "incomeTaxExpense": 1667000, "minorityInterest": {}, "netIncomeFromContinuingOps": 2354000, "discontinuedOperations": {}, "extraordinaryItems": {}, "effectOfAccountingCharges": {}, "otherItems": {}, "netIncome": 2354000, "netIncomeApplicableToCommonShares": 2354000}, {"maxAge": 1, "endDate": "2017-03-31", "totalRevenue": 1380918000, "costOfRevenue": 1244362000, "grossProfit": 136556000, "researchDevelopment": {}, "sellingGeneralAdministrative": 36436000, "nonRecurring": {}, "otherOperatingExpenses": 66354000, "totalOperatingExpenses": 1354785000, "operatingIncome": 26133000, "totalOtherIncomeExpenseNet": -14839000, "ebit": 26133000, "interestExpense": -15796000, "incomeBeforeTax": 11294000, "incomeTaxExpense": 4244000, "minorityInterest": {}, "netIncomeFromContinuingOps": 7050000, "discontinuedOperations": {}, "extraordinaryItems": {}, "effectOfAccountingCharges": {}, "otherItems": {}, "netIncome": 7050000, "netIncomeApplicableToCommonShares": 7050000}], "maxAge": 86400}, "fundOwnership": {"ownershipList": [], "maxAge": 1}, "summaryDetail": {"maxAge": 1, "priceHint": 2, "previousClose": 6.5, "open": 6.75, "dayLow": 6.29, "dayHigh": 6.75, "regularMarketPreviousClose": 6.5, "regularMarketOpen": 6.75, "regularMarketDayLow": 6.29, "regularMarketDayHigh": 6.75, "trailingPE": 5.762274, "volume": 1151, "regularMarketVolume": 1151, "averageVolume": 7271, "averageVolume10days": 9085, "averageDailyVolume10Day": 9085, "bid": 6.35, "ask": 6.69, "bidSize": 0, "askSize": 0, "marketCap": 79309952, "fiftyTwoWeekLow": 3.44, "fiftyTwoWeekHigh": 11.75, "fiftyDayAverage": 7.3445454, "twoHundredDayAverage": 7.3013234, "currency": "INR", "fromCurrency": null, "lastMarket": null, "algorithm": null, "tradeable": false}, "sectorTrend": {"maxAge": 1, "symbol": null, "estimates": []}, "incomeStatementHistoryQuarterly": {"incomeStatementHistory": [{"maxAge": 1, "endDate": "2020-06-30", "totalRevenue": 328504000, "costOfRevenue": 297259000, "grossProfit": 31245000, "researchDevelopment": {}, "sellingGeneralAdministrative": 5104000, "nonRecurring": {}, "otherOperatingExpenses": 15457000, "totalOperatingExpenses": 321059000, "operatingIncome": 7445000, "totalOtherIncomeExpenseNet": -3408000, "ebit": 7445000, "interestExpense": -3500000, "incomeBeforeTax": 4037000, "incomeTaxExpense": 66000, "minorityInterest": {}, "netIncomeFromContinuingOps": 3971000, "discontinuedOperations": {}, "extraordinaryItems": {}, "effectOfAccountingCharges": {}, "otherItems": {}, "netIncome": 3971000, "netIncomeApplicableToCommonShares": 3971000}, {"maxAge": 1, "endDate": "2020-03-31", "totalRevenue": 438428000, "costOfRevenue": 403901000, "grossProfit": 34527000, "researchDevelopment": {}, "sellingGeneralAdministrative": 10580000, "nonRecurring": {}, "otherOperatingExpenses": 481000, "totalOperatingExpenses": 416346000, "operatingIncome": 22082000, "totalOtherIncomeExpenseNet": -19367000, "ebit": 22082000, "interestExpense": -2908000, "incomeBeforeTax": 2715000, "incomeTaxExpense": -2156000, "minorityInterest": {}, "netIncomeFromContinuingOps": 4871000, "discontinuedOperations": {}, "extraordinaryItems": {}, "effectOfAccountingCharges": {}, "otherItems": {}, "netIncome": 4871000, "netIncomeApplicableToCommonShares": 4871000}, {"maxAge": 1, "endDate": "2019-12-31", "totalRevenue": 291666000, "costOfRevenue": 263004000, "grossProfit": 28662000, "researchDevelopment": {}, "sellingGeneralAdministrative": 5957000, "nonRecurring": {}, "otherOperatingExpenses": 16834000, "totalOperatingExpenses": 289288000, "operatingIncome": 2378000, "totalOtherIncomeExpenseNet": -1538000, "ebit": 2378000, "interestExpense": -3894000, "incomeBeforeTax": 840000, "incomeTaxExpense": -1589000, "minorityInterest": {}, "netIncomeFromContinuingOps": 2429000, "discontinuedOperations": {}, "extraordinaryItems": {}, "effectOfAccountingCharges": {}, "otherItems": {}, "netIncome": 2429000, "netIncomeApplicableToCommonShares": 2429000}, {"maxAge": 1, "endDate": "2019-09-30", "totalRevenue": 317670000, "costOfRevenue": 287393000, "grossProfit": 30277000, "researchDevelopment": {}, "sellingGeneralAdministrative": 4885000, "nonRecurring": {}, "otherOperatingExpenses": 16138000, "totalOperatingExpenses": 311914000, "operatingIncome": 5756000, "totalOtherIncomeExpenseNet": -2584000, "ebit": 5756000, "interestExpense": -3424000, "incomeBeforeTax": 3172000, "incomeTaxExpense": 615000, "minorityInterest": {}, "netIncomeFromContinuingOps": 2557000, "discontinuedOperations": {}, "extraordinaryItems": {}, "effectOfAccountingCharges": {}, "otherItems": {}, "netIncome": 2557000, "netIncomeApplicableToCommonShares": 2557000}], "maxAge": 86400}, "cashflowStatementHistoryQuarterly": {"cashflowStatements": [{"maxAge": 1, "endDate": "2020-06-30", "netIncome": 3971000, "changeToLiabilities": 0}, {"maxAge": 1, "endDate": "2020-03-31", "netIncome": 4871000, "changeToLiabilities": 0}, {"maxAge": 1, "endDate": "2019-12-31", "netIncome": 2429000, "changeToLiabilities": 0}, {"maxAge": 1, "endDate": "2019-09-30", "netIncome": 2557000, "changeToLiabilities": 0}], "maxAge": 86400}, "insiderHolders": {"holders": [{"maxAge": 1, "name": "Aries Advisory Services Pvt. Ltd.", "relation": "Institution- Corporation", "url": "", "transactionDescription": "Other", "latestTransDate": "2014-02-20", "positionDirect": 475000, "positionDirectDate": "2014-02-20"}, {"maxAge": 1, "name": "Echelon Corporate Services Pvt. Ltd.", "relation": "Institution- Corporation", "url": "", "transactionDescription": "Other", "latestTransDate": "2014-02-20", "positionDirect": 475000, "positionDirectDate": "2014-02-20"}, {"maxAge": 1, "name": "Evolution Corporate Services Pvt. Ltd.", "relation": "Institution- Corporation", "url": "", "transactionDescription": "Other", "latestTransDate": "2014-02-20", "positionDirect": 475000, "positionDirectDate": "2014-02-20"}, {"maxAge": 1, "name": "Hermes Corporate Advisory Pvt. Ltd.", "relation": "Institution- Corporation", "url": "", "transactionDescription": "Other", "latestTransDate": "2014-02-20", "positionDirect": 475000, "positionDirectDate": "2014-02-20"}, {"maxAge": 1, "name": "Selarka (Ashvinkumar M)", "relation": "UNREPORTED", "url": "", "transactionDescription": "Sale", "latestTransDate": "2014-10-29", "positionDirect": 315000, "positionDirectDate": "2014-10-29"}, {"maxAge": 1, "name": "Shah (Alpa Apoorva)", "relation": "Promoter", "url": "", "transactionDescription": "Sale", "latestTransDate": "2016-10-06", "positionDirect": 1001435, "positionDirectDate": "2016-10-06"}, {"maxAge": 1, "name": "Shah (Apoorva Himatlal)", "relation": "Promoter", "url": "", "transactionDescription": "Acquisition", "latestTransDate": "2018-12-06", "positionDirect": 3805816, "positionDirectDate": "2018-12-06"}, {"maxAge": 1, "name": "Shah (Hansa Himatlal)", "relation": "Promoter", "url": "", "transactionDescription": "Sale", "latestTransDate": "2016-09-22", "positionDirect": 0, "positionDirectDate": "2016-09-22"}], "maxAge": 1}, "earnings": {"maxAge": 86400, "earningsChart": {"quarterly": [], "earningsDate": []}, "financialsChart": {"yearly": [{"date": 2017, "revenue": 1380918000, "earnings": 7050000}, {"date": 2018, "revenue": 867531000, "earnings": 2354000}, {"date": 2019, "revenue": 1247392000, "earnings": 13051000}, {"date": 2020, "revenue": 1316091000, "earnings": 14117000}], "quarterly": [{"date": "3Q2019", "revenue": 317670000, "earnings": 2557000}, {"date": "4Q2019", "revenue": 291666000, "earnings": 2429000}, {"date": "1Q2020", "revenue": 438428000, "earnings": 4871000}, {"date": "2Q2020", "revenue": 328504000, "earnings": 3971000}]}, "financialCurrency": "INR"}, "calendarEvents": {"maxAge": 1, "earnings": {"earningsDate": []}}, "upgradeDowngradeHistory": {"history": [], "maxAge": 86400}, "price": {"maxAge": 1, "regularMarketChangePercent": 0.029230779, "regularMarketChange": 0.19000006, "regularMarketTime": "2021-04-30 15:15:00", "priceHint": 2, "regularMarketPrice": 6.69, "regularMarketDayHigh": 6.75, "regularMarketDayLow": 6.29, "regularMarketVolume": 1151, "averageDailyVolume10Day": 9085, "averageDailyVolume3Month": 7271, "regularMarketPreviousClose": 6.5, "regularMarketSource": "FREE_REALTIME", "regularMarketOpen": 6.75, "exchange": "BSE", "exchangeName": "BSE", "exchangeDataDelayedBy": 0, "marketState": "CLOSED", "quoteType": "EQUITY", "symbol": "NHCFOODS.BO", "underlyingSymbol": null, "shortName": "NHC FOODS LTD.", "longName": "NHC Foods Limited", "currency": "INR", "quoteSourceName": "Delayed Quote", "currencySymbol": "\u20b9", "fromCurrency": null, "lastMarket": null, "marketCap": 79309952}, "balanceSheetHistory": {"balanceSheetStatements": [{"maxAge": 1, "endDate": "2020-03-31", "cash": 11200000, "netReceivables": 301564000, "inventory": 144884000, "otherCurrentAssets": 7234000, "totalCurrentAssets": 465674000, "propertyPlantEquipment": 118320000, "goodWill": 34794000, "otherAssets": 3167000, "totalAssets": 621955000, "accountsPayable": 171636000, "shortLongTermDebt": 32726000, "otherCurrentLiab": 20305000, "longTermDebt": 46613000, "otherLiab": 8381000, "totalCurrentLiabilities": 345689000, "totalLiab": 413065000, "commonStock": 118550000, "retainedEarnings": 72932000, "treasuryStock": -21000, "capitalSurplus": 17429000, "otherStockholderEquity": -21000, "totalStockholderEquity": 208890000, "netTangibleAssets": 174096000}, {"maxAge": 1, "endDate": "2019-03-31", "cash": 11254000, "netReceivables": 251825000, "inventory": 144800000, "otherCurrentAssets": 8490000, "totalCurrentAssets": 417198000, "propertyPlantEquipment": 113925000, "goodWill": 38672000, "otherAssets": 1995000, "totalAssets": 571790000, "accountsPayable": 190873000, "shortLongTermDebt": 11708000, "otherCurrentLiab": 53702000, "longTermDebt": 33902000, "otherLiab": 4785000, "totalCurrentLiabilities": 337876000, "totalLiab": 376563000, "commonStock": 118550000, "retainedEarnings": 58815000, "treasuryStock": 433000, "capitalSurplus": 17429000, "otherStockholderEquity": 433000, "totalStockholderEquity": 195227000, "netTangibleAssets": 156555000}, {"maxAge": 1, "endDate": "2018-03-31", "cash": 8507000, "netReceivables": 187747000, "inventory": 132367000, "otherCurrentAssets": 13381000, "totalCurrentAssets": 343547000, "propertyPlantEquipment": 116596000, "goodWill": 42539000, "otherAssets": 4064000, "totalAssets": 506746000, "accountsPayable": 111852000, "shortLongTermDebt": 21246000, "otherCurrentLiab": 16159000, "longTermDebt": 46106000, "otherLiab": 8520000, "totalCurrentLiabilities": 270531000, "totalLiab": 325157000, "commonStock": 118550000, "retainedEarnings": 45685000, "treasuryStock": -75000, "capitalSurplus": 17429000, "otherStockholderEquity": -75000, "totalStockholderEquity": 181589000, "netTangibleAssets": 139050000}, {"maxAge": 1, "endDate": "2017-03-31", "cash": 5814000, "netReceivables": 324990000, "inventory": 134749000, "otherCurrentAssets": 5613000, "totalCurrentAssets": 472302000, "propertyPlantEquipment": 112938000, "goodWill": 46669000, "otherAssets": 2923000, "totalAssets": 634832000, "accountsPayable": 172075000, "shortLongTermDebt": 25915000, "otherCurrentLiab": 54430000, "longTermDebt": 24463000, "otherLiab": 7208000, "totalCurrentLiabilities": 424090000, "totalLiab": 455761000, "commonStock": 118550000, "retainedEarnings": 43092000, "capitalSurplus": 17429000, "totalStockholderEquity": 179071000, "netTangibleAssets": 132402000}], "maxAge": 86400}, "earningsTrend": {"trend": [{"maxAge": 1, "period": "0q", "endDate": null, "growth": {}, "earningsEstimate": {"avg": 0.0, "low": 0.0, "high": 0.0, "yearAgoEps": {}, "numberOfAnalysts": 0, "growth": {}}, "revenueEstimate": {"avg": 0, "low": 0, "high": 0, "numberOfAnalysts": 0, "yearAgoRevenue": {}, "growth": {}}, "epsTrend": {"current": 0.0, "7daysAgo": 0.0, "30daysAgo": 0.0, "60daysAgo": 0.0, "90daysAgo": 0.0}, "epsRevisions": {"upLast7days": 0, "upLast30days": 0, "downLast30days": 0, "downLast90days": {}}}, {"maxAge": 1, "period": "+1q", "endDate": null, "growth": {}, "earningsEstimate": {"avg": 0.0, "low": 0.0, "high": 0.0, "yearAgoEps": {}, "numberOfAnalysts": 0, "growth": {}}, "revenueEstimate": {"avg": 0, "low": 0, "high": 0, "numberOfAnalysts": 0, "yearAgoRevenue": {}, "growth": {}}, "epsTrend": {"current": 0.0, "7daysAgo": 0.0, "30daysAgo": 0.0, "60daysAgo": 0.0, "90daysAgo": 0.0}, "epsRevisions": {"upLast7days": 0, "upLast30days": 0, "downLast30days": 0, "downLast90days": {}}}, {"maxAge": 1, "period": "0y", "endDate": null, "growth": {}, "earningsEstimate": {"avg": 0.0, "low": 0.0, "high": 0.0, "yearAgoEps": {}, "numberOfAnalysts": 0, "growth": {}}, "revenueEstimate": {"avg": 0, "low": 0, "high": 0, "numberOfAnalysts": 0, "yearAgoRevenue": {}, "growth": {}}, "epsTrend": {"current": 0.0, "7daysAgo": 0.0, "30daysAgo": 0.0, "60daysAgo": 0.0, "90daysAgo": 0.0}, "epsRevisions": {"upLast7days": 0, "upLast30days": 0, "downLast30days": 0, "downLast90days": {}}}, {"maxAge": 1, "period": "+1y", "endDate": null, "growth": {}, "earningsEstimate": {"avg": 0.0, "low": 0.0, "high": 0.0, "yearAgoEps": {}, "numberOfAnalysts": 0, "growth": {}}, "revenueEstimate": {"avg": 0, "low": 0, "high": 0, "numberOfAnalysts": 0, "yearAgoRevenue": {}, "growth": {}}, "epsTrend": {"current": 0.0, "7daysAgo": 0.0, "30daysAgo": 0.0, "60daysAgo": 0.0, "90daysAgo": 0.0}, "epsRevisions": {"upLast7days": 0, "upLast30days": 0, "downLast30days": 0, "downLast90days": {}}}, {"maxAge": 1, "period": "+5y", "endDate": null, "growth": {}, "earningsEstimate": {"avg": {}, "low": {}, "high": {}, "yearAgoEps": {}, "numberOfAnalysts": {}, "growth": {}}, "revenueEstimate": {"avg": {}, "low": {}, "high": {}, "numberOfAnalysts": {}, "yearAgoRevenue": {}, "growth": {}}, "epsTrend": {"current": {}, "7daysAgo": {}, "30daysAgo": {}, "60daysAgo": {}, "90daysAgo": {}}, "epsRevisions": {"upLast7days": {}, "upLast30days": {}, "downLast30days": {}, "downLast90days": {}}}, {"maxAge": 1, "period": "-5y", "endDate": null, "growth": {}, "earningsEstimate": {"avg": {}, "low": {}, "high": {}, "yearAgoEps": {}, "numberOfAnalysts": {}, "growth": {}}, "revenueEstimate": {"avg": {}, "low": {}, "high": {}, "numberOfAnalysts": {}, "yearAgoRevenue": {}, "growth": {}}, "epsTrend": {"current": {}, "7daysAgo": {}, "30daysAgo": {}, "60daysAgo": {}, "90daysAgo": {}}, "epsRevisions": {"upLast7days": {}, "upLast30days": {}, "downLast30days": {}, "downLast90days": {}}}], "maxAge": 1}, "financialData": {"maxAge": 86400, "currentPrice": 6.69, "recommendationMean": 2.0, "recommendationKey": "buy", "grossProfits": 121248000, "financialCurrency": "INR"}}}