{"NHPC.BO": {"recommendationTrend": {"trend": [{"period": "0m", "strongBuy": 0, "buy": 0, "hold": 0, "sell": 0, "strongSell": 0}, {"period": "-1m", "strongBuy": 0, "buy": 0, "hold": 0, "sell": 0, "strongSell": 0}, {"period": "-2m", "strongBuy": 0, "buy": 0, "hold": 0, "sell": 0, "strongSell": 0}, {"period": "-3m", "strongBuy": 0, "buy": 0, "hold": 0, "sell": 0, "strongSell": 0}], "maxAge": 86400}, "cashflowStatementHistory": {"cashflowStatements": [{"maxAge": 1, "endDate": "2020-03-31", "netIncome": 28746100000, "depreciation": 16140400000, "changeToNetincome": 8013800000, "changeToAccountReceivables": -16557500000, "changeToLiabilities": 0, "changeToInventory": -16900000, "changeToOperatingActivities": -3820000000, "totalCashFromOperatingActivities": 32518700000, "capitalExpenditures": -36317400000, "investments": 1129000000, "otherCashflowsFromInvestingActivities": 2719200000, "totalCashflowsFromInvestingActivities": -32464000000, "dividendsPaid": -19387000000, "netBorrowings": 42392100000, "otherCashflowsFromFinancingActivities": -22888500000, "totalCashFromFinancingActivities": 116600000, "changeInCash": 171300000}, {"maxAge": 1, "endDate": "2019-03-31", "netIncome": 25956100000, "depreciation": 16579600000, "changeToNetincome": 4960900000, "changeToAccountReceivables": -19516200000, "changeToLiabilities": 0, "changeToInventory": -206300000, "changeToOperatingActivities": 10457800000, "totalCashFromOperatingActivities": 38242100000, "capitalExpenditures": -13602000000, "investments": -1354600000, "otherCashflowsFromInvestingActivities": 3124600000, "totalCashflowsFromInvestingActivities": -11822800000, "dividendsPaid": -10004700000, "netBorrowings": 7108400000, "otherCashflowsFromFinancingActivities": -17413900000, "totalCashFromFinancingActivities": -26372200000, "changeInCash": 47000000, "repurchaseOfStock": -6062000000}, {"maxAge": 1, "endDate": "2018-03-31", "netIncome": 25139000000, "depreciation": 14687200000, "changeToNetincome": 763800000, "changeToAccountReceivables": 8501500000, "changeToLiabilities": 0, "changeToInventory": -40800000, "changeToOperatingActivities": -2094900000, "totalCashFromOperatingActivities": 46961200000, "capitalExpenditures": -15635000000, "investments": 2606200000, "otherCashflowsFromInvestingActivities": 4166600000, "totalCashflowsFromInvestingActivities": -8862200000, "dividendsPaid": -12516400000, "netBorrowings": -5008900000, "otherCashflowsFromFinancingActivities": -21104000000, "totalCashFromFinancingActivities": -38629300000, "changeInCash": -530300000, "repurchaseOfStock": -6062000000}, {"maxAge": 1, "endDate": "2017-03-31", "netIncome": 30294200000, "depreciation": 14617500000, "changeToNetincome": 5527800000, "changeToAccountReceivables": -1674500000, "changeToLiabilities": 2365900000, "changeToInventory": -84100000, "changeToOperatingActivities": 32241100000, "totalCashFromOperatingActivities": 83291600000, "capitalExpenditures": -15869900000, "investments": -6320800000, "otherCashflowsFromInvestingActivities": 3545900000, "totalCashflowsFromInvestingActivities": -18644800000, "dividendsPaid": -25241300000, "netBorrowings": -5338700000, "otherCashflowsFromFinancingActivities": -21277000000, "totalCashFromFinancingActivities": -78116300000, "changeInCash": -13469500000, "repurchaseOfStock": -26259300000}], "maxAge": 86400}, "institutionOwnership": {"ownershipList": [], "maxAge": 1}, "balanceSheetHistoryQuarterly": {"balanceSheetStatements": [{"maxAge": 1, "endDate": "2020-06-30", "totalStockholderEquity": 313706100000, "netTangibleAssets": 313698900000}, {"maxAge": 1, "endDate": "2020-03-31", "cash": 421700000, "shortTermInvestments": 12640100000, "netReceivables": 74274300000, "inventory": 1266200000, "otherCurrentAssets": 5708600000, "totalCurrentAssets": 95724400000, "longTermInvestments": 17924100000, "propertyPlantEquipment": 415770500000, "intangibleAssets": 7200000, "otherAssets": 184023400000, "totalAssets": 713449600000, "accountsPayable": 3166600000, "shortLongTermDebt": 16169500000, "otherCurrentLiab": 25873000000, "longTermDebt": 228958600000, "otherLiab": 75272400000, "deferredLongTermLiab": 73445900000, "minorityInterest": 27638800000, "totalCurrentLiabilities": 67742300000, "totalLiab": 372104700000, "commonStock": 100450300000, "retainedEarnings": 170041700000, "treasuryStock": 43214100000, "otherStockholderEquity": 43214100000, "totalStockholderEquity": 313706100000, "netTangibleAssets": 313698900000}, {"maxAge": 1, "endDate": "2019-12-31", "totalStockholderEquity": 320541300000, "netTangibleAssets": 320532100000}, {"maxAge": 1, "endDate": "2019-09-30", "cash": 29561700000, "shortTermInvestments": 29622400000, "netReceivables": 37454900000, "inventory": 1312700000, "otherCurrentAssets": 2948200000, "totalCurrentAssets": 100899900000, "longTermInvestments": 88768000000, "propertyPlantEquipment": 399066200000, "intangibleAssets": 9200000, "otherAssets": 109758100000, "totalAssets": 698501400000, "accountsPayable": 2959800000, "otherCurrentLiab": 62201700000, "longTermDebt": 197468200000, "otherLiab": 80276800000, "deferredLongTermLiab": 72578200000, "minorityInterest": 28053700000, "totalCurrentLiabilities": 72161400000, "totalLiab": 349906400000, "commonStock": 100450300000, "treasuryStock": 220091000000, "otherStockholderEquity": 220091000000, "totalStockholderEquity": 320541300000, "netTangibleAssets": 320532100000}], "maxAge": 86400}, "earningsHistory": {"history": [{"maxAge": 1, "epsActual": 0.67, "epsEstimate": 0.2, "epsDifference": 0.47, "surprisePercent": 2.35, "quarter": "2017-12-31", "period": "-4q"}, {"maxAge": 1, "epsActual": 0.18, "epsEstimate": 0.1, "epsDifference": 0.08, "surprisePercent": 0.8, "quarter": "2018-03-31", "period": "-3q"}, {"maxAge": 1, "epsActual": 0.72, "epsEstimate": 0.55, "epsDifference": 0.17, "surprisePercent": 0.309, "quarter": "2018-06-30", "period": "-2q"}, {"maxAge": 1, "epsActual": 1.13, "epsEstimate": 0.85, "epsDifference": 0.28, "surprisePercent": 0.32900003, "quarter": "2018-09-30", "period": "-1q"}], "maxAge": 86400}, "indexTrend": {"maxAge": 1, "symbol": "SP5", "peRatio": 19.7411, "pegRatio": 1.34172, "estimates": [{"period": "0q", "growth": 0.549}, {"period": "+1q", "growth": 0.431}, {"period": "0y", "growth": 0.305}, {"period": "+1y", "growth": 0.109}, {"period": "+5y", "growth": 0.120865}, {"period": "-5y"}]}, "industryTrend": {"maxAge": 1, "symbol": null, "estimates": []}, "insiderTransactions": {"transactions": [{"maxAge": 1, "shares": 217158119, "filerUrl": "", "transactionText": "", "filerName": "President of India", "filerRelation": "Promoter", "moneyText": "", "startDate": "2020-02-03", "ownership": "D"}, {"maxAge": 1, "shares": 150000, "filerUrl": "", "transactionText": "", "filerName": "Shekhar (Vanita)", "filerRelation": "UNREPORTED", "moneyText": "", "startDate": "2019-11-14", "ownership": "D"}, {"maxAge": 1, "shares": 50000, "filerUrl": "", "transactionText": "", "filerName": "Shekhar (Himanshu)", "filerRelation": "UNREPORTED", "moneyText": "", "startDate": "2019-11-14", "ownership": "D"}, {"maxAge": 1, "shares": 22034198, "filerUrl": "", "transactionText": "", "filerName": "President of India", "filerRelation": "Promoter", "moneyText": "", "startDate": "2019-10-10", "ownership": "D"}, {"maxAge": 1, "shares": 25000, "filerUrl": "", "transactionText": "", "filerName": "Shekhar (Vanita)", "filerRelation": "UNREPORTED", "moneyText": "", "startDate": "2019-08-13", "ownership": "D"}, {"maxAge": 1, "shares": 25000, "filerUrl": "", "transactionText": "", "filerName": "Shekhar (Himanshu)", "filerRelation": "UNREPORTED", "moneyText": "", "startDate": "2019-08-13", "ownership": "D"}, {"maxAge": 1, "shares": 49889622, "filerUrl": "", "transactionText": "", "filerName": "President of India", "filerRelation": "Promoter", "moneyText": "", "startDate": "2019-02-21", "ownership": "D"}, {"maxAge": 1, "shares": 142271903, "filerUrl": "", "transactionText": "", "filerName": "President of India", "filerRelation": "Promoter", "moneyText": "", "startDate": "2019-01-22", "ownership": "D"}, {"maxAge": 1, "shares": 29354564, "filerUrl": "", "transactionText": "", "filerName": "Govt of India", "filerRelation": "Promoter", "moneyText": "", "startDate": "2018-06-22", "ownership": "D"}, {"maxAge": 1, "shares": 40000, "filerUrl": "", "transactionText": "", "filerName": "Garg (Shiv Kumar)", "filerRelation": "Chairman of the Board", "moneyText": "", "startDate": "2009-08-26", "ownership": "D"}], "maxAge": 1}, "quoteType": {"exchange": "BSE", "quoteType": "EQUITY", "symbol": "NHPC.BO", "underlyingSymbol": "NHPC.BO", "shortName": "NHPC LTD.", "longName": "NHPC Limited", "firstTradeDateEpochUtc": "2009-09-01 09:15:00", "timeZoneFullName": "Asia/Kolkata", "timeZoneShortName": "IST", "uuid": "51985a2b-aa31-30c4-891c-acb3106b4db3", "gmtOffSetMilliseconds": 19800000, "maxAge": 1}, "incomeStatementHistory": {"incomeStatementHistory": [{"maxAge": 1, "endDate": "2020-03-31", "totalRevenue": 100080700000, "costOfRevenue": 11383100000, "grossProfit": 88697600000, "researchDevelopment": {}, "sellingGeneralAdministrative": 17024100000, "nonRecurring": {}, "otherOperatingExpenses": 14910200000, "totalOperatingExpenses": 59457800000, "operatingIncome": 40622900000, "totalOtherIncomeExpenseNet": -4470700000, "ebit": 40622900000, "interestExpense": -8228200000, "incomeBeforeTax": 36152200000, "incomeTaxExpense": 2905000000, "minorityInterest": 27638800000, "netIncomeFromContinuingOps": 33247200000, "discontinuedOperations": {}, "extraordinaryItems": {}, "effectOfAccountingCharges": {}, "otherItems": {}, "netIncome": 28746100000, "netIncomeApplicableToCommonShares": 28746100000}, {"maxAge": 1, "endDate": "2019-03-31", "totalRevenue": 89828700000, "costOfRevenue": 8152200000, "grossProfit": 81676500000, "researchDevelopment": {}, "sellingGeneralAdministrative": 18499300000, "nonRecurring": {}, "otherOperatingExpenses": 12425600000, "totalOperatingExpenses": 55656700000, "operatingIncome": 34172000000, "totalOtherIncomeExpenseNet": 7422100000, "ebit": 34172000000, "interestExpense": -8700000000, "incomeBeforeTax": 41594100000, "incomeTaxExpense": 13236200000, "minorityInterest": 28684700000, "netIncomeFromContinuingOps": 28357900000, "discontinuedOperations": {}, "extraordinaryItems": {}, "effectOfAccountingCharges": {}, "otherItems": {}, "netIncome": 25956100000, "netIncomeApplicableToCommonShares": 25956100000}, {"maxAge": 1, "endDate": "2018-03-31", "totalRevenue": 77554300000, "costOfRevenue": 7213700000, "grossProfit": 70340600000, "researchDevelopment": {}, "sellingGeneralAdministrative": 17032100000, "nonRecurring": {}, "otherOperatingExpenses": 10483800000, "totalOperatingExpenses": 49416800000, "operatingIncome": 28137500000, "totalOtherIncomeExpenseNet": 2258400000, "ebit": 28137500000, "interestExpense": -8886300000, "incomeBeforeTax": 30395900000, "incomeTaxExpense": 2548900000, "minorityInterest": 29349100000, "netIncomeFromContinuingOps": 27847000000, "discontinuedOperations": {}, "extraordinaryItems": {}, "effectOfAccountingCharges": {}, "otherItems": {}, "netIncome": 25139000000, "netIncomeApplicableToCommonShares": 25139000000}, {"maxAge": 1, "endDate": "2017-03-31", "totalRevenue": 86231300000, "costOfRevenue": 7739200000, "grossProfit": 78492100000, "researchDevelopment": {}, "sellingGeneralAdministrative": 17202100000, "nonRecurring": {}, "otherOperatingExpenses": 11870200000, "totalOperatingExpenses": 51429000000, "operatingIncome": 34802300000, "totalOtherIncomeExpenseNet": 10545100000, "ebit": 34802300000, "interestExpense": -10914300000, "incomeBeforeTax": 45347400000, "incomeTaxExpense": 10544100000, "minorityInterest": 33822400000, "netIncomeFromContinuingOps": 34803300000, "discontinuedOperations": {}, "extraordinaryItems": {}, "effectOfAccountingCharges": {}, "otherItems": {}, "netIncome": 30294200000, "netIncomeApplicableToCommonShares": 30294200000}], "maxAge": 86400}, "fundOwnership": {"ownershipList": [{"maxAge": 1, "reportDate": "2020-07-31", "organization": "Vanguard International Stock Index-Total Intl Stock Indx", "pctHeld": 0.0041, "position": 41326454, "value": 840993338}, {"maxAge": 1, "reportDate": "2020-07-31", "organization": "Vanguard International Stock Index-Emerging Markets Stk", "pctHeld": 0.0031, "position": 31167985, "value": 634268494}, {"maxAge": 1, "reportDate": "2020-07-31", "organization": "DFA Emerging Markets Core Equity Portfolio", "pctHeld": 0.001, "position": 10060957, "value": 204740474}, {"maxAge": 1, "reportDate": "2020-08-31", "organization": "WisdomTree Tr-Wisdom Tree Emerging Markets High Dividend  Fd", "pctHeld": 0.00059999997, "position": 5766964, "value": 125143118}, {"maxAge": 1, "reportDate": "2020-07-31", "organization": "Vanguard Intl Equity Index Fds-FTSE All World ex U.S. Index Fund", "pctHeld": 0.0004, "position": 4095961, "value": 83352806}, {"maxAge": 1, "reportDate": "2020-08-31", "organization": "WisdomTree Tr-WisdomTree India Earnings Fd", "pctHeld": 0.00029999999, "position": 3315653, "value": 71949670}, {"maxAge": 1, "reportDate": "2020-05-31", "organization": "Schwab Strategic Tr-Schwab Emerging Markets Equity ETF", "pctHeld": 0.00029999999, "position": 2886826, "value": 56726130}, {"maxAge": 1, "reportDate": "2020-07-31", "organization": "DFA Emerging Markets Series", "pctHeld": 0.0002, "position": 2421823, "value": 49284098}, {"maxAge": 1, "reportDate": "2020-06-30", "organization": "Parametric Tax-Managed Emerging Markets Fund", "pctHeld": 0.0002, "position": 1887800, "value": 37756000}, {"maxAge": 1, "reportDate": "2020-07-31", "organization": "Vanguard Intl Equity Index - Total World Stock Index Fd", "pctHeld": 0.0001, "position": 856556, "value": 17430914}], "maxAge": 1}, "summaryDetail": {"maxAge": 1, "priceHint": 2, "previousClose": 24.35, "open": 24.35, "dayLow": 24.15, "dayHigh": 24.45, "regularMarketPreviousClose": 24.35, "regularMarketOpen": 24.35, "regularMarketDayLow": 24.15, "regularMarketDayHigh": 24.45, "trailingPE": 8.978156, "forwardPE": 8.508772, "volume": 118477, "regularMarketVolume": 118477, "averageVolume": 806441, "averageVolume10days": 422777, "averageDailyVolume10Day": 422777, "bid": 0.0, "ask": 24.35, "bidSize": 0, "askSize": 0, "marketCap": 243591249920, "yield": {}, "ytdReturn": {}, "totalAssets": {}, "expireDate": {}, "strikePrice": {}, "openInterest": {}, "fiftyTwoWeekLow": 15.15, "fiftyTwoWeekHigh": 25.5, "priceToSalesTrailing12Months": {}, "fiftyDayAverage": 23.766666, "twoHundredDayAverage": 21.512867, "trailingAnnualDividendRate": 1.5, "trailingAnnualDividendYield": 0.061601643, "navPrice": {}, "currency": "INR", "fromCurrency": null, "lastMarket": null, "volume24Hr": {}, "volumeAllCurrencies": {}, "circulatingSupply": {}, "algorithm": null, "maxSupply": {}, "startDate": {}, "tradeable": false}, "sectorTrend": {"maxAge": 1, "symbol": null, "estimates": []}, "incomeStatementHistoryQuarterly": {"incomeStatementHistory": [{"maxAge": 1, "endDate": "2020-06-30", "totalRevenue": 27794800000, "costOfRevenue": 4984400000, "grossProfit": 22810400000, "researchDevelopment": {}, "sellingGeneralAdministrative": 3602400000, "nonRecurring": {}, "otherOperatingExpenses": 3203200000, "totalOperatingExpenses": 15264700000, "operatingIncome": 12530100000, "totalOtherIncomeExpenseNet": -1625200000, "ebit": 12530100000, "interestExpense": -1467500000, "incomeBeforeTax": 10904900000, "incomeTaxExpense": 2350000000, "minorityInterest": {}, "netIncomeFromContinuingOps": 8554900000, "discontinuedOperations": {}, "extraordinaryItems": {}, "effectOfAccountingCharges": {}, "otherItems": {}, "netIncome": 7722000000, "netIncomeApplicableToCommonShares": 7722000000}, {"maxAge": 1, "endDate": "2020-03-31", "totalRevenue": 21704100000, "costOfRevenue": 3174000000, "grossProfit": 18530100000, "researchDevelopment": {}, "sellingGeneralAdministrative": 4512400000, "nonRecurring": {}, "otherOperatingExpenses": 5078800000, "totalOperatingExpenses": 16795300000, "operatingIncome": 4908800000, "totalOtherIncomeExpenseNet": -290300000, "ebit": 4908800000, "interestExpense": -1783700000, "incomeBeforeTax": 4618500000, "incomeTaxExpense": 2232100000, "minorityInterest": 27638800000, "netIncomeFromContinuingOps": 2386400000, "discontinuedOperations": {}, "extraordinaryItems": {}, "effectOfAccountingCharges": {}, "otherItems": {}, "netIncome": 1472100000, "netIncomeApplicableToCommonShares": 1472100000}, {"maxAge": 1, "endDate": "2019-12-31", "totalRevenue": 21592900000, "costOfRevenue": 1989200000, "grossProfit": 19603700000, "researchDevelopment": {}, "sellingGeneralAdministrative": 4424800000, "nonRecurring": {}, "otherOperatingExpenses": 3091100000, "totalOperatingExpenses": 13550100000, "operatingIncome": 8042800000, "totalOtherIncomeExpenseNet": -6471000000, "ebit": 8042800000, "interestExpense": -1556900000, "incomeBeforeTax": 1571800000, "incomeTaxExpense": -4819500000, "minorityInterest": 27638800000, "netIncomeFromContinuingOps": 6391300000, "discontinuedOperations": {}, "extraordinaryItems": {}, "effectOfAccountingCharges": {}, "otherItems": {}, "netIncome": 5101300000, "netIncomeApplicableToCommonShares": 5101300000}, {"maxAge": 1, "endDate": "2019-09-30", "totalRevenue": 30684200000, "costOfRevenue": 3344100000, "grossProfit": 27340100000, "researchDevelopment": {}, "sellingGeneralAdministrative": 4159800000, "nonRecurring": {}, "otherOperatingExpenses": 3733400000, "totalOperatingExpenses": 15268700000, "operatingIncome": 15415500000, "totalOtherIncomeExpenseNet": 1055000000, "ebit": 15415500000, "interestExpense": -2521200000, "incomeBeforeTax": 16470500000, "incomeTaxExpense": 1893700000, "minorityInterest": 28053700000, "netIncomeFromContinuingOps": 14576800000, "discontinuedOperations": {}, "extraordinaryItems": {}, "effectOfAccountingCharges": {}, "otherItems": {}, "netIncome": 12863800000, "netIncomeApplicableToCommonShares": 12863800000}], "maxAge": 86400}, "cashflowStatementHistoryQuarterly": {"cashflowStatements": [{"maxAge": 1, "endDate": "2020-06-30", "netIncome": 7722000000, "changeToLiabilities": 0}, {"maxAge": 1, "endDate": "2020-03-31", "netIncome": 1472100000, "changeToLiabilities": 0}, {"maxAge": 1, "endDate": "2019-12-31", "netIncome": 5101300000, "changeToLiabilities": 0}, {"maxAge": 1, "endDate": "2019-09-30", "netIncome": 12863800000, "changeToLiabilities": 0}], "maxAge": 86400}, "insiderHolders": {"holders": [{"maxAge": 1, "name": "Garg (Shiv Kumar)", "relation": "Chairman of the Board", "url": "", "transactionDescription": "Sale", "latestTransDate": "2009-08-26", "positionDirect": 10050, "positionDirectDate": "2009-08-26"}, {"maxAge": 1, "name": "Govt of India", "relation": "Promoter", "url": "", "transactionDescription": "Other", "latestTransDate": "2018-06-22", "positionDirect": 7558126518, "positionDirectDate": "2018-06-22"}, {"maxAge": 1, "name": "President of India", "relation": "Promoter", "url": "", "transactionDescription": "Sale", "latestTransDate": "2020-02-03", "positionDirect": 7126772676, "positionDirectDate": "2020-02-03"}, {"maxAge": 1, "name": "Shekhar (Himanshu)", "relation": "UNREPORTED", "url": "", "transactionDescription": "Acquisition", "latestTransDate": "2019-11-14", "positionDirect": 100000, "positionDirectDate": "2019-11-14"}, {"maxAge": 1, "name": "Shekhar (Vanita)", "relation": "UNREPORTED", "url": "", "transactionDescription": "Acquisition", "latestTransDate": "2019-11-14", "positionDirect": 400000, "positionDirectDate": "2019-11-14"}], "maxAge": 1}, "earnings": {"maxAge": 86400, "earningsChart": {"quarterly": [{"date": "4Q2017", "actual": 0.67, "estimate": 0.2}, {"date": "1Q2018", "actual": 0.18, "estimate": 0.1}, {"date": "2Q2018", "actual": 0.72, "estimate": 0.55}, {"date": "3Q2018", "actual": 1.13, "estimate": 0.85}], "currentQuarterEstimateDate": "4Q", "currentQuarterEstimateYear": 2018, "earningsDate": ["2020-09-01 05:30:S"]}, "financialsChart": {"yearly": [{"date": 2017, "revenue": 86231300000, "earnings": 30294200000}, {"date": 2018, "revenue": 77554300000, "earnings": 25139000000}, {"date": 2019, "revenue": 89828700000, "earnings": 25956100000}, {"date": 2020, "revenue": 100080700000, "earnings": 28746100000}], "quarterly": [{"date": "3Q2019", "revenue": 30684200000, "earnings": 12863800000}, {"date": "4Q2019", "revenue": 21592900000, "earnings": 5101300000}, {"date": "1Q2020", "revenue": 21704100000, "earnings": 1472100000}, {"date": "2Q2020", "revenue": 27794800000, "earnings": 7722000000}]}, "financialCurrency": "INR"}, "calendarEvents": {"maxAge": 1, "earnings": {"earningsDate": ["2020-09-01 05:30:S"], "revenueAverage": 20951000000, "revenueLow": 20951000000, "revenueHigh": 20951000000}}, "upgradeDowngradeHistory": {"history": [], "maxAge": 86400}, "price": {"maxAge": 1, "regularMarketChangePercent": -0.0041067917, "regularMarketChange": -0.10000038, "regularMarketTime": "2021-04-30 15:59:19", "priceHint": 2, "regularMarketPrice": 24.25, "regularMarketDayHigh": 24.45, "regularMarketDayLow": 24.15, "regularMarketVolume": 118477, "averageDailyVolume10Day": 422777, "averageDailyVolume3Month": 806441, "regularMarketPreviousClose": 24.35, "regularMarketSource": "FREE_REALTIME", "regularMarketOpen": 24.35, "exchange": "BSE", "exchangeName": "BSE", "exchangeDataDelayedBy": 0, "marketState": "CLOSED", "quoteType": "EQUITY", "symbol": "NHPC.BO", "underlyingSymbol": null, "shortName": "NHPC LTD.", "longName": "NHPC Limited", "currency": "INR", "quoteSourceName": "Delayed Quote", "currencySymbol": "\u20b9", "fromCurrency": null, "lastMarket": null, "marketCap": 243591249920}, "balanceSheetHistory": {"balanceSheetStatements": [{"maxAge": 1, "endDate": "2020-03-31", "cash": 421700000, "shortTermInvestments": 12640100000, "netReceivables": 74274300000, "inventory": 1266200000, "otherCurrentAssets": 5708600000, "totalCurrentAssets": 95724400000, "longTermInvestments": 17924100000, "propertyPlantEquipment": 415770500000, "intangibleAssets": 7200000, "otherAssets": 184023400000, "totalAssets": 713449600000, "accountsPayable": 3166600000, "shortLongTermDebt": 16169500000, "otherCurrentLiab": 25873000000, "longTermDebt": 228958600000, "otherLiab": 75272400000, "deferredLongTermLiab": 73445900000, "minorityInterest": 27638800000, "totalCurrentLiabilities": 67742300000, "totalLiab": 372104700000, "commonStock": 100450300000, "retainedEarnings": 170041700000, "treasuryStock": 43214100000, "otherStockholderEquity": 43214100000, "totalStockholderEquity": 313706100000, "netTangibleAssets": 313698900000}, {"maxAge": 1, "endDate": "2019-03-31", "cash": 250400000, "shortTermInvestments": 18237300000, "netReceivables": 53068200000, "inventory": 1251800000, "otherCurrentAssets": 6018300000, "totalCurrentAssets": 79849200000, "longTermInvestments": 13601700000, "propertyPlantEquipment": 381530400000, "intangibleAssets": 18559000000, "otherAssets": 173714200000, "totalAssets": 667254500000, "accountsPayable": 1962700000, "shortLongTermDebt": 16051600000, "otherCurrentLiab": 22001600000, "longTermDebt": 190618300000, "otherLiab": 77959200000, "deferredLongTermLiab": 71100500000, "minorityInterest": 28684700000, "totalCurrentLiabilities": 62014200000, "totalLiab": 330591700000, "commonStock": 100450300000, "retainedEarnings": 161973400000, "treasuryStock": 45554400000, "otherStockholderEquity": 45554400000, "totalStockholderEquity": 307978100000, "netTangibleAssets": 289419100000}, {"maxAge": 1, "endDate": "2018-03-31", "cash": 205400000, "shortTermInvestments": 29319700000, "netReceivables": 30468200000, "inventory": 1046800000, "otherCurrentAssets": 6252200000, "totalCurrentAssets": 68131000000, "longTermInvestments": 11599100000, "propertyPlantEquipment": 383644700000, "intangibleAssets": 19186900000, "otherAssets": 146675600000, "totalAssets": 629237300000, "accountsPayable": 2001000000, "shortLongTermDebt": 15939100000, "otherCurrentLiab": 22353600000, "longTermDebt": 167282000000, "otherLiab": 71575800000, "deferredLongTermLiab": 62687400000, "minorityInterest": 29349100000, "totalCurrentLiabilities": 60618500000, "totalLiab": 299476300000, "commonStock": 102593200000, "retainedEarnings": 152476000000, "treasuryStock": 42914600000, "capitalSurplus": 2428100000, "otherStockholderEquity": 42914600000, "totalStockholderEquity": 300411900000, "netTangibleAssets": 281225000000}, {"maxAge": 1, "endDate": "2017-03-31", "cash": 735700000, "shortTermInvestments": 30448300000, "netReceivables": 42672200000, "inventory": 1008000000, "otherCurrentAssets": 7858100000, "totalCurrentAssets": 83286300000, "longTermInvestments": 14337500000, "propertyPlantEquipment": 378260300000, "intangibleAssets": 19842000000, "otherAssets": 106045200000, "totalAssets": 601771300000, "accountsPayable": 1575900000, "shortLongTermDebt": 16785900000, "otherCurrentLiab": 21001300000, "longTermDebt": 172456400000, "otherLiab": 49746700000, "deferredLongTermLiab": 31057800000, "minorityInterest": 33822400000, "totalCurrentLiabilities": 55597600000, "totalLiab": 277800700000, "commonStock": 102593200000, "retainedEarnings": 147272400000, "treasuryStock": 37854500000, "capitalSurplus": 2428100000, "otherStockholderEquity": 37854500000, "totalStockholderEquity": 290148200000, "netTangibleAssets": 270306200000}], "maxAge": 86400}, "earningsTrend": {"trend": [{"maxAge": 1, "period": "0q", "endDate": "2018-12-31", "growth": {}, "earningsEstimate": {"avg": 0.0, "low": 0.0, "high": 0.0, "yearAgoEps": 0.67, "numberOfAnalysts": 0, "growth": {}}, "revenueEstimate": {"avg": 20951000000, "low": 20951000000, "high": 20951000000, "numberOfAnalysts": 1, "yearAgoRevenue": 14979300000, "growth": 0.39900002}, "epsTrend": {"current": 0.0, "7daysAgo": 0.68, "30daysAgo": 0.68, "60daysAgo": 0.68, "90daysAgo": 0.68}, "epsRevisions": {"upLast7days": 0, "upLast30days": 0, "downLast30days": 0, "downLast90days": {}}}, {"maxAge": 1, "period": "+1q", "endDate": "2019-03-31", "growth": {}, "earningsEstimate": {"avg": 0.0, "low": 0.0, "high": 0.0, "yearAgoEps": 0.18, "numberOfAnalysts": 0, "growth": {}}, "revenueEstimate": {"avg": 14580000000, "low": 14580000000, "high": 14580000000, "numberOfAnalysts": 1, "yearAgoRevenue": 11369000000, "growth": 0.282}, "epsTrend": {"current": 0.0, "7daysAgo": 0.13, "30daysAgo": 0.13, "60daysAgo": 0.13, "90daysAgo": 0.13}, "epsRevisions": {"upLast7days": 0, "upLast30days": 0, "downLast30days": 0, "downLast90days": {}}}, {"maxAge": 1, "period": "0y", "endDate": "2019-03-31", "growth": {}, "earningsEstimate": {"avg": 0.0, "low": 0.0, "high": 0.0, "yearAgoEps": {}, "numberOfAnalysts": 0, "growth": {}}, "revenueEstimate": {"avg": 87239500000, "low": 72903000000, "high": 94125700000, "numberOfAnalysts": 6, "yearAgoRevenue": 69340300000, "growth": 0.258}, "epsTrend": {"current": 0.0, "7daysAgo": 2.86, "30daysAgo": 2.86, "60daysAgo": 2.86, "90daysAgo": 2.86}, "epsRevisions": {"upLast7days": 0, "upLast30days": 0, "downLast30days": 0, "downLast90days": {}}}, {"maxAge": 1, "period": "+1y", "endDate": "2020-03-31", "growth": {}, "earningsEstimate": {"avg": 0.0, "low": 0.0, "high": 0.0, "yearAgoEps": {}, "numberOfAnalysts": 0, "growth": {}}, "revenueEstimate": {"avg": 93280300000, "low": 77468000000, "high": 107873000000, "numberOfAnalysts": 6, "yearAgoRevenue": 87239500000, "growth": 0.069}, "epsTrend": {"current": 0.0, "7daysAgo": 2.94, "30daysAgo": 2.94, "60daysAgo": 2.94, "90daysAgo": 2.94}, "epsRevisions": {"upLast7days": 0, "upLast30days": 0, "downLast30days": 0, "downLast90days": {}}}, {"maxAge": 1, "period": "+5y", "endDate": null, "growth": 0.075500004, "earningsEstimate": {"avg": {}, "low": {}, "high": {}, "yearAgoEps": {}, "numberOfAnalysts": {}, "growth": {}}, "revenueEstimate": {"avg": {}, "low": {}, "high": {}, "numberOfAnalysts": {}, "yearAgoRevenue": {}, "growth": {}}, "epsTrend": {"current": {}, "7daysAgo": {}, "30daysAgo": {}, "60daysAgo": {}, "90daysAgo": {}}, "epsRevisions": {"upLast7days": {}, "upLast30days": {}, "downLast30days": {}, "downLast90days": {}}}, {"maxAge": 1, "period": "-5y", "endDate": null, "growth": {}, "earningsEstimate": {"avg": {}, "low": {}, "high": {}, "yearAgoEps": {}, "numberOfAnalysts": {}, "growth": {}}, "revenueEstimate": {"avg": {}, "low": {}, "high": {}, "numberOfAnalysts": {}, "yearAgoRevenue": {}, "growth": {}}, "epsTrend": {"current": {}, "7daysAgo": {}, "30daysAgo": {}, "60daysAgo": {}, "90daysAgo": {}}, "epsRevisions": {"upLast7days": {}, "upLast30days": {}, "downLast30days": {}, "downLast90days": {}}}], "maxAge": 1}, "financialData": {"maxAge": 86400, "currentPrice": 24.25, "targetHighPrice": 33.0, "targetLowPrice": 25.0, "targetMeanPrice": 29.04, "targetMedianPrice": 30.0, "recommendationKey": "none", "numberOfAnalystOpinions": 8, "grossProfits": 88697600000, "financialCurrency": "INR"}}}