{"NHPC.NS": {"assetProfile": {"address1": "NHPC Office Complex", "address2": "Sector-33", "city": "Faridabad", "zip": "121003", "country": "India", "phone": "91 12 9258 8500", "fax": "91 12 9227 8018", "website": "http://www.nhpcindia.com", "industry": "Utilities\u2014Renewable", "sector": "Utilities", "longBusinessSummary": "NHPC Limited, together with its subsidiaries, generates and sells electricity in India. The company generates electricity through hydro, wind, and solar power stations. It owns and operates 24 power stations with an installed capacity of 7,072 megawatts. The company also offers consultancy services, such as survey and investigation, planning, design and engineering, construction, operation and maintenance, renovation, and modernization and uprating of hydro power projects, as well as other associated works to clients in public and private sectors. In addition, it provides project management and construction contract services, as well as trades in power. The company sells electricity to bulk customers that include electricity utilities owned by state governments/private distribution companies. The company was formerly known as National Hydroelectric Power Corporation Ltd. NHPC Limited was founded in 1975 and is based in Faridabad, India.", "fullTimeEmployees": 6131, "companyOfficers": [{"maxAge": 1, "name": "Mr. Abhay Kumar Singh", "age": 58, "title": "Chairman & MD", "yearBorn": 1962, "fiscalYear": 2020, "totalPay": 7885698, "exercisedValue": 0, "unexercisedValue": 0}, {"maxAge": 1, "name": "Mr. Nikhil Kumar Jain", "age": 58, "title": "Director of Personnel & Director", "yearBorn": 1962, "fiscalYear": 2020, "totalPay": 8192999, "exercisedValue": 0, "unexercisedValue": 0}, {"maxAge": 1, "name": "Mr. Rajendra Prasad Goyal", "title": "CFO, Director of Fin. & Director", "exercisedValue": 0, "unexercisedValue": 0}, {"maxAge": 1, "name": "Mr. Yamuna Kumar Chaubey", "age": 57, "title": "Director of Technical & Director", "yearBorn": 1963, "exercisedValue": 0, "unexercisedValue": 0}, {"maxAge": 1, "name": "Mr. Anuj  Kapoor", "title": "Chief Investor Relations Officer & GM of Fin.", "exercisedValue": 0, "unexercisedValue": 0}, {"maxAge": 1, "name": "Mr. Saurabh  Chakravorty", "age": 32, "title": "Company Sec. & Compliance Officer", "yearBorn": 1988, "exercisedValue": 0, "unexercisedValue": 0}, {"maxAge": 1, "name": "Jatinder Nath Maggo", "title": "Gen. Mang. of PR", "exercisedValue": 0, "unexercisedValue": 0}, {"maxAge": 1, "name": "Mr. A. K. Gupta", "age": 64, "title": "Chief Engineer of Electrical - O&M", "yearBorn": 1956, "exercisedValue": 0, "unexercisedValue": 0}, {"maxAge": 1, "name": "Rajbir  Singh", "title": "Chief of Rajbhasha", "exercisedValue": 0, "unexercisedValue": 0}, {"maxAge": 1, "name": "Mr. Vijay  Kumar", "title": "Exec. Director of Fin. & Chief Internal Auditor", "exercisedValue": 0, "unexercisedValue": 0}], "compensationAsOfEpochDate": "2020-12-31 05:30:00", "maxAge": 86400}, "recommendationTrend": {"trend": [{"period": "0m", "strongBuy": 0, "buy": 0, "hold": 0, "sell": 0, "strongSell": 0}, {"period": "-1m", "strongBuy": 0, "buy": 2, "hold": 3, "sell": 2, "strongSell": 0}, {"period": "-2m", "strongBuy": 0, "buy": 2, "hold": 3, "sell": 2, "strongSell": 0}, {"period": "-3m", "strongBuy": 0, "buy": 2, "hold": 3, "sell": 2, "strongSell": 0}], "maxAge": 86400}, "cashflowStatementHistory": {"cashflowStatements": [{"maxAge": 1, "endDate": "2020-03-31", "netIncome": 28746100000, "depreciation": 16140400000, "changeToNetincome": 8013800000, "changeToAccountReceivables": -16557500000, "changeToLiabilities": 0, "changeToInventory": -16900000, "changeToOperatingActivities": -3820000000, "totalCashFromOperatingActivities": 32518700000, "capitalExpenditures": -36317400000, "investments": 1129000000, "otherCashflowsFromInvestingActivities": 2719200000, "totalCashflowsFromInvestingActivities": -32464000000, "dividendsPaid": -19387000000, "netBorrowings": 42392100000, "otherCashflowsFromFinancingActivities": -22888500000, "totalCashFromFinancingActivities": 116600000, "changeInCash": 171300000}, {"maxAge": 1, "endDate": "2019-03-31", "netIncome": 25956100000, "depreciation": 16579600000, "changeToNetincome": 4960900000, "changeToAccountReceivables": -19516200000, "changeToLiabilities": 0, "changeToInventory": -206300000, "changeToOperatingActivities": 10457800000, "totalCashFromOperatingActivities": 38242100000, "capitalExpenditures": -13602000000, "investments": -1354600000, "otherCashflowsFromInvestingActivities": 3124600000, "totalCashflowsFromInvestingActivities": -11822800000, "dividendsPaid": -10004700000, "netBorrowings": 7108400000, "otherCashflowsFromFinancingActivities": -17413900000, "totalCashFromFinancingActivities": -26372200000, "changeInCash": 47000000, "repurchaseOfStock": -6062000000}, {"maxAge": 1, "endDate": "2018-03-31", "netIncome": 25139000000, "depreciation": 14687200000, "changeToNetincome": 763800000, "changeToAccountReceivables": 8501500000, "changeToLiabilities": 0, "changeToInventory": -40800000, "changeToOperatingActivities": -2094900000, "totalCashFromOperatingActivities": 46961200000, "capitalExpenditures": -15635000000, "investments": 2606200000, "otherCashflowsFromInvestingActivities": 4166600000, "totalCashflowsFromInvestingActivities": -8862200000, "dividendsPaid": -12516400000, "netBorrowings": -5008900000, "otherCashflowsFromFinancingActivities": -21104000000, "totalCashFromFinancingActivities": -38629300000, "changeInCash": -530300000, "repurchaseOfStock": -6062000000}, {"maxAge": 1, "endDate": "2017-03-31", "netIncome": 30294200000, "depreciation": 14617500000, "changeToNetincome": 5527800000, "changeToAccountReceivables": -1674500000, "changeToLiabilities": 2365900000, "changeToInventory": -84100000, "changeToOperatingActivities": 32241100000, "totalCashFromOperatingActivities": 83291600000, "capitalExpenditures": -15869900000, "investments": -6320800000, "otherCashflowsFromInvestingActivities": 3545900000, "totalCashflowsFromInvestingActivities": -18644800000, "dividendsPaid": -25241300000, "netBorrowings": -5338700000, "otherCashflowsFromFinancingActivities": -21277000000, "totalCashFromFinancingActivities": -78116300000, "changeInCash": -13469500000, "repurchaseOfStock": -26259300000}], "maxAge": 86400}, "indexTrend": {"maxAge": 1, "symbol": "SP5", "peRatio": 19.7411, "pegRatio": 1.34172, "estimates": [{"period": "0q", "growth": 0.549}, {"period": "+1q", "growth": 0.431}, {"period": "0y", "growth": 0.305}, {"period": "+1y", "growth": 0.109}, {"period": "+5y", "growth": 0.120865}, {"period": "-5y"}]}, "defaultKeyStatistics": {"maxAge": 1, "priceHint": 2, "enterpriseValue": 243278888960, "forwardPE": 7.415902, "profitMargins": 0.29157, "floatShares": 2901962490, "sharesOutstanding": 10044999680, "heldPercentInsiders": 0.75061, "heldPercentInstitutions": 0.18149, "beta": 0.228414, "category": null, "bookValue": 31.23, "priceToBook": 0.77649695, "fundFamily": null, "legalType": null, "lastFiscalYearEnd": "2020-03-31 05:30:00", "nextFiscalYearEnd": "2022-03-31 05:30:00", "mostRecentQuarter": "2020-12-31 05:30:00", "earningsQuarterlyGrowth": 0.704, "netIncomeToCommon": 29766600704, "trailingEps": 2.962, "forwardEps": 2.85, "pegRatio": 0.84, "lastSplitFactor": null, "enterpriseToRevenue": 2.383, "enterpriseToEbitda": 4.257}, "industryTrend": {"maxAge": 1, "symbol": null, "estimates": []}, "quoteType": {"exchange": "NSI", "quoteType": "EQUITY", "symbol": "NHPC.NS", "underlyingSymbol": "NHPC.NS", "shortName": "NHPC LTD", "longName": "NHPC Limited", "firstTradeDateEpochUtc": "2009-09-01 09:15:00", "timeZoneFullName": "Asia/Kolkata", "timeZoneShortName": "IST", "uuid": "0460f389-28d5-3026-8cc9-46adae28cc20", "gmtOffSetMilliseconds": 19800000, "maxAge": 1}, "incomeStatementHistory": {"incomeStatementHistory": [{"maxAge": 1, "endDate": "2020-03-31", "totalRevenue": 100080700000, "costOfRevenue": 11383100000, "grossProfit": 88697600000, "researchDevelopment": {}, "sellingGeneralAdministrative": 17024100000, "nonRecurring": {}, "otherOperatingExpenses": 14910200000, "totalOperatingExpenses": 59457800000, "operatingIncome": 40622900000, "totalOtherIncomeExpenseNet": -4470700000, "ebit": 40622900000, "interestExpense": -8228200000, "incomeBeforeTax": 36152200000, "incomeTaxExpense": 2905000000, "minorityInterest": 27638800000, "netIncomeFromContinuingOps": 33247200000, "discontinuedOperations": {}, "extraordinaryItems": {}, "effectOfAccountingCharges": {}, "otherItems": {}, "netIncome": 28746100000, "netIncomeApplicableToCommonShares": 28746100000}, {"maxAge": 1, "endDate": "2019-03-31", "totalRevenue": 89828700000, "costOfRevenue": 8152200000, "grossProfit": 81676500000, "researchDevelopment": {}, "sellingGeneralAdministrative": 18499300000, "nonRecurring": {}, "otherOperatingExpenses": 12425600000, "totalOperatingExpenses": 55656700000, "operatingIncome": 34172000000, "totalOtherIncomeExpenseNet": 7422100000, "ebit": 34172000000, "interestExpense": -8700000000, "incomeBeforeTax": 41594100000, "incomeTaxExpense": 13236200000, "minorityInterest": 28684700000, "netIncomeFromContinuingOps": 28357900000, "discontinuedOperations": {}, "extraordinaryItems": {}, "effectOfAccountingCharges": {}, "otherItems": {}, "netIncome": 25956100000, "netIncomeApplicableToCommonShares": 25956100000}, {"maxAge": 1, "endDate": "2018-03-31", "totalRevenue": 77554300000, "costOfRevenue": 7213700000, "grossProfit": 70340600000, "researchDevelopment": {}, "sellingGeneralAdministrative": 17032100000, "nonRecurring": {}, "otherOperatingExpenses": 10483800000, "totalOperatingExpenses": 49416800000, "operatingIncome": 28137500000, "totalOtherIncomeExpenseNet": 2258400000, "ebit": 28137500000, "interestExpense": -8886300000, "incomeBeforeTax": 30395900000, "incomeTaxExpense": 2548900000, "minorityInterest": 29349100000, "netIncomeFromContinuingOps": 27847000000, "discontinuedOperations": {}, "extraordinaryItems": {}, "effectOfAccountingCharges": {}, "otherItems": {}, "netIncome": 25139000000, "netIncomeApplicableToCommonShares": 25139000000}, {"maxAge": 1, "endDate": "2017-03-31", "totalRevenue": 86231300000, "costOfRevenue": 7739200000, "grossProfit": 78492100000, "researchDevelopment": {}, "sellingGeneralAdministrative": 17202100000, "nonRecurring": {}, "otherOperatingExpenses": 11870200000, "totalOperatingExpenses": 51429000000, "operatingIncome": 34802300000, "totalOtherIncomeExpenseNet": 10545100000, "ebit": 34802300000, "interestExpense": -10914300000, "incomeBeforeTax": 45347400000, "incomeTaxExpense": 10544100000, "minorityInterest": 33822400000, "netIncomeFromContinuingOps": 34803300000, "discontinuedOperations": {}, "extraordinaryItems": {}, "effectOfAccountingCharges": {}, "otherItems": {}, "netIncome": 30294200000, "netIncomeApplicableToCommonShares": 30294200000}], "maxAge": 86400}, "fundOwnership": {"ownershipList": [{"maxAge": 1, "reportDate": "2021-01-31", "organization": "Vanguard International Stock Index-Total Intl Stock Indx", "pctHeld": 0.0034, "position": 34317450, "value": 823618800}, {"maxAge": 1, "reportDate": "2021-01-31", "organization": "Vanguard International Stock Index-Emerging Markets Stk", "pctHeld": 0.0031, "position": 31582945, "value": 757990680}, {"maxAge": 1, "reportDate": "2021-01-31", "organization": "DFA Emerging Markets Core Equity Portfolio", "pctHeld": 0.001, "position": 10060957, "value": 241462968}, {"maxAge": 1, "reportDate": "2021-02-28", "organization": "WisdomTree Tr-Wisdom Tree Emerging Markets High Dividend  Fd", "pctHeld": 0.0007, "position": 7210803, "value": 174140892}, {"maxAge": 1, "reportDate": "2021-02-28", "organization": "WisdomTree Tr-WisdomTree India Earnings Fd", "pctHeld": 0.00059999997, "position": 6109776, "value": 147551090}, {"maxAge": 1, "reportDate": "2021-01-31", "organization": "Vanguard Intl Equity Index Fds-FTSE All World ex U.S. Index Fund", "pctHeld": 0.0004, "position": 4095961, "value": 98303064}, {"maxAge": 1, "reportDate": "2021-02-28", "organization": "Schwab Strategic Tr-Schwab Emerging Markets Equity ETF", "pctHeld": 0.00029999999, "position": 2752344, "value": 66469107}, {"maxAge": 1, "reportDate": "2021-01-31", "organization": "DFA Emerging Markets Small Cap Series", "pctHeld": 0.0002, "position": 1867991, "value": 44831784}, {"maxAge": 1, "reportDate": "2021-01-31", "organization": "Vanguard Intl Equity Index - Total World Stock Index Fd", "pctHeld": 0.0001, "position": 1145792, "value": 27499008}, {"maxAge": 1, "reportDate": "2020-12-31", "organization": "PIMCO Equity Series-PIMCO RAE Emerging Markets Fd", "pctHeld": 0.0001, "position": 784142, "value": 17760816}], "maxAge": 1}, "summaryDetail": {"maxAge": 1, "priceHint": 2, "previousClose": 24.35, "open": 24.2, "dayLow": 24.05, "dayHigh": 24.45, "regularMarketPreviousClose": 24.35, "regularMarketOpen": 24.2, "regularMarketDayLow": 24.05, "regularMarketDayHigh": 24.45, "dividendRate": 2.5, "dividendYield": 0.1027, "exDividendDate": "2021-02-22 05:30:00", "payoutRatio": 0.48150003, "fiveYearAvgDividendYield": 6.27, "beta": 0.228414, "trailingPE": 8.1870365, "forwardPE": 8.508772, "volume": 1464246, "regularMarketVolume": 1464246, "averageVolume": 8233372, "averageVolume10days": 7433687, "averageDailyVolume10Day": 7433687, "bid": 0.0, "ask": 0.0, "bidSize": 0, "askSize": 0, "marketCap": 243591249920, "fiftyTwoWeekLow": 19.4, "fiftyTwoWeekHigh": 26.65, "priceToSalesTrailing12Months": 2.3860137, "fiftyDayAverage": 24.607353, "twoHundredDayAverage": 22.613476, "trailingAnnualDividendRate": 1.57, "trailingAnnualDividendYield": 0.064476386, "currency": "INR", "fromCurrency": null, "lastMarket": null, "algorithm": null, "tradeable": false}, "insiderHolders": {"holders": [{"maxAge": 1, "name": "Garg (Shiv Kumar)", "relation": "Chairman of the Board", "url": "", "transactionDescription": "Sale", "latestTransDate": "2009-08-26", "positionDirect": 10050, "positionDirectDate": "2009-08-26"}, {"maxAge": 1, "name": "Govt of India", "relation": "Promoter", "url": "", "transactionDescription": "Other", "latestTransDate": "2018-06-22", "positionDirect": 7558126518, "positionDirectDate": "2018-06-22"}, {"maxAge": 1, "name": "President of India", "relation": "Promoter", "url": "", "transactionDescription": "Sale", "latestTransDate": "2020-02-03", "positionDirect": 7126772676, "positionDirectDate": "2020-02-03"}, {"maxAge": 1, "name": "Shekhar (Himanshu)", "relation": "UNREPORTED", "url": "", "transactionDescription": "Acquisition", "latestTransDate": "2019-11-14", "positionDirect": 100000, "positionDirectDate": "2019-11-14"}, {"maxAge": 1, "name": "Shekhar (Vanita)", "relation": "UNREPORTED", "url": "", "transactionDescription": "Acquisition", "latestTransDate": "2019-11-14", "positionDirect": 400000, "positionDirectDate": "2019-11-14"}], "maxAge": 1}, "calendarEvents": {"maxAge": 1, "earnings": {"earningsDate": [], "earningsAverage": 0.6, "earningsLow": 0.6, "earningsHigh": 0.6, "revenueAverage": 21001000000, "revenueLow": 21001000000, "revenueHigh": 21001000000}, "exDividendDate": "2021-02-22 05:30:00"}, "upgradeDowngradeHistory": {"history": [], "maxAge": 86400}, "price": {"maxAge": 1, "regularMarketChangePercent": -0.0041067917, "regularMarketChange": -0.10000038, "regularMarketTime": "2021-04-30 15:29:54", "priceHint": 2, "regularMarketPrice": 24.25, "regularMarketDayHigh": 24.45, "regularMarketDayLow": 24.05, "regularMarketVolume": 1464246, "averageDailyVolume10Day": 7433687, "averageDailyVolume3Month": 8233372, "regularMarketPreviousClose": 24.35, "regularMarketSource": "FREE_REALTIME", "regularMarketOpen": 24.2, "exchange": "NSI", "exchangeName": "NSE", "exchangeDataDelayedBy": 15, "marketState": "CLOSED", "quoteType": "EQUITY", "symbol": "NHPC.NS", "underlyingSymbol": null, "shortName": "NHPC LTD", "longName": "NHPC Limited", "currency": "INR", "quoteSourceName": "Delayed Quote", "currencySymbol": "\u20b9", "fromCurrency": null, "lastMarket": null, "marketCap": 243591249920}, "balanceSheetHistory": {"balanceSheetStatements": [{"maxAge": 1, "endDate": "2020-03-31", "cash": 421700000, "shortTermInvestments": 12640100000, "netReceivables": 74274300000, "inventory": 1266200000, "otherCurrentAssets": 5708600000, "totalCurrentAssets": 95724400000, "longTermInvestments": 17924100000, "propertyPlantEquipment": 415770500000, "intangibleAssets": 7200000, "otherAssets": 184023400000, "totalAssets": 713449600000, "accountsPayable": 3166600000, "shortLongTermDebt": 16169500000, "otherCurrentLiab": 25873000000, "longTermDebt": 228958600000, "otherLiab": 75272400000, "deferredLongTermLiab": 73445900000, "minorityInterest": 27638800000, "totalCurrentLiabilities": 67742300000, "totalLiab": 372104700000, "commonStock": 100450300000, "retainedEarnings": 170041700000, "treasuryStock": 43214100000, "otherStockholderEquity": 43214100000, "totalStockholderEquity": 313706100000, "netTangibleAssets": 313698900000}, {"maxAge": 1, "endDate": "2019-03-31", "cash": 250400000, "shortTermInvestments": 18237300000, "netReceivables": 53068200000, "inventory": 1251800000, "otherCurrentAssets": 6018300000, "totalCurrentAssets": 79849200000, "longTermInvestments": 13601700000, "propertyPlantEquipment": 381530400000, "intangibleAssets": 18559000000, "otherAssets": 173714200000, "totalAssets": 667254500000, "accountsPayable": 1962700000, "shortLongTermDebt": 16051600000, "otherCurrentLiab": 22001600000, "longTermDebt": 190618300000, "otherLiab": 77959200000, "deferredLongTermLiab": 71100500000, "minorityInterest": 28684700000, "totalCurrentLiabilities": 62014200000, "totalLiab": 330591700000, "commonStock": 100450300000, "retainedEarnings": 161973400000, "treasuryStock": 45554400000, "otherStockholderEquity": 45554400000, "totalStockholderEquity": 307978100000, "netTangibleAssets": 289419100000}, {"maxAge": 1, "endDate": "2018-03-31", "cash": 205400000, "shortTermInvestments": 29319700000, "netReceivables": 30468200000, "inventory": 1046800000, "otherCurrentAssets": 6252200000, "totalCurrentAssets": 68131000000, "longTermInvestments": 11599100000, "propertyPlantEquipment": 383644700000, "intangibleAssets": 19186900000, "otherAssets": 146675600000, "totalAssets": 629237300000, "accountsPayable": 2001000000, "shortLongTermDebt": 15939100000, "otherCurrentLiab": 22353600000, "longTermDebt": 167282000000, "otherLiab": 71575800000, "deferredLongTermLiab": 62687400000, "minorityInterest": 29349100000, "totalCurrentLiabilities": 60618500000, "totalLiab": 299476300000, "commonStock": 102593200000, "retainedEarnings": 152476000000, "treasuryStock": 42914600000, "capitalSurplus": 2428100000, "otherStockholderEquity": 42914600000, "totalStockholderEquity": 300411900000, "netTangibleAssets": 281225000000}, {"maxAge": 1, "endDate": "2017-03-31", "cash": 735700000, "shortTermInvestments": 30448300000, "netReceivables": 42672200000, "inventory": 1008000000, "otherCurrentAssets": 7858100000, "totalCurrentAssets": 83286300000, "longTermInvestments": 14337500000, "propertyPlantEquipment": 378260300000, "intangibleAssets": 19842000000, "otherAssets": 106045200000, "totalAssets": 601771300000, "accountsPayable": 1575900000, "shortLongTermDebt": 16785900000, "otherCurrentLiab": 21001300000, "longTermDebt": 172456400000, "otherLiab": 49746700000, "deferredLongTermLiab": 31057800000, "minorityInterest": 33822400000, "totalCurrentLiabilities": 55597600000, "totalLiab": 277800700000, "commonStock": 102593200000, "retainedEarnings": 147272400000, "treasuryStock": 37854500000, "capitalSurplus": 2428100000, "otherStockholderEquity": 37854500000, "totalStockholderEquity": 290148200000, "netTangibleAssets": 270306200000}], "maxAge": 86400}, "earningsTrend": {"trend": [{"maxAge": 1, "period": "0q", "endDate": "2018-06-30", "growth": -0.286, "earningsEstimate": {"avg": 0.6, "low": 0.6, "high": 0.6, "yearAgoEps": 0.84, "numberOfAnalysts": 1, "growth": -0.286}, "revenueEstimate": {"avg": 21001000000, "low": 21001000000, "high": 21001000000, "numberOfAnalysts": 1, "yearAgoRevenue": 23257800000, "growth": -0.096999995}, "epsTrend": {"current": 0.6, "7daysAgo": 0.85, "30daysAgo": 0.85, "60daysAgo": 0.0, "90daysAgo": 0.0}, "epsRevisions": {"upLast7days": 0, "upLast30days": 0, "downLast30days": 0, "downLast90days": {}}}, {"maxAge": 1, "period": "+1q", "endDate": "2018-09-30", "growth": -0.061, "earningsEstimate": {"avg": 0.93, "low": 0.93, "high": 0.93, "yearAgoEps": 0.99, "numberOfAnalysts": 1, "growth": -0.061}, "revenueEstimate": {"avg": 32338100000, "low": 32338100000, "high": 32338100000, "numberOfAnalysts": 1, "yearAgoRevenue": 19714200000, "growth": 0.64}, "epsTrend": {"current": 0.93, "7daysAgo": 0.93, "30daysAgo": 0.93, "60daysAgo": 0.0, "90daysAgo": 0.0}, "epsRevisions": {"upLast7days": 0, "upLast30days": 0, "downLast30days": 0, "downLast90days": {}}}, {"maxAge": 1, "period": "0y", "endDate": "2019-03-31", "growth": 0.055999998, "earningsEstimate": {"avg": 2.84, "low": 2.51, "high": 3.0, "yearAgoEps": 2.69, "numberOfAnalysts": 3, "growth": 0.055999998}, "revenueEstimate": {"avg": 84532000000, "low": 72903000000, "high": 98155000000, "numberOfAnalysts": 3, "yearAgoRevenue": 69340300000, "growth": 0.219}, "epsTrend": {"current": 2.84, "7daysAgo": 2.84, "30daysAgo": 2.84, "60daysAgo": 2.81, "90daysAgo": 2.8}, "epsRevisions": {"upLast7days": 0, "upLast30days": 0, "downLast30days": 0, "downLast90days": {}}}, {"maxAge": 1, "period": "+1y", "endDate": "2020-03-31", "growth": 0.15100001, "earningsEstimate": {"avg": 3.27, "low": 2.71, "high": 4.0, "yearAgoEps": 2.84, "numberOfAnalysts": 3, "growth": 0.15100001}, "revenueEstimate": {"avg": 93135300000, "low": 77468000000, "high": 112882000000, "numberOfAnalysts": 3, "yearAgoRevenue": 84532000000, "growth": 0.102}, "epsTrend": {"current": 3.27, "7daysAgo": 3.27, "30daysAgo": 3.27, "60daysAgo": 3.3, "90daysAgo": 3.3}, "epsRevisions": {"upLast7days": 0, "upLast30days": 0, "downLast30days": 0, "downLast90days": {}}}, {"maxAge": 1, "period": "+5y", "endDate": null, "growth": 0.0996, "earningsEstimate": {"avg": {}, "low": {}, "high": {}, "yearAgoEps": {}, "numberOfAnalysts": {}, "growth": {}}, "revenueEstimate": {"avg": {}, "low": {}, "high": {}, "numberOfAnalysts": {}, "yearAgoRevenue": {}, "growth": {}}, "epsTrend": {"current": {}, "7daysAgo": {}, "30daysAgo": {}, "60daysAgo": {}, "90daysAgo": {}}, "epsRevisions": {"upLast7days": {}, "upLast30days": {}, "downLast30days": {}, "downLast90days": {}}}, {"maxAge": 1, "period": "-5y", "endDate": null, "growth": 0.109060004, "earningsEstimate": {"avg": {}, "low": {}, "high": {}, "yearAgoEps": {}, "numberOfAnalysts": {}, "growth": {}}, "revenueEstimate": {"avg": {}, "low": {}, "high": {}, "numberOfAnalysts": {}, "yearAgoRevenue": {}, "growth": {}}, "epsTrend": {"current": {}, "7daysAgo": {}, "30daysAgo": {}, "60daysAgo": {}, "90daysAgo": {}}, "epsRevisions": {"upLast7days": {}, "upLast30days": {}, "downLast30days": {}, "downLast90days": {}}}], "maxAge": 1}, "institutionOwnership": {"ownershipList": [], "maxAge": 1}, "majorHoldersBreakdown": {"maxAge": 1, "insidersPercentHeld": 0.75061, "institutionsPercentHeld": 0.18149, "institutionsFloatPercentHeld": 0.72773004, "institutionsCount": 55}, "balanceSheetHistoryQuarterly": {"balanceSheetStatements": [{"maxAge": 1, "endDate": "2020-12-31"}, {"maxAge": 1, "endDate": "2020-06-30", "totalStockholderEquity": 313706100000, "netTangibleAssets": 313698900000}, {"maxAge": 1, "endDate": "2020-03-31", "cash": 421700000, "shortTermInvestments": 12640100000, "netReceivables": 74274300000, "inventory": 1266200000, "otherCurrentAssets": 5708600000, "totalCurrentAssets": 95724400000, "longTermInvestments": 17924100000, "propertyPlantEquipment": 415770500000, "intangibleAssets": 7200000, "otherAssets": 184023400000, "totalAssets": 713449600000, "accountsPayable": 3166600000, "shortLongTermDebt": 16169500000, "otherCurrentLiab": 25873000000, "longTermDebt": 228958600000, "otherLiab": 75272400000, "deferredLongTermLiab": 73445900000, "minorityInterest": 27638800000, "totalCurrentLiabilities": 67742300000, "totalLiab": 372104700000, "commonStock": 100450300000, "retainedEarnings": 170041700000, "treasuryStock": 43214100000, "otherStockholderEquity": 43214100000, "totalStockholderEquity": 313706100000, "netTangibleAssets": 313698900000}, {"maxAge": 1, "endDate": "2019-12-31", "totalStockholderEquity": 320541300000, "netTangibleAssets": 320532100000}], "maxAge": 86400}, "earningsHistory": {"history": [{"maxAge": 1, "epsActual": 0.84, "epsEstimate": 0.8, "epsDifference": 0.04, "surprisePercent": 0.05, "quarter": "2017-06-30", "period": "-4q"}, {"maxAge": 1, "epsActual": 0.99, "epsEstimate": 0.95, "epsDifference": 0.04, "surprisePercent": 0.042, "quarter": "2017-09-30", "period": "-3q"}, {"maxAge": 1, "epsActual": 0.67, "epsEstimate": 0.2, "epsDifference": 0.47, "surprisePercent": 2.35, "quarter": "2017-12-31", "period": "-2q"}, {"maxAge": 1, "epsActual": 0.18, "epsEstimate": 0.1, "epsDifference": 0.08, "surprisePercent": 0.8, "quarter": "2018-03-31", "period": "-1q"}], "maxAge": 86400}, "summaryProfile": {"address1": "NHPC Office Complex", "address2": "Sector-33", "city": "Faridabad", "zip": "121003", "country": "India", "phone": "91 12 9258 8500", "fax": "91 12 9227 8018", "website": "http://www.nhpcindia.com", "industry": "Utilities\u2014Renewable", "sector": "Utilities", "longBusinessSummary": "NHPC Limited, together with its subsidiaries, generates and sells electricity in India. The company generates electricity through hydro, wind, and solar power stations. It owns and operates 24 power stations with an installed capacity of 7,072 megawatts. The company also offers consultancy services, such as survey and investigation, planning, design and engineering, construction, operation and maintenance, renovation, and modernization and uprating of hydro power projects, as well as other associated works to clients in public and private sectors. In addition, it provides project management and construction contract services, as well as trades in power. The company sells electricity to bulk customers that include electricity utilities owned by state governments/private distribution companies. The company was formerly known as National Hydroelectric Power Corporation Ltd. NHPC Limited was founded in 1975 and is based in Faridabad, India.", "fullTimeEmployees": 6131, "companyOfficers": [], "maxAge": 86400}, "netSharePurchaseActivity": {"maxAge": 1, "period": "6m", "buyInfoCount": 0, "buyInfoShares": 0, "sellInfoCount": 0, "netInfoCount": 0, "netInfoShares": 0, "netPercentInsiderShares": 0.0, "totalInsiderShares": 7499283968}, "insiderTransactions": {"transactions": [{"maxAge": 1, "shares": 217158119, "filerUrl": "", "transactionText": "", "filerName": "President of India", "filerRelation": "Promoter", "moneyText": "", "startDate": "2020-02-03", "ownership": "D"}, {"maxAge": 1, "shares": 50000, "filerUrl": "", "transactionText": "", "filerName": "Shekhar (Himanshu)", "filerRelation": "UNREPORTED", "moneyText": "", "startDate": "2019-11-14", "ownership": "D"}, {"maxAge": 1, "shares": 150000, "filerUrl": "", "transactionText": "", "filerName": "Shekhar (Vanita)", "filerRelation": "UNREPORTED", "moneyText": "", "startDate": "2019-11-14", "ownership": "D"}, {"maxAge": 1, "shares": 22034198, "filerUrl": "", "transactionText": "", "filerName": "President of India", "filerRelation": "Promoter", "moneyText": "", "startDate": "2019-10-10", "ownership": "D"}, {"maxAge": 1, "shares": 25000, "filerUrl": "", "transactionText": "", "filerName": "Shekhar (Himanshu)", "filerRelation": "UNREPORTED", "moneyText": "", "startDate": "2019-08-13", "ownership": "D"}, {"maxAge": 1, "shares": 25000, "filerUrl": "", "transactionText": "", "filerName": "Shekhar (Vanita)", "filerRelation": "UNREPORTED", "moneyText": "", "startDate": "2019-08-13", "ownership": "D"}, {"maxAge": 1, "shares": 49889622, "filerUrl": "", "transactionText": "", "filerName": "President of India", "filerRelation": "Promoter", "moneyText": "", "startDate": "2019-02-21", "ownership": "D"}, {"maxAge": 1, "shares": 142271903, "filerUrl": "", "transactionText": "", "filerName": "President of India", "filerRelation": "Promoter", "moneyText": "", "startDate": "2019-01-22", "ownership": "D"}, {"maxAge": 1, "shares": 29354564, "filerUrl": "", "transactionText": "", "filerName": "Govt of India", "filerRelation": "Promoter", "moneyText": "", "startDate": "2018-06-22", "ownership": "D"}, {"maxAge": 1, "shares": 40000, "filerUrl": "", "transactionText": "", "filerName": "Garg (Shiv Kumar)", "filerRelation": "Chairman of the Board", "moneyText": "", "startDate": "2009-08-26", "ownership": "D"}], "maxAge": 1}, "sectorTrend": {"maxAge": 1, "symbol": null, "estimates": []}, "incomeStatementHistoryQuarterly": {"incomeStatementHistory": [{"maxAge": 1, "endDate": "2020-12-31", "totalRevenue": 23596800000, "costOfRevenue": 1199100000, "grossProfit": 22397700000, "researchDevelopment": {}, "sellingGeneralAdministrative": 4164800000, "nonRecurring": {}, "otherOperatingExpenses": 4590800000, "totalOperatingExpenses": 13480000000, "operatingIncome": 10116800000, "totalOtherIncomeExpenseNet": -2077500000, "ebit": 10116800000, "interestExpense": -1417900000, "incomeBeforeTax": 8039300000, "incomeTaxExpense": -1577100000, "minorityInterest": {}, "netIncomeFromContinuingOps": 9616400000, "discontinuedOperations": {}, "extraordinaryItems": {}, "effectOfAccountingCharges": {}, "otherItems": {}, "netIncome": 8692100000, "netIncomeApplicableToCommonShares": 8692100000}, {"maxAge": 1, "endDate": "2020-06-30", "totalRevenue": 27794800000, "costOfRevenue": 4984400000, "grossProfit": 22810400000, "researchDevelopment": {}, "sellingGeneralAdministrative": 3602400000, "nonRecurring": {}, "otherOperatingExpenses": 3203200000, "totalOperatingExpenses": 15264700000, "operatingIncome": 12530100000, "totalOtherIncomeExpenseNet": -1625200000, "ebit": 12530100000, "interestExpense": -1467500000, "incomeBeforeTax": 10904900000, "incomeTaxExpense": 2350000000, "minorityInterest": {}, "netIncomeFromContinuingOps": 8554900000, "discontinuedOperations": {}, "extraordinaryItems": {}, "effectOfAccountingCharges": {}, "otherItems": {}, "netIncome": 7722000000, "netIncomeApplicableToCommonShares": 7722000000}, {"maxAge": 1, "endDate": "2020-03-31", "totalRevenue": 21704100000, "costOfRevenue": 3174000000, "grossProfit": 18530100000, "researchDevelopment": {}, "sellingGeneralAdministrative": 4512400000, "nonRecurring": {}, "otherOperatingExpenses": 5078800000, "totalOperatingExpenses": 16795300000, "operatingIncome": 4908800000, "totalOtherIncomeExpenseNet": -290300000, "ebit": 4908800000, "interestExpense": -1783700000, "incomeBeforeTax": 4618500000, "incomeTaxExpense": 2232100000, "minorityInterest": 27638800000, "netIncomeFromContinuingOps": 2386400000, "discontinuedOperations": {}, "extraordinaryItems": {}, "effectOfAccountingCharges": {}, "otherItems": {}, "netIncome": 1472100000, "netIncomeApplicableToCommonShares": 1472100000}, {"maxAge": 1, "endDate": "2019-12-31", "totalRevenue": 21592900000, "costOfRevenue": 1989200000, "grossProfit": 19603700000, "researchDevelopment": {}, "sellingGeneralAdministrative": 4424800000, "nonRecurring": {}, "otherOperatingExpenses": 3091100000, "totalOperatingExpenses": 13550100000, "operatingIncome": 8042800000, "totalOtherIncomeExpenseNet": -6471000000, "ebit": 8042800000, "interestExpense": -1556900000, "incomeBeforeTax": 1571800000, "incomeTaxExpense": -4819500000, "minorityInterest": 27638800000, "netIncomeFromContinuingOps": 6391300000, "discontinuedOperations": {}, "extraordinaryItems": {}, "effectOfAccountingCharges": {}, "otherItems": {}, "netIncome": 5101300000, "netIncomeApplicableToCommonShares": 5101300000}], "maxAge": 86400}, "cashflowStatementHistoryQuarterly": {"cashflowStatements": [{"maxAge": 1, "endDate": "2020-12-31", "netIncome": 8692100000, "changeToLiabilities": 0}, {"maxAge": 1, "endDate": "2020-06-30", "netIncome": 7722000000, "changeToLiabilities": 0}, {"maxAge": 1, "endDate": "2020-03-31", "netIncome": 1472100000, "changeToLiabilities": 0}, {"maxAge": 1, "endDate": "2019-12-31", "netIncome": 5101300000, "changeToLiabilities": 0}], "maxAge": 86400}, "earnings": {"maxAge": 86400, "earningsChart": {"quarterly": [{"date": "2Q2017", "actual": 0.84, "estimate": 0.8}, {"date": "3Q2017", "actual": 0.99, "estimate": 0.95}, {"date": "4Q2017", "actual": 0.67, "estimate": 0.2}, {"date": "1Q2018", "actual": 0.18, "estimate": 0.1}], "currentQuarterEstimate": 0.6, "currentQuarterEstimateDate": "2Q", "currentQuarterEstimateYear": 2018, "earningsDate": []}, "financialsChart": {"yearly": [{"date": 2017, "revenue": 86231300000, "earnings": 30294200000}, {"date": 2018, "revenue": 77554300000, "earnings": 25139000000}, {"date": 2019, "revenue": 89828700000, "earnings": 25956100000}, {"date": 2020, "revenue": 100080700000, "earnings": 28746100000}], "quarterly": [{"date": "4Q2019", "revenue": 21592900000, "earnings": 5101300000}, {"date": "1Q2020", "revenue": 21704100000, "earnings": 1472100000}, {"date": "2Q2020", "revenue": 27794800000, "earnings": 7722000000}, {"date": "4Q2020", "revenue": 23596800000, "earnings": 8692100000}]}, "financialCurrency": "INR"}, "financialData": {"maxAge": 86400, "currentPrice": 24.25, "targetHighPrice": 36.0, "targetLowPrice": 23.65, "targetMeanPrice": 30.21, "targetMedianPrice": 30.0, "recommendationMean": 2.0, "recommendationKey": "buy", "numberOfAnalystOpinions": 8, "ebitda": 57145798656, "totalRevenue": 102091300864, "revenuePerShare": 10.159, "grossProfits": 88697600000, "earningsGrowth": 0.706, "revenueGrowth": 0.093, "grossMargins": 0.87706, "ebitdaMargins": 0.55974996, "operatingMargins": 0.41946, "profitMargins": 0.29157, "financialCurrency": "INR"}}}