{"NIACL.NS": {"assetProfile": {"address1": "New India Assurance Building", "address2": "87, M.G. Road Fort", "city": "Mumbai", "zip": "400001", "country": "India", "phone": "91 22 2270 8263", "fax": "91 22 2265 2811", "website": "http://www.newindia.co.in", "industry": "Insurance\u2014Diversified", "sector": "Financial Services", "longBusinessSummary": "The New India Assurance Company Limited, together with its subsidiaries, operates as a general insurance company in India and internationally. The company provides marine cargo and hull, motor, health, travel, home and contents, customized business and SME products, other personal, industrial, rural, machinery, aviation, liability, fire and burglary, crop, personal accident, and property insurance products. It also offers reinsurance products. The company was founded in 1919 and is headquartered in Mumbai, India.", "fullTimeEmployees": 16500, "companyOfficers": [{"maxAge": 1, "name": "Mr. Philip  Scott", "age": 63, "title": "Chief Underwriter - London", "yearBorn": 1957, "exercisedValue": 0, "unexercisedValue": 0}, {"maxAge": 1, "name": "James  Day", "age": 57, "title": "Chief Underwriter (Treaty)", "yearBorn": 1963, "exercisedValue": 0, "unexercisedValue": 0}, {"maxAge": 1, "name": "Mr. Atul  Sahai", "age": 58, "title": "Chairman & MD", "yearBorn": 1962, "fiscalYear": 2019, "totalPay": 2817187, "exercisedValue": 0, "unexercisedValue": 0}, {"maxAge": 1, "name": "Mr. Titus Francis Maliakkel", "title": "Chief of Investor Relation Officer, Deputy GM & CFO", "exercisedValue": 0, "unexercisedValue": 0}, {"maxAge": 1, "name": "Mr. Elankumaran  Ramasamy", "age": 56, "title": "Chief Operating Officer", "yearBorn": 1964, "fiscalYear": 2016, "exercisedValue": 0, "unexercisedValue": 0}, {"maxAge": 1, "name": "Mr. Rajesh  Dua", "title": "Chief Investment Officer & Chief Mang.", "exercisedValue": 0, "unexercisedValue": 0}, {"maxAge": 1, "name": "Ms. Jayashree  Nair", "age": 49, "title": "Company Sec. & Chief Compliance Officer", "yearBorn": 1971, "exercisedValue": 0, "unexercisedValue": 0}, {"maxAge": 1, "name": "Dr. Balla  Swamy", "title": "GM, Director & CMO", "exercisedValue": 0, "unexercisedValue": 0}, {"maxAge": 1, "name": "Ms. Gouri Rajan Dinakaran", "title": "GM & Chief Risk Officer", "exercisedValue": 0, "unexercisedValue": 0}, {"maxAge": 1, "name": "Mr. Ashok Kumar Pradhan M.Sc.", "age": 58, "title": "Chief Vigilance Officer", "yearBorn": 1962, "exercisedValue": 0, "unexercisedValue": 0}], "compensationAsOfEpochDate": "2019-12-31 05:30:00", "maxAge": 86400}, "recommendationTrend": {"trend": [{"period": "0m", "strongBuy": 0, "buy": 0, "hold": 0, "sell": 0, "strongSell": 0}, {"period": "-1m", "strongBuy": 0, "buy": 0, "hold": 0, "sell": 0, "strongSell": 0}, {"period": "-2m", "strongBuy": 0, "buy": 0, "hold": 0, "sell": 0, "strongSell": 0}, {"period": "-3m", "strongBuy": 0, "buy": 0, "hold": 0, "sell": 0, "strongSell": 0}], "maxAge": 86400}, "cashflowStatementHistory": {"cashflowStatements": [{"maxAge": 1, "endDate": "2020-03-31", "netIncome": 14422460000, "depreciation": 640126000, "changeToNetincome": -25026795000, "changeToLiabilities": 0, "totalCashFromOperatingActivities": -9670779000, "capitalExpenditures": -999914000, "investments": -7365354000, "otherCashflowsFromInvestingActivities": 33892674000, "totalCashflowsFromInvestingActivities": 25864151000, "dividendsPaid": -2998033000, "totalCashFromFinancingActivities": -2998033000, "effectOfExchangeRate": 2385357000, "changeInCash": 15580696000}, {"maxAge": 1, "endDate": "2019-03-31", "netIncome": 6047061000, "depreciation": 896555000, "changeToNetincome": -20283713000, "changeToLiabilities": 0, "totalCashFromOperatingActivities": -13340097000, "capitalExpenditures": -1216358000, "investments": -7681380000, "otherCashflowsFromInvestingActivities": 31598536000, "totalCashflowsFromInvestingActivities": 22895837000, "dividendsPaid": -4966188000, "netBorrowings": -12686000, "otherCashflowsFromFinancingActivities": 222424000, "totalCashFromFinancingActivities": -4756450000, "effectOfExchangeRate": 471669000, "changeInCash": 5270959000}, {"maxAge": 1, "endDate": "2018-03-31", "netIncome": 21898844000, "depreciation": 745959000, "changeToNetincome": -18394816000, "changeToLiabilities": 0, "totalCashFromOperatingActivities": 4249987000, "capitalExpenditures": -2573547000, "investments": -34557139000, "otherCashflowsFromInvestingActivities": 28124127000, "totalCashflowsFromInvestingActivities": -8599545000, "dividendsPaid": -7448558000, "netBorrowings": -29596000, "otherCashflowsFromFinancingActivities": 222424000, "totalCashFromFinancingActivities": 11247347000, "effectOfExchangeRate": 3662051000, "changeInCash": 10559840000, "issuanceOfStock": 18725501000}, {"maxAge": 1, "endDate": "2017-03-31", "netIncome": 10459781000, "depreciation": 469739000, "changeToNetincome": -12165065000, "changeToLiabilities": 0, "totalCashFromOperatingActivities": -1235545000, "capitalExpenditures": -1922665000, "investments": -5741264000, "otherCashflowsFromInvestingActivities": 25208835000, "totalCashflowsFromInvestingActivities": 17929128000, "dividendsPaid": -3054962000, "netBorrowings": -18586000, "otherCashflowsFromFinancingActivities": 1000, "totalCashFromFinancingActivities": -3073547000, "effectOfExchangeRate": -4525005000, "changeInCash": 9095030000, "issuanceOfStock": 18725501000}], "maxAge": 86400}, "indexTrend": {"maxAge": 1, "symbol": "SP5", "peRatio": 19.7411, "pegRatio": 1.34172, "estimates": [{"period": "0q", "growth": 0.549}, {"period": "+1q", "growth": 0.431}, {"period": "0y", "growth": 0.305}, {"period": "+1y", "growth": 0.109}, {"period": "+5y", "growth": 0.120865}, {"period": "-5y"}]}, "defaultKeyStatistics": {"maxAge": 1, "priceHint": 2, "enterpriseValue": 123979063296, "profitMargins": 0.04917, "floatShares": 75382581, "sharesOutstanding": 1648000000, "heldPercentInsiders": 0.86692, "heldPercentInstitutions": 0.10261, "beta": 0.483727, "category": null, "bookValue": 198.562, "priceToBook": 0.73453134, "fundFamily": null, "legalType": null, "lastFiscalYearEnd": "2020-03-31 05:30:00", "nextFiscalYearEnd": "2022-03-31 05:30:00", "mostRecentQuarter": "2020-12-31 05:30:00", "earningsQuarterlyGrowth": 0.063, "netIncomeToCommon": 15259759616, "trailingEps": 9.261, "lastSplitFactor": "2:1", "lastSplitDate": "2018-06-27 05:30:00", "enterpriseToRevenue": 0.4, "enterpriseToEbitda": 9.063}, "industryTrend": {"maxAge": 1, "symbol": null, "estimates": []}, "quoteType": {"exchange": "NSI", "quoteType": "EQUITY", "symbol": "NIACL.NS", "underlyingSymbol": "NIACL.NS", "shortName": "THE NEW INDIA ASSU", "longName": "The New India Assurance Company Limited", "firstTradeDateEpochUtc": "2017-11-13 09:15:00", "timeZoneFullName": "Asia/Kolkata", "timeZoneShortName": "IST", "uuid": "7752c043-cf39-3706-a91e-545f5f721115", "gmtOffSetMilliseconds": 19800000, "maxAge": 1}, "incomeStatementHistory": {"incomeStatementHistory": [{"maxAge": 1, "endDate": "2020-03-31", "totalRevenue": 304981494000, "costOfRevenue": 238821967000, "grossProfit": 66159527000, "researchDevelopment": {}, "sellingGeneralAdministrative": 38967047000, "nonRecurring": {}, "otherOperatingExpenses": 10574026000, "totalOperatingExpenses": 288363040000, "operatingIncome": 16618454000, "totalOtherIncomeExpenseNet": 82293000, "ebit": 16618454000, "interestExpense": -6505000, "incomeBeforeTax": 16700747000, "incomeTaxExpense": 2233663000, "minorityInterest": 353819000, "netIncomeFromContinuingOps": 14467084000, "discontinuedOperations": {}, "extraordinaryItems": {}, "effectOfAccountingCharges": {}, "otherItems": {}, "netIncome": 14422460000, "netIncomeApplicableToCommonShares": 14422460000}, {"maxAge": 1, "endDate": "2019-03-31", "totalRevenue": 275621193000, "costOfRevenue": 227593180000, "grossProfit": 48028013000, "researchDevelopment": {}, "sellingGeneralAdministrative": 41141640000, "nonRecurring": {}, "otherOperatingExpenses": 64511000, "totalOperatingExpenses": 268799331000, "operatingIncome": 6821862000, "totalOtherIncomeExpenseNet": -764000, "ebit": 6821862000, "interestExpense": -2371000, "incomeBeforeTax": 6821098000, "incomeTaxExpense": 722333000, "minorityInterest": 348278000, "netIncomeFromContinuingOps": 6098765000, "discontinuedOperations": {}, "extraordinaryItems": {}, "effectOfAccountingCharges": {}, "otherItems": {}, "netIncome": 6047061000, "netIncomeApplicableToCommonShares": 6047061000}, {"maxAge": 1, "endDate": "2018-03-31", "totalRevenue": 251190701000, "costOfRevenue": 188077934000, "grossProfit": 63112767000, "researchDevelopment": {}, "sellingGeneralAdministrative": 35837799000, "nonRecurring": {}, "otherOperatingExpenses": 6363000, "totalOperatingExpenses": 223922096000, "operatingIncome": 27268605000, "totalOtherIncomeExpenseNet": -31723000, "ebit": 27268605000, "interestExpense": -28443000, "incomeBeforeTax": 27236882000, "incomeTaxExpense": 5331946000, "minorityInterest": 278954000, "netIncomeFromContinuingOps": 21904936000, "discontinuedOperations": {}, "extraordinaryItems": {}, "effectOfAccountingCharges": {}, "otherItems": {}, "netIncome": 21898844000, "netIncomeApplicableToCommonShares": 21898844000}, {"maxAge": 1, "endDate": "2017-03-31", "totalRevenue": 225482119000, "costOfRevenue": 176465985000, "grossProfit": 49016134000, "researchDevelopment": {}, "sellingGeneralAdministrative": 38221107000, "nonRecurring": {}, "otherOperatingExpenses": 5621000, "totalOperatingExpenses": 214822530000, "operatingIncome": 10659589000, "totalOtherIncomeExpenseNet": 1507452000, "ebit": 10659589000, "interestExpense": -11467000, "incomeBeforeTax": 12167041000, "incomeTaxExpense": 1663079000, "minorityInterest": 385623000, "netIncomeFromContinuingOps": 10503962000, "discontinuedOperations": {}, "extraordinaryItems": {}, "effectOfAccountingCharges": {}, "otherItems": {}, "netIncome": 10459781000, "netIncomeApplicableToCommonShares": 10459781000}], "maxAge": 86400}, "fundOwnership": {"ownershipList": [{"maxAge": 1, "reportDate": "2021-02-28", "organization": "WisdomTree Tr-WisdomTree India Earnings Fd", "pctHeld": 0.0002, "position": 302946, "value": 46547652}], "maxAge": 1}, "summaryDetail": {"maxAge": 1, "priceHint": 2, "previousClose": 146.25, "open": 146.25, "dayLow": 145.5, "dayHigh": 147.9, "regularMarketPreviousClose": 146.25, "regularMarketOpen": 146.25, "regularMarketDayLow": 145.5, "regularMarketDayHigh": 147.9, "exDividendDate": "2019-07-18 05:30:00", "payoutRatio": 0.0, "beta": 0.483727, "trailingPE": 15.74884, "volume": 307174, "regularMarketVolume": 307174, "averageVolume": 1811375, "averageVolume10days": 865269, "averageDailyVolume10Day": 865269, "bid": 0.0, "ask": 0.0, "bidSize": 0, "askSize": 0, "marketCap": 240607297536, "fiftyTwoWeekLow": 99.8, "fiftyTwoWeekHigh": 197.0, "priceToSalesTrailing12Months": 0.7753315, "fiftyDayAverage": 157.47353, "twoHundredDayAverage": 127.67979, "trailingAnnualDividendRate": 1.5, "trailingAnnualDividendYield": 0.010256411, "currency": "INR", "fromCurrency": null, "lastMarket": null, "algorithm": null, "tradeable": false}, "insiderHolders": {"holders": [], "maxAge": 1}, "calendarEvents": {"maxAge": 1, "earnings": {"earningsDate": []}, "exDividendDate": "2019-07-18 05:30:00"}, "upgradeDowngradeHistory": {"history": [], "maxAge": 86400}, "price": {"maxAge": 1, "regularMarketChangePercent": -0.002735001, "regularMarketChange": -0.3999939, "regularMarketTime": "2021-04-30 15:29:59", "priceHint": 2, "regularMarketPrice": 145.85, "regularMarketDayHigh": 147.9, "regularMarketDayLow": 145.5, "regularMarketVolume": 307174, "averageDailyVolume10Day": 865269, "averageDailyVolume3Month": 1811375, "regularMarketPreviousClose": 146.25, "regularMarketSource": "FREE_REALTIME", "regularMarketOpen": 146.25, "exchange": "NSI", "exchangeName": "NSE", "exchangeDataDelayedBy": 15, "marketState": "CLOSED", "quoteType": "EQUITY", "symbol": "NIACL.NS", "underlyingSymbol": null, "shortName": "THE NEW INDIA ASSU", "longName": "The New India Assurance Company Limited", "currency": "INR", "quoteSourceName": "Delayed Quote", "currencySymbol": "\u20b9", "fromCurrency": null, "lastMarket": null, "marketCap": 240607297536}, "balanceSheetHistory": {"balanceSheetStatements": [{"maxAge": 1, "endDate": "2020-03-31", "cash": 112668779000, "shortTermInvestments": 12367461000, "netReceivables": 12980190000, "otherCurrentAssets": 98004929000, "totalCurrentAssets": 236021359000, "longTermInvestments": 170522509000, "propertyPlantEquipment": 5254260000, "goodWill": 155580000, "intangibleAssets": 418913000, "otherAssets": 360146777000, "deferredLongTermAssetCharges": 2250029000, "totalAssets": 772519398000, "accountsPayable": 427320196000, "otherCurrentLiab": 46900045000, "deferredLongTermLiab": 17305680000, "minorityInterest": 353819000, "totalCurrentLiabilities": 488063690000, "totalLiab": 488063690000, "commonStock": 8240000000, "retainedEarnings": 137197645000, "treasuryStock": 119755702000, "capitalSurplus": 18908542000, "otherStockholderEquity": 119755702000, "totalStockholderEquity": 284101889000, "netTangibleAssets": 283527396000}, {"maxAge": 1, "endDate": "2019-03-31", "cash": 97088083000, "shortTermInvestments": 8772192000, "netReceivables": 18874987000, "otherCurrentAssets": 78783003000, "totalCurrentAssets": 203518265000, "longTermInvestments": 201646524000, "propertyPlantEquipment": 5180859000, "goodWill": 155580000, "intangibleAssets": 715810000, "otherAssets": 394311467000, "deferredLongTermAssetCharges": 2068650000, "totalAssets": 805528505000, "accountsPayable": 368024003000, "otherCurrentLiab": 30050387000, "deferredLongTermLiab": 1834700000, "minorityInterest": 348278000, "totalCurrentLiabilities": 416483089000, "totalLiab": 416483089000, "commonStock": 8240000000, "retainedEarnings": 125623166000, "treasuryStock": 235871555000, "capitalSurplus": 18962417000, "otherStockholderEquity": 235871555000, "totalStockholderEquity": 388697138000, "netTangibleAssets": 387825748000}, {"maxAge": 1, "endDate": "2018-03-31", "cash": 91817124000, "shortTermInvestments": 5877416000, "netReceivables": 31402899000, "otherCurrentAssets": 59966045000, "totalCurrentAssets": 189063484000, "longTermInvestments": 208282762000, "propertyPlantEquipment": 4778852000, "goodWill": 158517000, "intangibleAssets": 996174000, "otherAssets": 354061682000, "deferredLongTermAssetCharges": 2071125000, "totalAssets": 757341471000, "accountsPayable": 328987194000, "otherCurrentLiab": 22846115000, "deferredLongTermLiab": 2769320000, "minorityInterest": 278954000, "totalCurrentLiabilities": 365828879000, "totalLiab": 365828879000, "commonStock": 4120000000, "retainedEarnings": 127814036000, "treasuryStock": 240337186000, "capitalSurplus": 18962416000, "otherStockholderEquity": 240337186000, "totalStockholderEquity": 391233638000, "netTangibleAssets": 390078947000}, {"maxAge": 1, "endDate": "2017-03-31", "cash": 81257284000, "shortTermInvestments": 8799136000, "netReceivables": 11597627000, "otherCurrentAssets": 77594965000, "totalCurrentAssets": 179249012000, "longTermInvestments": 172173793000, "propertyPlantEquipment": 4117703000, "goodWill": 156478000, "intangibleAssets": 35903000, "otherAssets": 345839544000, "deferredLongTermAssetCharges": 2197485000, "totalAssets": 701572433000, "accountsPayable": 322418471000, "otherCurrentLiab": 7193934000, "otherLiab": -1000, "deferredLongTermLiab": 2213400000, "minorityInterest": 385623000, "totalCurrentLiabilities": 337228180000, "totalLiab": 337228179000, "commonStock": 2000000000, "retainedEarnings": 115207951000, "treasuryStock": 246750680000, "otherStockholderEquity": 246750680000, "totalStockholderEquity": 363958631000, "netTangibleAssets": 363766250000}], "maxAge": 86400}, "earningsTrend": {"trend": [{"maxAge": 1, "period": "0q", "endDate": null, "growth": {}, "earningsEstimate": {"avg": 0.0, "low": 0.0, "high": 0.0, "yearAgoEps": {}, "numberOfAnalysts": 0, "growth": {}}, "revenueEstimate": {"avg": 0, "low": 0, "high": 0, "numberOfAnalysts": 0, "yearAgoRevenue": {}, "growth": {}}, "epsTrend": {"current": 0.0, "7daysAgo": 0.0, "30daysAgo": 0.0, "60daysAgo": 0.0, "90daysAgo": 0.0}, "epsRevisions": {"upLast7days": 0, "upLast30days": 0, "downLast30days": 0, "downLast90days": {}}}, {"maxAge": 1, "period": "+1q", "endDate": null, "growth": {}, "earningsEstimate": {"avg": 0.0, "low": 0.0, "high": 0.0, "yearAgoEps": {}, "numberOfAnalysts": 0, "growth": {}}, "revenueEstimate": {"avg": 0, "low": 0, "high": 0, "numberOfAnalysts": 0, "yearAgoRevenue": {}, "growth": {}}, "epsTrend": {"current": 0.0, "7daysAgo": 0.0, "30daysAgo": 0.0, "60daysAgo": 0.0, "90daysAgo": 0.0}, "epsRevisions": {"upLast7days": 0, "upLast30days": 0, "downLast30days": 0, "downLast90days": {}}}, {"maxAge": 1, "period": "0y", "endDate": null, "growth": {}, "earningsEstimate": {"avg": 0.0, "low": 0.0, "high": 0.0, "yearAgoEps": {}, "numberOfAnalysts": 0, "growth": {}}, "revenueEstimate": {"avg": 0, "low": 0, "high": 0, "numberOfAnalysts": 0, "yearAgoRevenue": {}, "growth": {}}, "epsTrend": {"current": 0.0, "7daysAgo": 0.0, "30daysAgo": 0.0, "60daysAgo": 0.0, "90daysAgo": 0.0}, "epsRevisions": {"upLast7days": 0, "upLast30days": 0, "downLast30days": 0, "downLast90days": {}}}, {"maxAge": 1, "period": "+1y", "endDate": null, "growth": {}, "earningsEstimate": {"avg": 0.0, "low": 0.0, "high": 0.0, "yearAgoEps": {}, "numberOfAnalysts": 0, "growth": {}}, "revenueEstimate": {"avg": 0, "low": 0, "high": 0, "numberOfAnalysts": 0, "yearAgoRevenue": {}, "growth": {}}, "epsTrend": {"current": 0.0, "7daysAgo": 0.0, "30daysAgo": 0.0, "60daysAgo": 0.0, "90daysAgo": 0.0}, "epsRevisions": {"upLast7days": 0, "upLast30days": 0, "downLast30days": 0, "downLast90days": {}}}, {"maxAge": 1, "period": "+5y", "endDate": null, "growth": {}, "earningsEstimate": {"avg": {}, "low": {}, "high": {}, "yearAgoEps": {}, "numberOfAnalysts": {}, "growth": {}}, "revenueEstimate": {"avg": {}, "low": {}, "high": {}, "numberOfAnalysts": {}, "yearAgoRevenue": {}, "growth": {}}, "epsTrend": {"current": {}, "7daysAgo": {}, "30daysAgo": {}, "60daysAgo": {}, "90daysAgo": {}}, "epsRevisions": {"upLast7days": {}, "upLast30days": {}, "downLast30days": {}, "downLast90days": {}}}, {"maxAge": 1, "period": "-5y", "endDate": null, "growth": {}, "earningsEstimate": {"avg": {}, "low": {}, "high": {}, "yearAgoEps": {}, "numberOfAnalysts": {}, "growth": {}}, "revenueEstimate": {"avg": {}, "low": {}, "high": {}, "numberOfAnalysts": {}, "yearAgoRevenue": {}, "growth": {}}, "epsTrend": {"current": {}, "7daysAgo": {}, "30daysAgo": {}, "60daysAgo": {}, "90daysAgo": {}}, "epsRevisions": {"upLast7days": {}, "upLast30days": {}, "downLast30days": {}, "downLast90days": {}}}], "maxAge": 1}, "institutionOwnership": {"ownershipList": [], "maxAge": 1}, "majorHoldersBreakdown": {"maxAge": 1, "insidersPercentHeld": 0.86692, "institutionsPercentHeld": 0.10261, "institutionsFloatPercentHeld": 0.77102995, "institutionsCount": 9}, "balanceSheetHistoryQuarterly": {"balanceSheetStatements": [{"maxAge": 1, "endDate": "2020-12-31", "totalStockholderEquity": 327158600000, "netTangibleAssets": 327158600000}, {"maxAge": 1, "endDate": "2020-09-30", "cash": 116432800000, "otherCurrentAssets": 104702500000, "totalCurrentAssets": 221135300000, "longTermInvestments": 589359300000, "propertyPlantEquipment": 5440000000, "otherAssets": 20569500000, "deferredLongTermAssetCharges": 2579100000, "totalAssets": 836504100000, "otherCurrentLiab": 508937000000, "otherLiab": -100000, "deferredLongTermLiab": 14804900000, "minorityInterest": 408600000, "totalCurrentLiabilities": 508937000000, "totalLiab": 508936900000, "commonStock": 8240000000, "treasuryStock": 318918600000, "otherStockholderEquity": 318918600000, "totalStockholderEquity": 327158600000, "netTangibleAssets": 327158600000}, {"maxAge": 1, "endDate": "2020-06-30", "totalStockholderEquity": 284101900000, "netTangibleAssets": 284101900000}, {"maxAge": 1, "endDate": "2020-03-31", "cash": 112668779000, "shortTermInvestments": 12367461000, "netReceivables": 12980190000, "otherCurrentAssets": 98004929000, "totalCurrentAssets": 236021359000, "longTermInvestments": 170522509000, "propertyPlantEquipment": 5254260000, "goodWill": 155580000, "intangibleAssets": 418913000, "otherAssets": 360146777000, "deferredLongTermAssetCharges": 2250029000, "totalAssets": 772519398000, "accountsPayable": 427320196000, "otherCurrentLiab": 46900045000, "deferredLongTermLiab": 17305680000, "minorityInterest": 353819000, "totalCurrentLiabilities": 488063690000, "totalLiab": 488063690000, "commonStock": 8240000000, "retainedEarnings": 137197645000, "treasuryStock": 119755702000, "capitalSurplus": 18908542000, "otherStockholderEquity": 119755702000, "totalStockholderEquity": 284101889000, "netTangibleAssets": 283527396000}], "maxAge": 86400}, "earningsHistory": {"history": [{"maxAge": 1, "epsActual": {}, "epsEstimate": {}, "epsDifference": {}, "surprisePercent": {}, "quarter": {}, "period": "-4q"}, {"maxAge": 1, "epsActual": {}, "epsEstimate": {}, "epsDifference": {}, "surprisePercent": {}, "quarter": {}, "period": "-3q"}, {"maxAge": 1, "epsActual": {}, "epsEstimate": {}, "epsDifference": {}, "surprisePercent": {}, "quarter": {}, "period": "-2q"}, {"maxAge": 1, "epsActual": {}, "epsEstimate": {}, "epsDifference": {}, "surprisePercent": {}, "quarter": {}, "period": "-1q"}], "maxAge": 86400}, "summaryProfile": {"address1": "New India Assurance Building", "address2": "87, M.G. Road Fort", "city": "Mumbai", "zip": "400001", "country": "India", "phone": "91 22 2270 8263", "fax": "91 22 2265 2811", "website": "http://www.newindia.co.in", "industry": "Insurance\u2014Diversified", "sector": "Financial Services", "longBusinessSummary": "The New India Assurance Company Limited, together with its subsidiaries, operates as a general insurance company in India and internationally. The company provides marine cargo and hull, motor, health, travel, home and contents, customized business and SME products, other personal, industrial, rural, machinery, aviation, liability, fire and burglary, crop, personal accident, and property insurance products. It also offers reinsurance products. The company was founded in 1919 and is headquartered in Mumbai, India.", "fullTimeEmployees": 16500, "companyOfficers": [], "maxAge": 86400}, "netSharePurchaseActivity": {"maxAge": 1, "period": "6m", "buyInfoCount": 0, "buyInfoShares": 0, "sellInfoCount": 0, "netInfoCount": 0, "netInfoShares": 0, "netPercentInsiderShares": 0.0, "totalInsiderShares": 1426558976}, "sectorTrend": {"maxAge": 1, "symbol": null, "estimates": []}, "incomeStatementHistoryQuarterly": {"incomeStatementHistory": [{"maxAge": 1, "endDate": "2020-12-31", "totalRevenue": 85822800000, "costOfRevenue": 64172900000, "grossProfit": 21649900000, "researchDevelopment": {}, "sellingGeneralAdministrative": 10769600000, "nonRecurring": {}, "otherOperatingExpenses": 2519300000, "totalOperatingExpenses": 78069800000, "operatingIncome": 7753000000, "totalOtherIncomeExpenseNet": -1078300000, "ebit": 7753000000, "interestExpense": {}, "incomeBeforeTax": 6674700000, "incomeTaxExpense": 1413200000, "minorityInterest": {}, "netIncomeFromContinuingOps": 5261500000, "discontinuedOperations": {}, "extraordinaryItems": {}, "effectOfAccountingCharges": {}, "otherItems": {}, "netIncome": 5249300000, "netIncomeApplicableToCommonShares": 5249300000}, {"maxAge": 1, "endDate": "2020-09-30", "totalRevenue": 79750700000, "costOfRevenue": 61479800000, "grossProfit": 18270900000, "researchDevelopment": {}, "sellingGeneralAdministrative": 6840900000, "nonRecurring": {}, "otherOperatingExpenses": 3100800000, "totalOperatingExpenses": 71788100000, "operatingIncome": 7962600000, "totalOtherIncomeExpenseNet": -845700000, "ebit": 7962600000, "interestExpense": {}, "incomeBeforeTax": 7116900000, "incomeTaxExpense": 1451300000, "minorityInterest": 408600000, "netIncomeFromContinuingOps": 5665600000, "discontinuedOperations": {}, "extraordinaryItems": {}, "effectOfAccountingCharges": {}, "otherItems": {}, "netIncome": 5651400000, "netIncomeApplicableToCommonShares": 5651400000}, {"maxAge": 1, "endDate": "2020-06-30", "totalRevenue": 69207200000, "costOfRevenue": 46266000000, "grossProfit": 22941200000, "researchDevelopment": {}, "sellingGeneralAdministrative": 14965900000, "nonRecurring": {}, "otherOperatingExpenses": 3256300000, "totalOperatingExpenses": 64488200000, "operatingIncome": 4719000000, "totalOtherIncomeExpenseNet": -892400000, "ebit": 4719000000, "interestExpense": {}, "incomeBeforeTax": 3826600000, "incomeTaxExpense": 611100000, "minorityInterest": 408600000, "netIncomeFromContinuingOps": 3215500000, "discontinuedOperations": {}, "extraordinaryItems": {}, "effectOfAccountingCharges": {}, "otherItems": {}, "netIncome": 3174300000, "netIncomeApplicableToCommonShares": 3174300000}, {"maxAge": 1, "endDate": "2020-03-31", "totalRevenue": 75547194000, "costOfRevenue": 62368667000, "grossProfit": 13178527000, "researchDevelopment": {}, "sellingGeneralAdministrative": 18923747000, "nonRecurring": {}, "otherOperatingExpenses": 1724226000, "totalOperatingExpenses": 82750540000, "operatingIncome": -7203346000, "totalOtherIncomeExpenseNet": 8502893000, "ebit": -7203346000, "interestExpense": -6505000, "incomeBeforeTax": 1299547000, "incomeTaxExpense": 145763000, "minorityInterest": 353819000, "netIncomeFromContinuingOps": 1153784000, "discontinuedOperations": {}, "extraordinaryItems": {}, "effectOfAccountingCharges": {}, "otherItems": {}, "netIncome": 1033760000, "netIncomeApplicableToCommonShares": 1033760000}], "maxAge": 86400}, "cashflowStatementHistoryQuarterly": {"cashflowStatements": [{"maxAge": 1, "endDate": "2020-12-31", "netIncome": 5249300000, "changeToLiabilities": 0}, {"maxAge": 1, "endDate": "2020-09-30", "netIncome": 5651400000, "changeToLiabilities": 0}, {"maxAge": 1, "endDate": "2020-06-30", "netIncome": 3174300000, "changeToLiabilities": 0}, {"maxAge": 1, "endDate": "2020-03-31", "netIncome": 1033760000, "changeToLiabilities": 0}], "maxAge": 86400}, "earnings": {"maxAge": 86400, "earningsChart": {"quarterly": [], "earningsDate": []}, "financialsChart": {"yearly": [{"date": 2017, "revenue": 225482119000, "earnings": 10459781000}, {"date": 2018, "revenue": 251190701000, "earnings": 21898844000}, {"date": 2019, "revenue": 275621193000, "earnings": 6047061000}, {"date": 2020, "revenue": 304981494000, "earnings": 14422460000}], "quarterly": [{"date": "1Q2020", "revenue": 75547194000, "earnings": 1033760000}, {"date": "2Q2020", "revenue": 69207200000, "earnings": 3174300000}, {"date": "3Q2020", "revenue": 79750700000, "earnings": 5651400000}, {"date": "4Q2020", "revenue": 85822800000, "earnings": 5249300000}]}, "financialCurrency": "INR"}, "financialData": {"maxAge": 86400, "currentPrice": 145.85, "targetHighPrice": 390.0, "targetLowPrice": 390.0, "targetMeanPrice": 390.0, "targetMedianPrice": 390.0, "recommendationMean": 2.0, "recommendationKey": "buy", "numberOfAnalystOpinions": 1, "totalCash": 116432797696, "totalCashPerShare": 70.756, "ebitda": 13679458304, "totalDebt": 0, "totalRevenue": 310328295424, "revenuePerShare": 188.341, "grossProfits": 66159527000, "earningsGrowth": 0.078, "revenueGrowth": 0.021, "grossMargins": 0.24503, "ebitdaMargins": 0.04408, "operatingMargins": 0.04264, "profitMargins": 0.04917, "financialCurrency": "INR"}}}