{"NIDL.BO": {"cashflowStatementHistory": {"cashflowStatements": [{"maxAge": 1, "endDate": "2020-03-31", "netIncome": -19058990, "depreciation": 1928512, "changeToNetincome": -28837471, "changeToAccountReceivables": -3179805, "changeToLiabilities": 24506741, "changeToInventory": -8982097, "changeToOperatingActivities": 30361064, "totalCashFromOperatingActivities": -3262046, "capitalExpenditures": -2326062, "investments": 15790000, "otherCashflowsFromInvestingActivities": 231285, "totalCashflowsFromInvestingActivities": -7099087, "netBorrowings": 11895718, "otherCashflowsFromFinancingActivities": -2423298, "totalCashFromFinancingActivities": 9472420, "changeInCash": -888712}, {"maxAge": 1, "endDate": "2019-03-31", "netIncome": -4445378, "depreciation": 1711748, "changeToNetincome": -4091400, "changeToAccountReceivables": 6019964, "changeToLiabilities": -8921091, "changeToInventory": 7877222, "changeToOperatingActivities": 3471268, "totalCashFromOperatingActivities": 1622333, "capitalExpenditures": -2016203, "investments": -956462, "otherCashflowsFromInvestingActivities": 231285, "totalCashflowsFromInvestingActivities": -2972665, "netBorrowings": -3788774, "otherCashflowsFromFinancingActivities": -1738647, "totalCashFromFinancingActivities": -5527421, "changeInCash": -6877753}, {"maxAge": 1, "endDate": "2018-03-31", "netIncome": 1963193, "depreciation": 1711748, "changeToNetincome": -4091400, "changeToAccountReceivables": 6019964, "changeToLiabilities": 0, "changeToInventory": 7877222, "changeToOperatingActivities": 3471268, "totalCashFromOperatingActivities": 1622333, "capitalExpenditures": -2016203, "investments": -956462, "otherCashflowsFromInvestingActivities": 231285, "totalCashflowsFromInvestingActivities": -2972665, "netBorrowings": -3788774, "otherCashflowsFromFinancingActivities": -1738647, "totalCashFromFinancingActivities": -5527421, "changeInCash": -6877753}, {"maxAge": 1, "endDate": "2017-03-31", "netIncome": 1698357, "depreciation": 211011, "changeToNetincome": -92914, "changeToAccountReceivables": 6019964, "changeToLiabilities": 0, "changeToInventory": 7877222, "changeToOperatingActivities": -67436, "totalCashFromOperatingActivities": 1749018, "capitalExpenditures": -5151000, "investments": 1841363, "otherCashflowsFromInvestingActivities": 231285, "totalCashflowsFromInvestingActivities": -3309637, "netBorrowings": 1627850, "otherCashflowsFromFinancingActivities": -1738647, "totalCashFromFinancingActivities": 1627850, "changeInCash": 67231}], "maxAge": 86400}, "institutionOwnership": {"ownershipList": [], "maxAge": 1}, "balanceSheetHistoryQuarterly": {"balanceSheetStatements": [{"maxAge": 1, "endDate": "2020-03-31", "cash": 243393, "shortTermInvestments": 4635245, "netReceivables": 12503612, "inventory": 32115676, "otherCurrentAssets": 62652, "totalCurrentAssets": 50274061, "longTermInvestments": 15526262, "propertyPlantEquipment": 14701789, "goodWill": 2592914, "intangibleAssets": 235000, "otherAssets": 37213796, "deferredLongTermAssetCharges": 16349486, "totalAssets": 120543822, "accountsPayable": 38509407, "otherCurrentLiab": 54657584, "longTermDebt": 16102625, "minorityInterest": -18330516, "totalCurrentLiabilities": 93320985, "totalLiab": 109423610, "commonStock": 38200000, "retainedEarnings": -20749272, "capitalSurplus": 12000000, "totalStockholderEquity": 29450728, "netTangibleAssets": 26622814}, {"maxAge": 1, "endDate": "2019-12-31", "totalStockholderEquity": 39868669, "netTangibleAssets": 37040755}, {"maxAge": 1, "endDate": "2019-09-30", "cash": 993198, "shortTermInvestments": 1634910, "netReceivables": 6659913, "inventory": 30650936, "otherCurrentAssets": 893704, "totalCurrentAssets": 40832661, "longTermInvestments": 30612982, "propertyPlantEquipment": 15227470, "goodWill": 2592914, "intangibleAssets": 235000, "otherAssets": 16267004, "deferredLongTermAssetCharges": 9360911, "totalAssets": 105768031, "accountsPayable": 41724537, "otherCurrentLiab": 20342507, "longTermDebt": 4295742, "otherLiab": -1, "minorityInterest": -10155688, "totalCurrentLiabilities": 71759309, "totalLiab": 76055050, "commonStock": 38200000, "treasuryStock": 1668669, "otherStockholderEquity": 1668669, "totalStockholderEquity": 39868669, "netTangibleAssets": 37040755}, {"maxAge": 1, "endDate": "2019-06-30", "totalStockholderEquity": 49238816, "netTangibleAssets": 46410902}], "maxAge": 86400}, "indexTrend": {"maxAge": 1, "symbol": "SP5", "peRatio": 19.7411, "pegRatio": 1.34172, "estimates": [{"period": "0q", "growth": 0.549}, {"period": "+1q", "growth": 0.431}, {"period": "0y", "growth": 0.305}, {"period": "+1y", "growth": 0.109}, {"period": "+5y", "growth": 0.120859005}, {"period": "-5y"}]}, "insiderTransactions": {"transactions": [{"maxAge": 1, "shares": 75000, "filerUrl": "", "transactionText": "", "filerName": "Tanna (Bhavesh)", "filerRelation": "UNREPORTED", "moneyText": "", "startDate": "2020-08-18", "ownership": "D"}, {"maxAge": 1, "shares": 25000, "filerUrl": "", "transactionText": "", "filerName": "Tanna (Bhavesh)", "filerRelation": "UNREPORTED", "moneyText": "", "startDate": "2018-03-26", "ownership": "D"}, {"maxAge": 1, "shares": 14140, "filerUrl": "", "transactionText": "", "filerName": "Tanna (Bhavesh)", "filerRelation": "UNREPORTED", "moneyText": "", "startDate": "2018-03-21", "ownership": "D"}, {"maxAge": 1, "shares": 25000, "filerUrl": "", "transactionText": "", "filerName": "Tanna (Bhavesh)", "filerRelation": "UNREPORTED", "moneyText": "", "startDate": "2018-03-19", "ownership": "D"}, {"maxAge": 1, "shares": 15000, "filerUrl": "", "transactionText": "", "filerName": "Tanna (Bhavesh)", "filerRelation": "UNREPORTED", "moneyText": "", "startDate": "2018-03-15", "ownership": "D"}, {"maxAge": 1, "shares": 100000, "filerUrl": "", "transactionText": "", "filerName": "Lenus Finvest Pvt. Ltd.", "filerRelation": "Institution- Corporation", "moneyText": "", "startDate": "2017-03-16", "ownership": "D"}], "maxAge": 1}, "quoteType": {"exchange": "BSE", "quoteType": "EQUITY", "symbol": "NIDL.BO", "underlyingSymbol": "NIDL.BO", "shortName": "NARENDRA INVESTMENTS (DELHI) L", "longName": "Narendra Investments (Delhi) Limited", "firstTradeDateEpochUtc": "2016-12-13 09:15:00", "timeZoneFullName": "Asia/Kolkata", "timeZoneShortName": "IST", "uuid": "24e83541-86a4-3e0f-83dc-04989f9db519", "gmtOffSetMilliseconds": 19800000, "maxAge": 1}, "incomeStatementHistory": {"incomeStatementHistory": [{"maxAge": 1, "endDate": "2020-03-31", "totalRevenue": 104101705, "costOfRevenue": 102805988, "grossProfit": 1295717, "researchDevelopment": {}, "sellingGeneralAdministrative": 1191783, "nonRecurring": {}, "otherOperatingExpenses": 45233924, "totalOperatingExpenses": 151160207, "operatingIncome": -47058502, "totalOtherIncomeExpenseNet": -2286498, "ebit": -47058502, "interestExpense": -2286498, "incomeBeforeTax": -49345000, "incomeTaxExpense": -13145103, "minorityInterest": -18330516, "netIncomeFromContinuingOps": -36199897, "discontinuedOperations": {}, "extraordinaryItems": {}, "effectOfAccountingCharges": {}, "otherItems": {}, "netIncome": -19058990, "netIncomeApplicableToCommonShares": -19058990}, {"maxAge": 1, "endDate": "2019-03-31", "totalRevenue": 42861176, "costOfRevenue": 38507670, "grossProfit": 4353506, "researchDevelopment": {}, "sellingGeneralAdministrative": 345708, "nonRecurring": {}, "otherOperatingExpenses": 10715513, "totalOperatingExpenses": 51280639, "operatingIncome": -8419463, "totalOtherIncomeExpenseNet": -1558657, "ebit": -8419463, "interestExpense": -1738648, "incomeBeforeTax": -9978120, "incomeTaxExpense": -2134889, "minorityInterest": -1189609, "netIncomeFromContinuingOps": -7843231, "discontinuedOperations": {}, "extraordinaryItems": {}, "effectOfAccountingCharges": {}, "otherItems": {}, "netIncome": -4445378, "netIncomeApplicableToCommonShares": -4445378}, {"maxAge": 1, "endDate": "2018-03-31", "totalRevenue": 24301574, "costOfRevenue": 15544591, "grossProfit": 8756983, "researchDevelopment": {}, "sellingGeneralAdministrative": 302242, "nonRecurring": {}, "otherOperatingExpenses": 4049139, "totalOperatingExpenses": 20711161, "operatingIncome": 3590413, "totalOtherIncomeExpenseNet": -1132166, "ebit": 3590413, "interestExpense": -849026, "incomeBeforeTax": 2458247, "incomeTaxExpense": 452232, "minorityInterest": 2208244, "netIncomeFromContinuingOps": 2006015, "discontinuedOperations": {}, "extraordinaryItems": {}, "effectOfAccountingCharges": {}, "otherItems": {}, "netIncome": 1963193, "netIncomeApplicableToCommonShares": 1963193}, {"maxAge": 1, "endDate": "2017-03-31", "totalRevenue": 3992356, "costOfRevenue": 554650, "grossProfit": 3437706, "researchDevelopment": {}, "sellingGeneralAdministrative": 51754, "nonRecurring": {}, "otherOperatingExpenses": 790876, "totalOperatingExpenses": 1608291, "operatingIncome": 2384065, "totalOtherIncomeExpenseNet": -147332, "ebit": 2384065, "interestExpense": -147332, "incomeBeforeTax": 2236733, "incomeTaxExpense": 538376, "minorityInterest": 2208244, "netIncomeFromContinuingOps": 1698357, "discontinuedOperations": {}, "extraordinaryItems": {}, "effectOfAccountingCharges": {}, "otherItems": {}, "netIncome": 1698357, "netIncomeApplicableToCommonShares": 1698357}], "maxAge": 86400}, "fundOwnership": {"ownershipList": [], "maxAge": 1}, "summaryDetail": {"maxAge": 1, "priceHint": 2, "previousClose": 69.6, "open": 68.25, "dayLow": 68.25, "dayHigh": 70.95, "regularMarketPreviousClose": 69.6, "regularMarketOpen": 68.25, "regularMarketDayLow": 68.25, "regularMarketDayHigh": 70.95, "volume": 12875, "regularMarketVolume": 12875, "averageVolume": 1117, "averageVolume10days": 0, "averageDailyVolume10Day": 0, "bid": 70.95, "ask": 0.0, "bidSize": 0, "askSize": 0, "marketCap": 271028992, "fiftyTwoWeekLow": 7.66, "fiftyTwoWeekHigh": 70.95, "fiftyDayAverage": 33.90606, "twoHundredDayAverage": 30.637133, "currency": "INR", "fromCurrency": null, "lastMarket": null, "algorithm": null, "tradeable": false}, "incomeStatementHistoryQuarterly": {"incomeStatementHistory": [{"maxAge": 1, "endDate": "2020-03-31", "totalRevenue": 5805705, "costOfRevenue": 493988, "grossProfit": 5311717, "researchDevelopment": {}, "sellingGeneralAdministrative": 1191783, "nonRecurring": {}, "otherOperatingExpenses": 13813924, "totalOperatingExpenses": 15981207, "operatingIncome": -10175502, "totalOtherIncomeExpenseNet": -145498, "ebit": -10175502, "interestExpense": -145498, "incomeBeforeTax": -10321000, "incomeTaxExpense": -2956103, "minorityInterest": -18330516, "netIncomeFromContinuingOps": -7364897, "discontinuedOperations": {}, "extraordinaryItems": {}, "effectOfAccountingCharges": {}, "otherItems": {}, "netIncome": -4066990, "netIncomeApplicableToCommonShares": -4066990}, {"maxAge": 1, "endDate": "2019-12-31", "totalRevenue": 32164000, "costOfRevenue": 32185000, "grossProfit": -21000, "researchDevelopment": {}, "sellingGeneralAdministrative": 1191783, "nonRecurring": {}, "otherOperatingExpenses": 13320000, "totalOperatingExpenses": 45985000, "operatingIncome": -13821000, "totalOtherIncomeExpenseNet": -837000, "ebit": -13821000, "interestExpense": -836000, "incomeBeforeTax": -14658000, "incomeTaxExpense": -3862000, "minorityInterest": -18330516, "netIncomeFromContinuingOps": -10796000, "discontinuedOperations": {}, "extraordinaryItems": {}, "effectOfAccountingCharges": {}, "otherItems": {}, "netIncome": -5919000, "netIncomeApplicableToCommonShares": -5919000}, {"maxAge": 1, "endDate": "2019-09-30", "totalRevenue": 42707598, "costOfRevenue": 48840351, "grossProfit": -6132753, "researchDevelopment": {}, "sellingGeneralAdministrative": 1191783, "nonRecurring": {}, "otherOperatingExpenses": 12088622, "totalOperatingExpenses": 61407610, "operatingIncome": -18700012, "totalOtherIncomeExpenseNet": -638425, "ebit": -18700012, "interestExpense": -638427, "incomeBeforeTax": -19338437, "incomeTaxExpense": -5090396, "minorityInterest": -10155688, "netIncomeFromContinuingOps": -14248041, "discontinuedOperations": {}, "extraordinaryItems": {}, "effectOfAccountingCharges": {}, "otherItems": {}, "netIncome": -7131836, "netIncomeApplicableToCommonShares": -7131836}, {"maxAge": 1, "endDate": "2019-06-30", "totalRevenue": 23424570, "costOfRevenue": 21286471, "grossProfit": 2138099, "researchDevelopment": {}, "sellingGeneralAdministrative": 1191783, "nonRecurring": {}, "otherOperatingExpenses": 6011601, "totalOperatingExpenses": 27786354, "operatingIncome": -4361784, "totalOtherIncomeExpenseNet": -666410, "ebit": -4361784, "interestExpense": -666411, "incomeBeforeTax": -5028194, "incomeTaxExpense": -1287246, "minorityInterest": -10155688, "netIncomeFromContinuingOps": -3740948, "discontinuedOperations": {}, "extraordinaryItems": {}, "effectOfAccountingCharges": {}, "otherItems": {}, "netIncome": -1891074, "netIncomeApplicableToCommonShares": -1891074}], "maxAge": 86400}, "cashflowStatementHistoryQuarterly": {"cashflowStatements": [{"maxAge": 1, "endDate": "2020-03-31", "netIncome": -4066990, "changeToLiabilities": 0}, {"maxAge": 1, "endDate": "2019-12-31", "netIncome": -5919000, "changeToLiabilities": 0}, {"maxAge": 1, "endDate": "2019-09-30", "netIncome": -7131836, "changeToLiabilities": 0}, {"maxAge": 1, "endDate": "2019-06-30", "netIncome": -1891074, "changeToLiabilities": 0}], "maxAge": 86400}, "insiderHolders": {"holders": [{"maxAge": 1, "name": "Lenus Finvest Pvt. Ltd.", "relation": "Institution- Corporation", "url": "", "transactionDescription": "Acquisition", "latestTransDate": "2017-03-16", "positionDirect": 100000, "positionDirectDate": "2017-03-16"}, {"maxAge": 1, "name": "Tanna (Bhavesh)", "relation": "UNREPORTED", "url": "", "transactionDescription": "Acquisition", "latestTransDate": "2020-08-18", "positionDirect": 174140, "positionDirectDate": "2020-08-18"}], "maxAge": 1}, "calendarEvents": {"maxAge": 1, "earnings": {"earningsDate": []}}, "upgradeDowngradeHistory": {"history": [], "maxAge": 86400}, "price": {"maxAge": 1, "regularMarketChangePercent": 0.01939653, "regularMarketChange": 1.3499985, "regularMarketTime": "2021-04-30 14:32:07", "priceHint": 2, "regularMarketPrice": 70.95, "regularMarketDayHigh": 70.95, "regularMarketDayLow": 68.25, "regularMarketVolume": 12875, "averageDailyVolume10Day": 0, "averageDailyVolume3Month": 1117, "regularMarketPreviousClose": 69.6, "regularMarketSource": "FREE_REALTIME", "regularMarketOpen": 68.25, "exchange": "BSE", "exchangeName": "BSE", "exchangeDataDelayedBy": 0, "marketState": "CLOSED", "quoteType": "EQUITY", "symbol": "NIDL.BO", "underlyingSymbol": null, "shortName": "NARENDRA INVESTMENTS (DELHI) L", "longName": "Narendra Investments (Delhi) Limited", "currency": "INR", "quoteSourceName": "Delayed Quote", "currencySymbol": "\u20b9", "fromCurrency": null, "lastMarket": null, "marketCap": 271028992}, "balanceSheetHistory": {"balanceSheetStatements": [{"maxAge": 1, "endDate": "2020-03-31", "cash": 243393, "shortTermInvestments": 4635245, "netReceivables": 12503612, "inventory": 32115676, "otherCurrentAssets": 62652, "totalCurrentAssets": 50274061, "longTermInvestments": 15526262, "propertyPlantEquipment": 14701789, "goodWill": 2592914, "intangibleAssets": 235000, "otherAssets": 37213796, "deferredLongTermAssetCharges": 16349486, "totalAssets": 120543822, "accountsPayable": 38509407, "otherCurrentLiab": 54657584, "longTermDebt": 16102625, "minorityInterest": -18330516, "totalCurrentLiabilities": 93320985, "totalLiab": 109423610, "commonStock": 38200000, "retainedEarnings": -20749272, "capitalSurplus": 12000000, "totalStockholderEquity": 29450728, "netTangibleAssets": 26622814}, {"maxAge": 1, "endDate": "2019-03-31", "cash": 1132106, "shortTermInvestments": 2608040, "netReceivables": 11601333, "inventory": 23133579, "otherCurrentAssets": 3144785, "totalCurrentAssets": 41704226, "longTermInvestments": 30936532, "propertyPlantEquipment": 14304241, "goodWill": 2592914, "intangibleAssets": 235000, "otherAssets": 3278363, "deferredLongTermAssetCharges": 2740369, "totalAssets": 93051276, "accountsPayable": 14002667, "otherCurrentLiab": 16829230, "longTermDebt": 4206907, "minorityInterest": -1189609, "totalCurrentLiabilities": 40795162, "totalLiab": 45002069, "commonStock": 38200000, "retainedEarnings": -961184, "capitalSurplus": 12000000, "totalStockholderEquity": 49238816, "netTangibleAssets": 46410902}, {"maxAge": 1, "endDate": "2018-03-31", "cash": 8009860, "netReceivables": 17370368, "inventory": 31010801, "otherCurrentAssets": 2947500, "totalCurrentAssets": 59766026, "longTermInvestments": 32517245, "propertyPlantEquipment": 13999786, "goodWill": 2592914, "intangibleAssets": 235000, "otherAssets": 424000, "totalAssets": 109534971, "accountsPayable": 22923758, "shortLongTermDebt": 514933, "otherCurrentLiab": 10694403, "longTermDebt": 4784623, "otherLiab": 318195, "minorityInterest": 2208244, "totalCurrentLiabilities": 46606116, "totalLiab": 51708934, "commonStock": 38200000, "retainedEarnings": 5417793, "capitalSurplus": 12000000, "totalStockholderEquity": 55617793, "netTangibleAssets": 52789879}, {"maxAge": 1, "endDate": "2017-03-31", "cash": 5202701, "otherCurrentAssets": 2947500, "totalCurrentAssets": 8150201, "longTermInvestments": 24055247, "propertyPlantEquipment": 4939989, "otherAssets": -1, "totalAssets": 37145436, "shortLongTermDebt": 469582, "otherCurrentLiab": 905486, "longTermDebt": 3658268, "otherLiab": 54172, "totalCurrentLiabilities": 1462897, "totalLiab": 5175337, "commonStock": 30200000, "retainedEarnings": 1770099, "totalStockholderEquity": 31970099, "netTangibleAssets": 31970099}], "maxAge": 86400}, "financialData": {"maxAge": 86400, "currentPrice": 70.95, "recommendationKey": "none", "grossProfits": 1295717, "financialCurrency": "INR"}}}