{"NIHARINF.BO": {"cashflowStatementHistory": {"cashflowStatements": [{"maxAge": 1, "endDate": "2020-03-31", "netIncome": 3142000, "changeToLiabilities": 0}, {"maxAge": 1, "endDate": "2019-03-31", "netIncome": 120372, "depreciation": 204864, "changeToNetincome": -10521, "changeToAccountReceivables": -7628463, "changeToLiabilities": 1665581, "changeToOperatingActivities": -11910046, "totalCashFromOperatingActivities": -17541206, "capitalExpenditures": -395655, "totalCashflowsFromInvestingActivities": -7766941, "totalCashFromFinancingActivities": 21987700, "changeInCash": -3320447, "issuanceOfStock": 21987700}, {"maxAge": 1, "endDate": "2018-03-31", "netIncome": 2451339, "depreciation": 332184, "changeToNetincome": 533798, "changeToAccountReceivables": -9027910, "changeToLiabilities": 2835819, "changeToOperatingActivities": -10765660, "totalCashFromOperatingActivities": -13640430, "capitalExpenditures": -31135, "totalCashflowsFromInvestingActivities": -2092343, "totalCashFromFinancingActivities": 16412984, "changeInCash": 680211, "issuanceOfStock": 16412984}, {"maxAge": 1, "endDate": "2017-03-31", "netIncome": 2034802, "depreciation": 320510, "changeToNetincome": 518794, "changeToAccountReceivables": -5683094, "changeToLiabilities": 112338, "changeToOperatingActivities": 3126476, "totalCashFromOperatingActivities": 461579, "capitalExpenditures": -31135, "totalCashflowsFromInvestingActivities": -1424513, "netBorrowings": -1231608, "totalCashFromFinancingActivities": -1231608, "changeInCash": -2194542, "issuanceOfStock": 16412984}], "maxAge": 86400}, "institutionOwnership": {"maxAge": 1, "ownershipList": []}, "balanceSheetHistoryQuarterly": {"balanceSheetStatements": [{"maxAge": 1, "endDate": "2020-06-30", "totalStockholderEquity": 104895000, "netTangibleAssets": 80228000}, {"maxAge": 1, "endDate": "2020-03-31", "cash": 705000, "netReceivables": 158706000, "inventory": 2202000, "otherCurrentAssets": 837000, "totalCurrentAssets": 162450000, "propertyPlantEquipment": 409000, "intangibleAssets": 24667000, "otherAssets": 546000, "deferredLongTermAssetCharges": 91000, "totalAssets": 188072000, "accountsPayable": 63264000, "otherCurrentLiab": 4617000, "totalCurrentLiabilities": 83177000, "totalLiab": 83177000, "commonStock": 81577000, "treasuryStock": 23318000, "otherStockholderEquity": 23318000, "totalStockholderEquity": 104895000, "netTangibleAssets": 80228000}, {"maxAge": 1, "endDate": "2019-12-31", "totalStockholderEquity": 104244000, "netTangibleAssets": 79721000}, {"maxAge": 1, "endDate": "2019-09-30", "cash": 19000, "netReceivables": 98733000, "inventory": 1683000, "otherCurrentAssets": 3820000, "totalCurrentAssets": 104255000, "propertyPlantEquipment": 510000, "intangibleAssets": 24523000, "otherAssets": 653000, "deferredLongTermAssetCharges": 89000, "totalAssets": 129941000, "accountsPayable": 3481000, "otherCurrentLiab": 8958000, "totalCurrentLiabilities": 25697000, "totalLiab": 25697000, "commonStock": 81577000, "treasuryStock": 22667000, "otherStockholderEquity": 22667000, "totalStockholderEquity": 104244000, "netTangibleAssets": 79721000}], "maxAge": 86400}, "indexTrend": {"maxAge": 1, "symbol": "SP5", "peRatio": 19.7411, "pegRatio": 1.34172, "estimates": [{"period": "0q", "growth": 0.549}, {"period": "+1q", "growth": 0.431}, {"period": "0y", "growth": 0.305}, {"period": "+1y", "growth": 0.109}, {"period": "+5y", "growth": 0.120859005}, {"period": "-5y"}]}, "insiderTransactions": {"transactions": [{"maxAge": 1, "shares": 52207, "filerUrl": "", "transactionText": "", "filerName": "Boda (Divyesh Nihar)", "filerRelation": "Director", "moneyText": "", "startDate": "2010-02-05", "ownership": "D"}, {"maxAge": 1, "shares": 50000, "filerUrl": "", "transactionText": "", "filerName": "Boda (Divyesh Nihar)", "filerRelation": "Director", "moneyText": "", "startDate": "2010-01-08", "ownership": "D"}, {"maxAge": 1, "shares": 2000, "filerUrl": "", "transactionText": "", "filerName": "Boda (Divyesh Nihar)", "filerRelation": "Director", "moneyText": "", "startDate": "2010-01-07", "ownership": "D"}, {"maxAge": 1, "shares": 102000, "filerUrl": "", "transactionText": "", "filerName": "Boda (Divyesh Nihar)", "filerRelation": "Director", "moneyText": "", "startDate": "2009-12-30", "ownership": "D"}, {"maxAge": 1, "shares": 5000, "filerUrl": "", "transactionText": "", "filerName": "Boda (Divyesh Nihar)", "filerRelation": "Director", "moneyText": "", "startDate": "2009-12-23", "ownership": "D"}, {"maxAge": 1, "shares": 5000, "filerUrl": "", "transactionText": "", "filerName": "Boda (Divyesh Nihar)", "filerRelation": "Director", "moneyText": "", "startDate": "2009-12-16", "ownership": "D"}, {"maxAge": 1, "shares": 505, "filerUrl": "", "transactionText": "", "filerName": "Boda (Divyesh Nihar)", "filerRelation": "Director", "moneyText": "", "startDate": "2009-12-16", "ownership": "D"}, {"maxAge": 1, "shares": 5000, "filerUrl": "", "transactionText": "", "filerName": "Boda (Divyesh Nihar)", "filerRelation": "Director", "moneyText": "", "startDate": "2009-12-04", "ownership": "D"}, {"maxAge": 1, "shares": 52600, "filerUrl": "", "transactionText": "", "filerName": "Suryanarayana (B N S)", "filerRelation": "Managing Director", "moneyText": "", "startDate": "2009-09-10", "ownership": "D"}, {"maxAge": 1, "shares": 14900, "filerUrl": "", "transactionText": "", "filerName": "Suryanarayana (B N S)", "filerRelation": "Managing Director", "moneyText": "", "startDate": "2009-09-09", "ownership": "D"}, {"maxAge": 1, "shares": 2500, "filerUrl": "", "transactionText": "", "filerName": "Suryanarayana (B N S)", "filerRelation": "Managing Director", "moneyText": "", "startDate": "2009-08-18", "ownership": "D"}, {"maxAge": 1, "shares": 5000, "filerUrl": "", "transactionText": "", "filerName": "Suryanarayana (B N S)", "filerRelation": "Managing Director", "moneyText": "", "startDate": "2009-08-17", "ownership": "D"}], "maxAge": 1}, "quoteType": {"exchange": "BSE", "quoteType": "EQUITY", "symbol": "NIHARINF.BO", "underlyingSymbol": "NIHARINF.BO", "shortName": "NIHAR INFO GLOBAL LTD.", "longName": "Nihar Info Global Limited", "firstTradeDateEpochUtc": "2003-09-10 09:15:00", "timeZoneFullName": "Asia/Kolkata", "timeZoneShortName": "IST", "uuid": "e33bff50-3f3d-3965-8867-b48bed9fc081", "messageBoardId": null, "gmtOffSetMilliseconds": 19800000, "maxAge": 1}, "incomeStatementHistory": {"incomeStatementHistory": [{"maxAge": 1, "endDate": "2020-03-31", "totalRevenue": 74897000, "costOfRevenue": 63322000, "grossProfit": 11575000, "researchDevelopment": {}, "sellingGeneralAdministrative": {}, "nonRecurring": {}, "otherOperatingExpenses": 6346000, "totalOperatingExpenses": 69815000, "operatingIncome": 5082000, "totalOtherIncomeExpenseNet": -1192000, "ebit": 5082000, "interestExpense": -1193000, "incomeBeforeTax": 3890000, "incomeTaxExpense": 748000, "minorityInterest": {}, "netIncomeFromContinuingOps": 3142000, "discontinuedOperations": {}, "extraordinaryItems": {}, "effectOfAccountingCharges": {}, "otherItems": {}, "netIncome": 3142000, "netIncomeApplicableToCommonShares": 3142000}, {"maxAge": 1, "endDate": "2019-03-31", "totalRevenue": 57955443, "costOfRevenue": 46249077, "grossProfit": 11706366, "researchDevelopment": {}, "sellingGeneralAdministrative": 514800, "nonRecurring": {}, "otherOperatingExpenses": 10447528, "totalOperatingExpenses": 57433276, "operatingIncome": 522167, "totalOtherIncomeExpenseNet": -412316, "ebit": 522167, "interestExpense": -412316, "incomeBeforeTax": 109851, "incomeTaxExpense": -10521, "minorityInterest": {}, "netIncomeFromContinuingOps": 120372, "discontinuedOperations": {}, "extraordinaryItems": {}, "effectOfAccountingCharges": {}, "otherItems": {}, "netIncome": 120372, "netIncomeApplicableToCommonShares": 120372}, {"maxAge": 1, "endDate": "2018-03-31", "totalRevenue": 48806106, "costOfRevenue": 39220813, "grossProfit": 9585293, "researchDevelopment": {}, "sellingGeneralAdministrative": 514800, "nonRecurring": {}, "otherOperatingExpenses": 6235171, "totalOperatingExpenses": 45788168, "operatingIncome": 3017938, "totalOtherIncomeExpenseNet": -32800, "ebit": 3017938, "interestExpense": -32799, "incomeBeforeTax": 2985138, "incomeTaxExpense": 533799, "minorityInterest": {}, "netIncomeFromContinuingOps": 2451339, "discontinuedOperations": {}, "extraordinaryItems": {}, "effectOfAccountingCharges": {}, "otherItems": {}, "netIncome": 2451339, "netIncomeApplicableToCommonShares": 2451339}, {"maxAge": 1, "endDate": "2017-03-31", "totalRevenue": 15508028, "costOfRevenue": 9301910, "grossProfit": 6206118, "researchDevelopment": {}, "sellingGeneralAdministrative": 180000, "nonRecurring": {}, "otherOperatingExpenses": 3120258, "totalOperatingExpenses": 12954431, "operatingIncome": 2553597, "totalOtherIncomeExpenseNet": 0, "ebit": 2553597, "interestExpense": -32799, "incomeBeforeTax": 2553597, "incomeTaxExpense": 518795, "minorityInterest": {}, "netIncomeFromContinuingOps": 2034802, "discontinuedOperations": {}, "extraordinaryItems": {}, "effectOfAccountingCharges": {}, "otherItems": {}, "netIncome": 2034802, "netIncomeApplicableToCommonShares": 2034802}], "maxAge": 86400}, "fundOwnership": {"maxAge": 1, "ownershipList": []}, "summaryDetail": {"maxAge": 1, "priceHint": 4, "previousClose": 4.33, "open": 4.15, "dayLow": 4.15, "dayHigh": 4.49, "regularMarketPreviousClose": 4.33, "regularMarketOpen": 4.15, "regularMarketDayLow": 4.15, "regularMarketDayHigh": 4.49, "trailingPE": 20.328638, "volume": 17021, "regularMarketVolume": 17021, "averageVolume": 4902, "averageVolume10days": 1735, "averageDailyVolume10Day": 1735, "bid": 4.34, "ask": 4.35, "bidSize": 0, "askSize": 0, "marketCap": 35323056, "fiftyTwoWeekLow": 2.79, "fiftyTwoWeekHigh": 9.19, "fiftyDayAverage": 6.1645713, "twoHundredDayAverage": 4.4733577, "currency": "INR", "fromCurrency": null, "toCurrency": null, "lastMarket": null, "algorithm": null, "tradeable": false}, "incomeStatementHistoryQuarterly": {"incomeStatementHistory": [{"maxAge": 1, "endDate": "2020-06-30", "totalRevenue": 15142000, "costOfRevenue": 14302000, "grossProfit": 840000, "researchDevelopment": {}, "sellingGeneralAdministrative": {}, "nonRecurring": {}, "otherOperatingExpenses": 386000, "totalOperatingExpenses": 14711000, "operatingIncome": 431000, "totalOtherIncomeExpenseNet": -342000, "ebit": 431000, "interestExpense": -341000, "incomeBeforeTax": 89000, "incomeTaxExpense": 19000, "minorityInterest": {}, "netIncomeFromContinuingOps": 70000, "discontinuedOperations": {}, "extraordinaryItems": {}, "effectOfAccountingCharges": {}, "otherItems": {}, "netIncome": 70000, "netIncomeApplicableToCommonShares": 70000}, {"maxAge": 1, "endDate": "2020-03-31", "totalRevenue": 14469000, "costOfRevenue": 10503000, "grossProfit": 3966000, "researchDevelopment": {}, "sellingGeneralAdministrative": {}, "nonRecurring": {}, "otherOperatingExpenses": 3289000, "totalOperatingExpenses": 13829000, "operatingIncome": 640000, "totalOtherIncomeExpenseNet": -266000, "ebit": 640000, "interestExpense": -265000, "incomeBeforeTax": 374000, "incomeTaxExpense": 71000, "minorityInterest": {}, "netIncomeFromContinuingOps": 303000, "discontinuedOperations": {}, "extraordinaryItems": {}, "effectOfAccountingCharges": {}, "otherItems": {}, "netIncome": 303000, "netIncomeApplicableToCommonShares": 303000}, {"maxAge": 1, "endDate": "2019-12-31", "totalRevenue": 19503000, "costOfRevenue": 18063000, "grossProfit": 1440000, "researchDevelopment": {}, "sellingGeneralAdministrative": {}, "nonRecurring": {}, "otherOperatingExpenses": 629000, "totalOperatingExpenses": 18729000, "operatingIncome": 774000, "totalOtherIncomeExpenseNet": -343000, "ebit": 774000, "interestExpense": -344000, "incomeBeforeTax": 431000, "incomeTaxExpense": 83000, "minorityInterest": {}, "netIncomeFromContinuingOps": 348000, "discontinuedOperations": {}, "extraordinaryItems": {}, "effectOfAccountingCharges": {}, "otherItems": {}, "netIncome": 348000, "netIncomeApplicableToCommonShares": 348000}, {"maxAge": 1, "endDate": "2019-09-30", "totalRevenue": 20023000, "costOfRevenue": 17140000, "grossProfit": 2883000, "researchDevelopment": {}, "sellingGeneralAdministrative": {}, "nonRecurring": {}, "otherOperatingExpenses": 1400000, "totalOperatingExpenses": 18577000, "operatingIncome": 1446000, "totalOtherIncomeExpenseNet": -291000, "ebit": 1446000, "interestExpense": -291000, "incomeBeforeTax": 1155000, "incomeTaxExpense": 222000, "minorityInterest": {}, "netIncomeFromContinuingOps": 933000, "discontinuedOperations": {}, "extraordinaryItems": {}, "effectOfAccountingCharges": {}, "otherItems": {}, "netIncome": 933000, "netIncomeApplicableToCommonShares": 933000}], "maxAge": 86400}, "cashflowStatementHistoryQuarterly": {"cashflowStatements": [{"maxAge": 1, "endDate": "2020-06-30", "netIncome": 70000, "changeToLiabilities": 0}, {"maxAge": 1, "endDate": "2020-03-31", "netIncome": 303000, "changeToLiabilities": 0}, {"maxAge": 1, "endDate": "2019-12-31", "netIncome": 348000, "changeToLiabilities": 0}, {"maxAge": 1, "endDate": "2019-09-30", "netIncome": 933000, "changeToLiabilities": 0}], "maxAge": 86400}, "insiderHolders": {"holders": [{"maxAge": 1, "name": "Boda (Divyesh Nihar)", "relation": "Director", "url": "", "transactionDescription": "Sale", "latestTransDate": "2010-02-05", "positionDirectDate": "2010-02-05"}, {"maxAge": 1, "name": "Suryanarayana (B N S)", "relation": "Managing Director", "url": "", "transactionDescription": "Sale", "latestTransDate": "2009-09-10", "positionDirectDate": "2009-09-10"}], "maxAge": 1}, "calendarEvents": {"maxAge": 1, "earnings": {"earningsDate": []}}, "price": {"maxAge": 1, "regularMarketChangePercent": 0.0, "regularMarketChange": 0.0, "regularMarketTime": "2021-04-30 15:29:52", "priceHint": 4, "regularMarketPrice": 4.33, "regularMarketDayHigh": 4.49, "regularMarketDayLow": 4.15, "regularMarketVolume": 17021, "averageDailyVolume10Day": 1735, "averageDailyVolume3Month": 4902, "regularMarketPreviousClose": 4.33, "regularMarketSource": "FREE_REALTIME", "regularMarketOpen": 4.15, "exchange": "BSE", "exchangeName": "BSE", "exchangeDataDelayedBy": 0, "marketState": "CLOSED", "quoteType": "EQUITY", "symbol": "NIHARINF.BO", "underlyingSymbol": null, "shortName": "NIHAR INFO GLOBAL LTD.", "longName": "Nihar Info Global Limited", "currency": "INR", "quoteSourceName": "Delayed Quote", "currencySymbol": "\u20b9", "fromCurrency": null, "toCurrency": null, "lastMarket": null, "marketCap": 35323056}, "balanceSheetHistory": {"balanceSheetStatements": [{"maxAge": 1, "endDate": "2020-03-31", "cash": 705000, "netReceivables": 158706000, "inventory": 2202000, "otherCurrentAssets": 837000, "totalCurrentAssets": 162450000, "propertyPlantEquipment": 409000, "intangibleAssets": 24667000, "otherAssets": 546000, "deferredLongTermAssetCharges": 91000, "totalAssets": 188072000, "accountsPayable": 63264000, "otherCurrentLiab": 4617000, "totalCurrentLiabilities": 83177000, "totalLiab": 83177000, "commonStock": 81577000, "treasuryStock": 23318000, "otherStockholderEquity": 23318000, "totalStockholderEquity": 104895000, "netTangibleAssets": 80228000}, {"maxAge": 1, "endDate": "2019-03-31", "cash": 796510, "netReceivables": 92349908, "inventory": 5427544, "otherCurrentAssets": 1293202, "totalCurrentAssets": 99867164, "propertyPlantEquipment": 597602, "intangibleAssets": 23911779, "otherAssets": 602098, "deferredLongTermAssetCharges": 63073, "totalAssets": 124978643, "accountsPayable": 5534231, "otherCurrentLiab": 2937025, "totalCurrentLiabilities": 23226012, "totalLiab": 23226012, "commonStock": 81577480, "retainedEarnings": 10224186, "treasuryStock": 1876500, "capitalSurplus": 8074465, "otherStockholderEquity": 1876500, "totalStockholderEquity": 101752631, "netTangibleAssets": 77840852}, {"maxAge": 1, "endDate": "2018-03-31", "cash": 989196, "netReceivables": 71423980, "inventory": 1069865, "otherCurrentAssets": 220511, "totalCurrentAssets": 73703552, "propertyPlantEquipment": 406811, "intangibleAssets": 16557501, "otherAssets": 482406, "deferredLongTermAssetCharges": 52552, "totalAssets": 91150270, "accountsPayable": 3868650, "otherCurrentLiab": 2435433, "totalCurrentLiabilities": 14633472, "totalLiab": 14633472, "commonStock": 61466280, "retainedEarnings": 10103814, "capitalSurplus": 4946704, "totalStockholderEquity": 76516798, "netTangibleAssets": 59959297}, {"maxAge": 1, "endDate": "2017-03-31", "cash": 903195, "netReceivables": 50501303, "inventory": 377710, "otherCurrentAssets": 448679, "totalCurrentAssets": 52230887, "propertyPlantEquipment": 668726, "intangibleAssets": 14535427, "otherAssets": 224388, "deferredLongTermAssetCharges": 17533, "totalAssets": 67659428, "accountsPayable": 1032831, "otherCurrentLiab": 1913926, "otherLiab": 25393, "totalCurrentLiabilities": 9981561, "totalLiab": 10006954, "commonStock": 50000000, "retainedEarnings": 7652474, "totalStockholderEquity": 57652474, "netTangibleAssets": 43117047}], "maxAge": 86400}, "financialData": {"maxAge": 86400, "currentPrice": 4.33, "recommendationKey": "none", "grossProfits": 11575000, "financialCurrency": "INR"}}}