{"NIKHILAD.BO": {"recommendationTrend": {"trend": [{"period": "0m", "strongBuy": 0, "buy": 0, "hold": 0, "sell": 0, "strongSell": 0}, {"period": "-1m", "strongBuy": 0, "buy": 0, "hold": 0, "sell": 0, "strongSell": 0}, {"period": "-2m", "strongBuy": 0, "buy": 0, "hold": 0, "sell": 0, "strongSell": 0}, {"period": "-3m", "strongBuy": 0, "buy": 0, "hold": 0, "sell": 0, "strongSell": 0}], "maxAge": 86400}, "cashflowStatementHistory": {"cashflowStatements": [{"maxAge": 1, "endDate": "2020-03-31", "netIncome": 70228000, "depreciation": 28785000, "changeToNetincome": 96715000, "changeToAccountReceivables": 19656000, "changeToLiabilities": -133233000, "changeToInventory": 33630000, "changeToOperatingActivities": 106326000, "totalCashFromOperatingActivities": 222107000, "capitalExpenditures": -152357000, "investments": 13324000, "totalCashflowsFromInvestingActivities": -139033000, "dividendsPaid": -5539000, "netBorrowings": -4758000, "otherCashflowsFromFinancingActivities": -78961000, "totalCashFromFinancingActivities": -89258000, "changeInCash": -6184000}, {"maxAge": 1, "endDate": "2019-03-31", "netIncome": 52146871, "depreciation": 20722392, "changeToNetincome": 72597665, "changeToAccountReceivables": -187488200, "changeToLiabilities": 203031244, "changeToInventory": -62303034, "changeToOperatingActivities": 65279833, "totalCashFromOperatingActivities": 163986771, "capitalExpenditures": -103740818, "investments": 5132953, "otherCashflowsFromInvestingActivities": 1, "totalCashflowsFromInvestingActivities": -98607864, "dividendsPaid": -4594300, "netBorrowings": 16963099, "otherCashflowsFromFinancingActivities": -78324185, "totalCashFromFinancingActivities": -65955386, "changeInCash": -576479}, {"maxAge": 1, "endDate": "2018-03-31", "netIncome": 28564014, "depreciation": 17604461, "changeToNetincome": 88329327, "changeToAccountReceivables": -138066991, "changeToLiabilities": 218079456, "changeToInventory": -126857592, "changeToOperatingActivities": 23486887, "totalCashFromOperatingActivities": 111139562, "capitalExpenditures": -65462038, "investments": 4192062, "otherCashflowsFromInvestingActivities": 1, "totalCashflowsFromInvestingActivities": -61269976, "dividendsPaid": -4594300, "netBorrowings": -132521584, "otherCashflowsFromFinancingActivities": -62878012, "totalCashFromFinancingActivities": -51199596, "changeInCash": -1330010, "issuanceOfStock": 144200000}, {"maxAge": 1, "endDate": "2017-03-31", "netIncome": 20410481, "depreciation": 14875235, "changeToNetincome": 75511558, "changeToAccountReceivables": -206257784, "changeToLiabilities": -32377579, "changeToInventory": 47618832, "changeToOperatingActivities": 38097783, "totalCashFromOperatingActivities": -42121474, "capitalExpenditures": -24244806, "investments": 18948528, "otherCashflowsFromInvestingActivities": 1, "totalCashflowsFromInvestingActivities": -5296278, "dividendsPaid": -4594300, "netBorrowings": 107494983, "otherCashflowsFromFinancingActivities": -64791859, "totalCashFromFinancingActivities": 42703124, "changeInCash": -4714628, "issuanceOfStock": 144200000}], "maxAge": 86400}, "institutionOwnership": {"ownershipList": [], "maxAge": 1}, "balanceSheetHistoryQuarterly": {"balanceSheetStatements": [{"maxAge": 1, "endDate": "2020-06-30", "totalStockholderEquity": 457500000, "netTangibleAssets": 457500000}, {"maxAge": 1, "endDate": "2020-03-31", "cash": 14500000, "netReceivables": 960600000, "inventory": 366800000, "otherCurrentAssets": 49100000, "totalCurrentAssets": 1391000000, "longTermInvestments": 4300000, "propertyPlantEquipment": 500200000, "otherAssets": 13400000, "totalAssets": 1908900000, "accountsPayable": 866400000, "otherCurrentLiab": 260700000, "longTermDebt": 155400000, "otherLiab": 53800000, "totalCurrentLiabilities": 1242200000, "totalLiab": 1451400000, "commonStock": 46000000, "treasuryStock": 411500000, "otherStockholderEquity": 411500000, "totalStockholderEquity": 457500000, "netTangibleAssets": 457500000}, {"maxAge": 1, "endDate": "2019-12-31", "totalStockholderEquity": 430459000, "netTangibleAssets": 430459000}, {"maxAge": 1, "endDate": "2019-09-30", "cash": 16453000, "netReceivables": 855777000, "inventory": 385735000, "otherCurrentAssets": 70172000, "totalCurrentAssets": 1328137000, "longTermInvestments": 4652000, "propertyPlantEquipment": 439771000, "otherAssets": 24932000, "totalAssets": 1797492000, "accountsPayable": 969782000, "otherCurrentLiab": 207681000, "longTermDebt": 121533000, "otherLiab": 47063000, "totalCurrentLiabilities": 1198437000, "totalLiab": 1367033000, "commonStock": 46050000, "treasuryStock": 384409000, "otherStockholderEquity": 384409000, "totalStockholderEquity": 430459000, "netTangibleAssets": 430459000}], "maxAge": 86400}, "earningsHistory": {"history": [{"maxAge": 1, "epsActual": {}, "epsEstimate": {}, "epsDifference": {}, "surprisePercent": {}, "quarter": {}, "period": "-4q"}, {"maxAge": 1, "epsActual": {}, "epsEstimate": {}, "epsDifference": {}, "surprisePercent": {}, "quarter": {}, "period": "-3q"}, {"maxAge": 1, "epsActual": {}, "epsEstimate": {}, "epsDifference": {}, "surprisePercent": {}, "quarter": {}, "period": "-2q"}, {"maxAge": 1, "epsActual": {}, "epsEstimate": {}, "epsDifference": {}, "surprisePercent": {}, "quarter": {}, "period": "-1q"}], "maxAge": 86400}, "indexTrend": {"maxAge": 1, "symbol": "SP5", "peRatio": 19.7411, "pegRatio": 1.34172, "estimates": [{"period": "0q", "growth": 0.549}, {"period": "+1q", "growth": 0.431}, {"period": "0y", "growth": 0.305}, {"period": "+1y", "growth": 0.109}, {"period": "+5y", "growth": 0.120859005}, {"period": "-5y"}]}, "industryTrend": {"maxAge": 1, "symbol": null, "estimates": []}, "insiderTransactions": {"transactions": [{"maxAge": 1, "shares": 0, "filerUrl": "", "transactionText": "", "filerName": "Sanghavi (Rekha Tarak)", "filerRelation": "Promoter", "moneyText": "", "startDate": "2019-09-04", "ownership": "I"}, {"maxAge": 1, "shares": 130043, "filerUrl": "", "transactionText": "", "filerName": "Sanghavi (Rekha Tarak)", "filerRelation": "Promoter", "moneyText": "", "startDate": "2019-09-04", "ownership": "D"}, {"maxAge": 1, "shares": 18364, "filerUrl": "", "transactionText": "", "filerName": "Sanghavi (Anita Umesh)", "filerRelation": "Promoter", "moneyText": "", "startDate": "2019-09-04", "ownership": "D"}, {"maxAge": 1, "shares": 0, "filerUrl": "", "transactionText": "", "filerName": "Sanghavi (Anita Umesh)", "filerRelation": "Promoter", "moneyText": "", "startDate": "2019-09-04", "ownership": "I"}, {"maxAge": 1, "shares": 0, "filerUrl": "", "transactionText": "", "filerName": "Sanghavi (Mrunalini Rajendra)", "filerRelation": "Promoter", "moneyText": "", "startDate": "2019-09-04", "ownership": "I"}, {"maxAge": 1, "shares": 300000, "filerUrl": "", "transactionText": "", "filerName": "Sanghavi (Ashok Jayantilal)", "filerRelation": "Promoter", "moneyText": "", "startDate": "2019-09-04", "ownership": "D"}, {"maxAge": 1, "shares": 0, "filerUrl": "", "transactionText": "", "filerName": "Sanghavi (Ashok Jayantilal)", "filerRelation": "Promoter", "moneyText": "", "startDate": "2019-09-04", "ownership": "I"}, {"maxAge": 1, "shares": 151593, "filerUrl": "", "transactionText": "", "filerName": "Sanghavi (Mrunalini Rajendra)", "filerRelation": "Promoter", "moneyText": "", "startDate": "2019-09-04", "ownership": "D"}, {"maxAge": 1, "shares": 44300, "filerUrl": "", "transactionText": "", "filerName": "Sanghavi (Mrunalini Rajendra)", "filerRelation": "Promoter", "moneyText": "", "startDate": "2019-09-03", "ownership": "D"}, {"maxAge": 1, "shares": 0, "filerUrl": "", "transactionText": "", "filerName": "Sanghavi (Rekha Tarak)", "filerRelation": "Promoter", "moneyText": "", "startDate": "2019-09-03", "ownership": "I"}, {"maxAge": 1, "shares": 44000, "filerUrl": "", "transactionText": "", "filerName": "Sanghavi (Rekha Tarak)", "filerRelation": "Promoter", "moneyText": "", "startDate": "2019-09-03", "ownership": "D"}, {"maxAge": 1, "shares": 0, "filerUrl": "", "transactionText": "", "filerName": "Sanghavi (Mrunalini Rajendra)", "filerRelation": "Promoter", "moneyText": "", "startDate": "2019-09-03", "ownership": "I"}, {"maxAge": 1, "shares": 0, "filerUrl": "", "transactionText": "", "filerName": "Sanghavi (Ashok Jayantilal)", "filerRelation": "Promoter", "moneyText": "", "startDate": "2019-09-03", "ownership": "I"}, {"maxAge": 1, "shares": 132000, "filerUrl": "", "transactionText": "", "filerName": "Sanghavi (Ashok Jayantilal)", "filerRelation": "Promoter", "moneyText": "", "startDate": "2019-09-03", "ownership": "D"}, {"maxAge": 1, "shares": 0, "filerUrl": "", "transactionText": "", "filerName": "Sanghavi (Anita Umesh)", "filerRelation": "Promoter", "moneyText": "", "startDate": "2019-09-03", "ownership": "I"}, {"maxAge": 1, "shares": 44000, "filerUrl": "", "transactionText": "", "filerName": "Sanghavi (Anita Umesh)", "filerRelation": "Promoter", "moneyText": "", "startDate": "2019-09-03", "ownership": "D"}, {"maxAge": 1, "shares": 75900, "filerUrl": "", "transactionText": "", "filerName": "Sanghavi (Anita Umesh)", "filerRelation": "Promoter", "moneyText": "", "startDate": "2014-01-16", "ownership": "D"}, {"maxAge": 1, "shares": 20000, "filerUrl": "", "transactionText": "", "filerName": "Sanghavi (Mrunalini Rajendra)", "filerRelation": "Promoter", "moneyText": "", "startDate": "2013-03-30", "ownership": "D"}, {"maxAge": 1, "shares": 45000, "filerUrl": "", "transactionText": "", "filerName": "Sanghavi (Rekha Tarak)", "filerRelation": "Promoter", "moneyText": "", "startDate": "2013-03-30", "ownership": "D"}, {"maxAge": 1, "shares": 0, "filerUrl": "", "transactionText": "", "filerName": "Sanghavi (Rekha Tarak)", "filerRelation": "Promoter", "moneyText": "", "startDate": "2013-03-30", "ownership": "I"}, {"maxAge": 1, "shares": 272400, "filerUrl": "", "transactionText": "", "filerName": "Sanghavi (Ashok Jayantilal)", "filerRelation": "UNREPORTED", "moneyText": "", "startDate": "2010-11-11", "ownership": "D"}, {"maxAge": 1, "shares": 48240, "filerUrl": "", "transactionText": "", "filerName": "Sanghavi (Mrunalini Rajendra)", "filerRelation": "UNREPORTED", "moneyText": "", "startDate": "2010-03-23", "ownership": "D"}, {"maxAge": 1, "shares": 30770, "filerUrl": "", "transactionText": "", "filerName": "Sanghavi (Nikhil Umesh)", "filerRelation": "UNREPORTED", "moneyText": "", "startDate": "2010-03-23", "ownership": "D"}, {"maxAge": 1, "shares": 57040, "filerUrl": "", "transactionText": "", "filerName": "Sanghavi (Rekha Tarak)", "filerRelation": "UNREPORTED", "moneyText": "", "startDate": "2010-03-23", "ownership": "D"}], "maxAge": 1}, "quoteType": {"exchange": "BSE", "quoteType": "EQUITY", "symbol": "NIKHILAD.BO", "underlyingSymbol": "NIKHILAD.BO", "shortName": "NIKHIL ADHESIVES LTD.", "longName": "Nikhil Adhesives Limited", "firstTradeDateEpochUtc": "2002-05-14 09:15:00", "timeZoneFullName": "Asia/Kolkata", "timeZoneShortName": "IST", "uuid": "4f5b2e6b-44c1-3786-975d-7cd0c54bff44", "gmtOffSetMilliseconds": 19800000, "maxAge": 1}, "incomeStatementHistory": {"incomeStatementHistory": [{"maxAge": 1, "endDate": "2020-03-31", "totalRevenue": 4217092000, "costOfRevenue": 3546834000, "grossProfit": 670258000, "researchDevelopment": {}, "sellingGeneralAdministrative": 117751000, "nonRecurring": {}, "otherOperatingExpenses": 361475000, "totalOperatingExpenses": 4054845000, "operatingIncome": 162247000, "totalOtherIncomeExpenseNet": -70785000, "ebit": 162247000, "interestExpense": -78304000, "incomeBeforeTax": 91462000, "incomeTaxExpense": 21234000, "minorityInterest": {}, "netIncomeFromContinuingOps": 70228000, "discontinuedOperations": {}, "extraordinaryItems": {}, "effectOfAccountingCharges": {}, "otherItems": {}, "netIncome": 70228000, "netIncomeApplicableToCommonShares": 70228000}, {"maxAge": 1, "endDate": "2019-03-31", "totalRevenue": 4463618089, "costOfRevenue": 3926542319, "grossProfit": 537075770, "researchDevelopment": {}, "sellingGeneralAdministrative": 118936532, "nonRecurring": {}, "otherOperatingExpenses": 252267973, "totalOperatingExpenses": 4318308640, "operatingIncome": 145309449, "totalOtherIncomeExpenseNet": -70990781, "ebit": 145309449, "interestExpense": -40181488, "incomeBeforeTax": 74318668, "incomeTaxExpense": 22171797, "minorityInterest": {}, "netIncomeFromContinuingOps": 52146871, "discontinuedOperations": {}, "extraordinaryItems": {}, "effectOfAccountingCharges": {}, "otherItems": {}, "netIncome": 52146871, "netIncomeApplicableToCommonShares": 52146871}, {"maxAge": 1, "endDate": "2018-03-31", "totalRevenue": 3302298087, "costOfRevenue": 2881029366, "grossProfit": 421268721, "researchDevelopment": {}, "sellingGeneralAdministrative": 103765197, "nonRecurring": {}, "otherOperatingExpenses": 189208775, "totalOperatingExpenses": 3191607799, "operatingIncome": 110690288, "totalOtherIncomeExpenseNet": -67358070, "ebit": 110690288, "interestExpense": -36764873, "incomeBeforeTax": 43332218, "incomeTaxExpense": 14768204, "minorityInterest": {}, "netIncomeFromContinuingOps": 28564014, "discontinuedOperations": {}, "extraordinaryItems": {}, "effectOfAccountingCharges": {}, "otherItems": {}, "netIncome": 28564014, "netIncomeApplicableToCommonShares": 28564014}, {"maxAge": 1, "endDate": "2017-03-31", "totalRevenue": 2596567044, "costOfRevenue": 2260411039, "grossProfit": 336156005, "researchDevelopment": {}, "sellingGeneralAdministrative": 79433383, "nonRecurring": {}, "otherOperatingExpenses": 143587092, "totalOperatingExpenses": 2498146173, "operatingIncome": 98420871, "totalOtherIncomeExpenseNet": -67877608, "ebit": 98420871, "interestExpense": -36617242, "incomeBeforeTax": 30543263, "incomeTaxExpense": 10132782, "minorityInterest": {}, "netIncomeFromContinuingOps": 20410481, "discontinuedOperations": {}, "extraordinaryItems": {}, "effectOfAccountingCharges": {}, "otherItems": {}, "netIncome": 20410481, "netIncomeApplicableToCommonShares": 20410481}], "maxAge": 86400}, "fundOwnership": {"ownershipList": [], "maxAge": 1}, "summaryDetail": {"maxAge": 1, "priceHint": 2, "previousClose": 438.45, "open": 450.0, "dayLow": 427.35, "dayHigh": 460.35, "regularMarketPreviousClose": 438.45, "regularMarketOpen": 450.0, "regularMarketDayLow": 427.35, "regularMarketDayHigh": 460.35, "trailingPE": 67.33217, "volume": 2363, "regularMarketVolume": 2363, "averageVolume": 3915, "averageVolume10days": 1728, "averageDailyVolume10Day": 1728, "bid": 460.35, "ask": 0.0, "bidSize": 0, "askSize": 0, "marketCap": 2114985984, "fiftyTwoWeekLow": 77.6, "fiftyTwoWeekHigh": 460.35, "fiftyDayAverage": 201.7697, "twoHundredDayAverage": 164.57317, "trailingAnnualDividendRate": 1.0, "trailingAnnualDividendYield": 0.0022807617, "currency": "INR", "fromCurrency": null, "lastMarket": null, "algorithm": null, "tradeable": false}, "sectorTrend": {"maxAge": 1, "symbol": null, "estimates": []}, "incomeStatementHistoryQuarterly": {"incomeStatementHistory": [{"maxAge": 1, "endDate": "2020-06-30", "totalRevenue": 295851000, "costOfRevenue": 236046000, "grossProfit": 59805000, "researchDevelopment": {}, "sellingGeneralAdministrative": 27409000, "nonRecurring": {}, "otherOperatingExpenses": 40314000, "totalOperatingExpenses": 311692000, "operatingIncome": -15841000, "totalOtherIncomeExpenseNet": -16133000, "ebit": -15841000, "interestExpense": -16133000, "incomeBeforeTax": -31974000, "incomeTaxExpense": -8444000, "minorityInterest": {}, "netIncomeFromContinuingOps": -23530000, "discontinuedOperations": {}, "extraordinaryItems": {}, "effectOfAccountingCharges": {}, "otherItems": {}, "netIncome": -23530000, "netIncomeApplicableToCommonShares": -23530000}, {"maxAge": 1, "endDate": "2020-03-31", "totalRevenue": 1153796000, "costOfRevenue": 956434000, "grossProfit": 197362000, "researchDevelopment": {}, "sellingGeneralAdministrative": 30775000, "nonRecurring": {}, "otherOperatingExpenses": 126561000, "totalOperatingExpenses": 1121843000, "operatingIncome": 31953000, "totalOtherIncomeExpenseNet": -14479000, "ebit": 31953000, "interestExpense": -14662000, "incomeBeforeTax": 17474000, "incomeTaxExpense": 2236000, "minorityInterest": {}, "netIncomeFromContinuingOps": 15238000, "discontinuedOperations": {}, "extraordinaryItems": {}, "effectOfAccountingCharges": {}, "otherItems": {}, "netIncome": 15238000, "netIncomeApplicableToCommonShares": 15238000}, {"maxAge": 1, "endDate": "2019-12-31", "totalRevenue": 1003833000, "costOfRevenue": 839291000, "grossProfit": 164542000, "researchDevelopment": {}, "sellingGeneralAdministrative": 30188000, "nonRecurring": {}, "otherOperatingExpenses": 80520000, "totalOperatingExpenses": 957539000, "operatingIncome": 46294000, "totalOtherIncomeExpenseNet": -18292000, "ebit": 46294000, "interestExpense": -18348000, "incomeBeforeTax": 28002000, "incomeTaxExpense": 10172000, "minorityInterest": {}, "netIncomeFromContinuingOps": 17830000, "discontinuedOperations": {}, "extraordinaryItems": {}, "effectOfAccountingCharges": {}, "otherItems": {}, "netIncome": 17830000, "netIncomeApplicableToCommonShares": 17830000}, {"maxAge": 1, "endDate": "2019-09-30", "totalRevenue": 1004184000, "costOfRevenue": 840026000, "grossProfit": 164158000, "researchDevelopment": {}, "sellingGeneralAdministrative": 30815000, "nonRecurring": {}, "otherOperatingExpenses": 84553000, "totalOperatingExpenses": 961450000, "operatingIncome": 42734000, "totalOtherIncomeExpenseNet": -18281000, "ebit": 42734000, "interestExpense": -22790000, "incomeBeforeTax": 24453000, "incomeTaxExpense": 1552000, "minorityInterest": {}, "netIncomeFromContinuingOps": 22901000, "discontinuedOperations": {}, "extraordinaryItems": {}, "effectOfAccountingCharges": {}, "otherItems": {}, "netIncome": 22901000, "netIncomeApplicableToCommonShares": 22901000}], "maxAge": 86400}, "cashflowStatementHistoryQuarterly": {"cashflowStatements": [{"maxAge": 1, "endDate": "2020-06-30", "netIncome": -23530000, "changeToLiabilities": 0}, {"maxAge": 1, "endDate": "2020-03-31", "netIncome": 15238000, "changeToLiabilities": 0}, {"maxAge": 1, "endDate": "2019-12-31", "netIncome": 17830000, "changeToLiabilities": 0}, {"maxAge": 1, "endDate": "2019-09-30", "netIncome": 22901000, "changeToLiabilities": 0}], "maxAge": 86400}, "insiderHolders": {"holders": [{"maxAge": 1, "name": "Sanghavi (Anita Umesh)", "relation": "Promoter", "url": "", "transactionDescription": "Gift", "latestTransDate": "2019-09-04", "positionDirect": 302104, "positionDirectDate": "2019-09-04"}, {"maxAge": 1, "name": "Sanghavi (Ashok Jayantilal)", "relation": "Promoter", "url": "", "transactionDescription": "Gift", "latestTransDate": "2019-09-04", "positionDirect": 23180, "positionDirectDate": "2019-09-04"}, {"maxAge": 1, "name": "Sanghavi (Mrunalini Rajendra)", "relation": "Promoter", "url": "", "transactionDescription": "Gift", "latestTransDate": "2019-09-04", "positionIndirect": 432673, "positionIndirectDate": 1567555200}, {"maxAge": 1, "name": "Sanghavi (Nikhil Umesh)", "relation": "UNREPORTED", "url": "", "transactionDescription": "Acquisition", "latestTransDate": "2010-03-23", "positionDirect": 78750, "positionDirectDate": "2010-03-23"}, {"maxAge": 1, "name": "Sanghavi (Rekha Tarak)", "relation": "Promoter", "url": "", "transactionDescription": "Gift", "latestTransDate": "2019-09-04", "positionIndirect": 445483, "positionIndirectDate": 1567555200}], "maxAge": 1}, "earnings": {"maxAge": 86400, "earningsChart": {"quarterly": [], "earningsDate": []}, "financialsChart": {"yearly": [{"date": 2017, "revenue": 2596567044, "earnings": 20410481}, {"date": 2018, "revenue": 3302298087, "earnings": 28564014}, {"date": 2019, "revenue": 4463618089, "earnings": 52146871}, {"date": 2020, "revenue": 4217092000, "earnings": 70228000}], "quarterly": [{"date": "3Q2019", "revenue": 1004184000, "earnings": 22901000}, {"date": "4Q2019", "revenue": 1003833000, "earnings": 17830000}, {"date": "1Q2020", "revenue": 1153796000, "earnings": 15238000}, {"date": "2Q2020", "revenue": 295851000, "earnings": -23530000}]}, "financialCurrency": "INR"}, "calendarEvents": {"maxAge": 1, "earnings": {"earningsDate": []}}, "upgradeDowngradeHistory": {"history": [], "maxAge": 86400}, "price": {"maxAge": 1, "regularMarketChangePercent": 0.04994867, "regularMarketChange": 21.899994, "regularMarketTime": "2021-04-30 15:19:39", "priceHint": 2, "regularMarketPrice": 460.35, "regularMarketDayHigh": 460.35, "regularMarketDayLow": 427.35, "regularMarketVolume": 2363, "averageDailyVolume10Day": 1728, "averageDailyVolume3Month": 3915, "regularMarketPreviousClose": 438.45, "regularMarketSource": "FREE_REALTIME", "regularMarketOpen": 450.0, "exchange": "BSE", "exchangeName": "BSE", "exchangeDataDelayedBy": 0, "marketState": "CLOSED", "quoteType": "EQUITY", "symbol": "NIKHILAD.BO", "underlyingSymbol": null, "shortName": "NIKHIL ADHESIVES LTD.", "longName": "Nikhil Adhesives Limited", "currency": "INR", "quoteSourceName": "Delayed Quote", "currencySymbol": "\u20b9", "fromCurrency": null, "lastMarket": null, "marketCap": 2114985984}, "balanceSheetHistory": {"balanceSheetStatements": [{"maxAge": 1, "endDate": "2020-03-31", "cash": 14500000, "netReceivables": 960600000, "inventory": 366800000, "otherCurrentAssets": 49100000, "totalCurrentAssets": 1391000000, "longTermInvestments": 4300000, "propertyPlantEquipment": 500200000, "otherAssets": 13400000, "totalAssets": 1908900000, "accountsPayable": 866400000, "otherCurrentLiab": 260700000, "longTermDebt": 155400000, "otherLiab": 53800000, "totalCurrentLiabilities": 1242200000, "totalLiab": 1451400000, "commonStock": 45953000, "treasuryStock": 411547000, "otherStockholderEquity": 411547000, "totalStockholderEquity": 457500000, "netTangibleAssets": 457500000}, {"maxAge": 1, "endDate": "2019-03-31", "cash": 11244805, "shortTermInvestments": 22190063, "netReceivables": 982201700, "inventory": 400443692, "otherCurrentAssets": 50370199, "totalCurrentAssets": 1469679085, "longTermInvestments": 788585, "propertyPlantEquipment": 374573214, "otherAssets": 19516591, "totalAssets": 1864557475, "accountsPayable": 978651102, "shortLongTermDebt": 51792096, "otherCurrentLiab": 65910559, "longTermDebt": 152763645, "otherLiab": 39904412, "totalCurrentLiabilities": 1275982890, "totalLiab": 1468650947, "commonStock": 45943000, "retainedEarnings": 200524707, "treasuryStock": -561179, "capitalSurplus": 150000000, "otherStockholderEquity": -561179, "totalStockholderEquity": 395906528, "netTangibleAssets": 395906528}, {"maxAge": 1, "endDate": "2018-03-31", "cash": 11821284, "shortTermInvestments": 19907814, "netReceivables": 788329667, "inventory": 338140658, "otherCurrentAssets": 86014189, "totalCurrentAssets": 1246685841, "longTermInvestments": 8079854, "propertyPlantEquipment": 298999409, "otherAssets": 11984819, "totalAssets": 1565749923, "accountsPayable": 798175103, "shortLongTermDebt": 28305438, "otherCurrentLiab": 37367227, "longTermDebt": 140760174, "otherLiab": 26978449, "totalCurrentLiabilities": 1047652017, "totalLiab": 1215390640, "commonStock": 45943000, "retainedEarnings": 153916505, "treasuryStock": 499778, "capitalSurplus": 150000000, "otherStockholderEquity": 499778, "totalStockholderEquity": 350359283, "netTangibleAssets": 350359283}, {"maxAge": 1, "endDate": "2017-03-31", "cash": 45698971, "netReceivables": 658795279, "inventory": 211283066, "otherCurrentAssets": 114552951, "totalCurrentAssets": 1037122654, "longTermInvestments": 147697, "propertyPlantEquipment": 235426256, "otherAssets": 27203738, "totalAssets": 1299900345, "accountsPayable": 575350371, "shortLongTermDebt": 25600886, "otherCurrentLiab": 30445719, "longTermDebt": 264163045, "otherLiab": 20937806, "totalCurrentLiabilities": 836785927, "totalLiab": 1121886778, "commonStock": 38943000, "retainedEarnings": 125730500, "treasuryStock": 540067, "capitalSurplus": 12800000, "otherStockholderEquity": 540067, "totalStockholderEquity": 178013567, "netTangibleAssets": 178013567}], "maxAge": 86400}, "earningsTrend": {"trend": [{"maxAge": 1, "period": "0q", "endDate": null, "growth": {}, "earningsEstimate": {"avg": 0.0, "low": 0.0, "high": 0.0, "yearAgoEps": {}, "numberOfAnalysts": 0, "growth": {}}, "revenueEstimate": {"avg": 0, "low": 0, "high": 0, "numberOfAnalysts": 0, "yearAgoRevenue": {}, "growth": {}}, "epsTrend": {"current": 0.0, "7daysAgo": 0.0, "30daysAgo": 0.0, "60daysAgo": 0.0, "90daysAgo": 0.0}, "epsRevisions": {"upLast7days": 0, "upLast30days": 0, "downLast30days": 0, "downLast90days": {}}}, {"maxAge": 1, "period": "+1q", "endDate": null, "growth": {}, "earningsEstimate": {"avg": 0.0, "low": 0.0, "high": 0.0, "yearAgoEps": {}, "numberOfAnalysts": 0, "growth": {}}, "revenueEstimate": {"avg": 0, "low": 0, "high": 0, "numberOfAnalysts": 0, "yearAgoRevenue": {}, "growth": {}}, "epsTrend": {"current": 0.0, "7daysAgo": 0.0, "30daysAgo": 0.0, "60daysAgo": 0.0, "90daysAgo": 0.0}, "epsRevisions": {"upLast7days": 0, "upLast30days": 0, "downLast30days": 0, "downLast90days": {}}}, {"maxAge": 1, "period": "0y", "endDate": null, "growth": {}, "earningsEstimate": {"avg": 0.0, "low": 0.0, "high": 0.0, "yearAgoEps": {}, "numberOfAnalysts": 0, "growth": {}}, "revenueEstimate": {"avg": 0, "low": 0, "high": 0, "numberOfAnalysts": 0, "yearAgoRevenue": {}, "growth": {}}, "epsTrend": {"current": 0.0, "7daysAgo": 0.0, "30daysAgo": 0.0, "60daysAgo": 0.0, "90daysAgo": 0.0}, "epsRevisions": {"upLast7days": 0, "upLast30days": 0, "downLast30days": 0, "downLast90days": {}}}, {"maxAge": 1, "period": "+1y", "endDate": null, "growth": {}, "earningsEstimate": {"avg": 0.0, "low": 0.0, "high": 0.0, "yearAgoEps": {}, "numberOfAnalysts": 0, "growth": {}}, "revenueEstimate": {"avg": 0, "low": 0, "high": 0, "numberOfAnalysts": 0, "yearAgoRevenue": {}, "growth": {}}, "epsTrend": {"current": 0.0, "7daysAgo": 0.0, "30daysAgo": 0.0, "60daysAgo": 0.0, "90daysAgo": 0.0}, "epsRevisions": {"upLast7days": 0, "upLast30days": 0, "downLast30days": 0, "downLast90days": {}}}, {"maxAge": 1, "period": "+5y", "endDate": null, "growth": {}, "earningsEstimate": {"avg": {}, "low": {}, "high": {}, "yearAgoEps": {}, "numberOfAnalysts": {}, "growth": {}}, "revenueEstimate": {"avg": {}, "low": {}, "high": {}, "numberOfAnalysts": {}, "yearAgoRevenue": {}, "growth": {}}, "epsTrend": {"current": {}, "7daysAgo": {}, "30daysAgo": {}, "60daysAgo": {}, "90daysAgo": {}}, "epsRevisions": {"upLast7days": {}, "upLast30days": {}, "downLast30days": {}, "downLast90days": {}}}, {"maxAge": 1, "period": "-5y", "endDate": null, "growth": {}, "earningsEstimate": {"avg": {}, "low": {}, "high": {}, "yearAgoEps": {}, "numberOfAnalysts": {}, "growth": {}}, "revenueEstimate": {"avg": {}, "low": {}, "high": {}, "numberOfAnalysts": {}, "yearAgoRevenue": {}, "growth": {}}, "epsTrend": {"current": {}, "7daysAgo": {}, "30daysAgo": {}, "60daysAgo": {}, "90daysAgo": {}}, "epsRevisions": {"upLast7days": {}, "upLast30days": {}, "downLast30days": {}, "downLast90days": {}}}], "maxAge": 1}, "financialData": {"maxAge": 86400, "currentPrice": 460.35, "recommendationKey": "none", "grossProfits": 670258000, "financialCurrency": "INR"}}}