{"NILA.BO": {"recommendationTrend": {"trend": [{"period": "0m", "strongBuy": 0, "buy": 0, "hold": 0, "sell": 0, "strongSell": 0}, {"period": "-1m", "strongBuy": 0, "buy": 0, "hold": 0, "sell": 0, "strongSell": 0}, {"period": "-2m", "strongBuy": 0, "buy": 0, "hold": 0, "sell": 0, "strongSell": 0}, {"period": "-3m", "strongBuy": 0, "buy": 0, "hold": 0, "sell": 0, "strongSell": 0}], "maxAge": 86400}, "cashflowStatementHistory": {"cashflowStatements": [{"maxAge": 1, "endDate": "2020-03-31", "netIncome": 164935000, "depreciation": 17425000, "changeToNetincome": 53407000, "changeToAccountReceivables": -346814000, "changeToLiabilities": 19102000, "changeToInventory": 315145000, "changeToOperatingActivities": 63987000, "totalCashFromOperatingActivities": 287227000, "capitalExpenditures": -8390000, "investments": -8994000, "otherCashflowsFromInvestingActivities": -67339000, "totalCashflowsFromInvestingActivities": -94645000, "netBorrowings": -26080000, "otherCashflowsFromFinancingActivities": -167717000, "totalCashFromFinancingActivities": -193797000, "changeInCash": -1215000}, {"maxAge": 1, "endDate": "2019-03-31", "netIncome": 200125000, "depreciation": 18603000, "changeToNetincome": 81822000, "changeToAccountReceivables": 12477000, "changeToLiabilities": 60451000, "changeToInventory": -159909000, "changeToOperatingActivities": -395637000, "totalCashFromOperatingActivities": -182052000, "capitalExpenditures": -11469000, "investments": 24352000, "otherCashflowsFromInvestingActivities": 23800000, "totalCashflowsFromInvestingActivities": 168444000, "dividendsPaid": -43328000, "netBorrowings": 190684000, "otherCashflowsFromFinancingActivities": -139172000, "totalCashFromFinancingActivities": 8184000, "changeInCash": -5424000}, {"maxAge": 1, "endDate": "2018-03-31", "netIncome": 199955000, "depreciation": 17215000, "changeToNetincome": 69912000, "changeToAccountReceivables": -50804000, "changeToLiabilities": 158199000, "changeToInventory": -40266000, "changeToOperatingActivities": -327011000, "totalCashFromOperatingActivities": 27200000, "capitalExpenditures": -13302000, "investments": 8648000, "otherCashflowsFromInvestingActivities": -63712000, "totalCashflowsFromInvestingActivities": -121936000, "dividendsPaid": -43326000, "netBorrowings": 239809000, "otherCashflowsFromFinancingActivities": -119804000, "totalCashFromFinancingActivities": 80547000, "changeInCash": -14189000, "issuanceOfStock": 3868000}, {"maxAge": 1, "endDate": "2017-03-31", "netIncome": 148710000, "depreciation": 16164000, "changeToNetincome": 14626000, "changeToAccountReceivables": -100687000, "changeToLiabilities": 68577000, "changeToInventory": -90054000, "changeToOperatingActivities": 281162000, "totalCashFromOperatingActivities": 338498000, "capitalExpenditures": -28983000, "investments": -75851000, "otherCashflowsFromInvestingActivities": -56154000, "totalCashflowsFromInvestingActivities": -218482000, "dividendsPaid": -43225000, "netBorrowings": -49117000, "otherCashflowsFromFinancingActivities": -97819000, "totalCashFromFinancingActivities": -101269000, "changeInCash": 18747000, "issuanceOfStock": 88892000}], "maxAge": 86400}, "institutionOwnership": {"maxAge": 1, "ownershipList": []}, "balanceSheetHistoryQuarterly": {"balanceSheetStatements": [{"maxAge": 1, "endDate": "2020-06-30", "totalStockholderEquity": 1355191000, "netTangibleAssets": 1355084000}, {"maxAge": 1, "endDate": "2020-03-31", "cash": 6695000, "shortTermInvestments": 909000, "netReceivables": 1240727000, "inventory": 484973000, "otherCurrentAssets": 525847000, "totalCurrentAssets": 2272983000, "longTermInvestments": 65222000, "propertyPlantEquipment": 68036000, "intangibleAssets": 107000, "otherAssets": 1041866000, "totalAssets": 3448214000, "accountsPayable": 427171000, "shortLongTermDebt": 93163000, "otherCurrentLiab": 368346000, "longTermDebt": 999093000, "otherLiab": 100148000, "totalCurrentLiabilities": 993782000, "totalLiab": 2093023000, "commonStock": 393889000, "retainedEarnings": 957931000, "capitalSurplus": 3371000, "totalStockholderEquity": 1355191000, "netTangibleAssets": 1355084000}, {"maxAge": 1, "endDate": "2019-12-31", "totalStockholderEquity": 1286685000, "netTangibleAssets": 1286602000}, {"maxAge": 1, "endDate": "2019-09-30", "cash": 68608000, "netReceivables": 441175000, "inventory": 818966000, "otherCurrentAssets": 1351336000, "totalCurrentAssets": 2680085000, "longTermInvestments": 104858000, "propertyPlantEquipment": 67296000, "intangibleAssets": 83000, "otherAssets": 1051118000, "totalAssets": 3903440000, "accountsPayable": 484572000, "shortLongTermDebt": 157848000, "otherCurrentLiab": 587790000, "longTermDebt": 1155909000, "otherLiab": 63239000, "totalCurrentLiabilities": 1397607000, "totalLiab": 2616755000, "commonStock": 393889000, "treasuryStock": 892796000, "otherStockholderEquity": 892796000, "totalStockholderEquity": 1286685000, "netTangibleAssets": 1286602000}], "maxAge": 86400}, "earningsHistory": {"history": [{"maxAge": 1, "epsActual": {}, "epsEstimate": {}, "epsDifference": {}, "surprisePercent": {}, "quarter": {}, "period": "-4q"}, {"maxAge": 1, "epsActual": {}, "epsEstimate": {}, "epsDifference": {}, "surprisePercent": {}, "quarter": {}, "period": "-3q"}, {"maxAge": 1, "epsActual": {}, "epsEstimate": {}, "epsDifference": {}, "surprisePercent": {}, "quarter": {}, "period": "-2q"}, {"maxAge": 1, "epsActual": 0.15, "epsEstimate": 0.22, "epsDifference": -0.07, "surprisePercent": -0.318, "quarter": "2018-03-31", "period": "-1q"}], "maxAge": 86400}, "indexTrend": {"maxAge": 1, "symbol": "SP5", "peRatio": 19.7411, "pegRatio": 1.34172, "estimates": [{"period": "0q", "growth": 0.549}, {"period": "+1q", "growth": 0.431}, {"period": "0y", "growth": 0.305}, {"period": "+1y", "growth": 0.109}, {"period": "+5y", "growth": 0.120859005}, {"period": "-5y"}]}, "industryTrend": {"maxAge": 1, "symbol": null, "estimates": []}, "insiderTransactions": {"transactions": [{"maxAge": 1, "shares": 52500, "filerUrl": "", "transactionText": "", "filerName": "Parikh (Dipen Y)", "filerRelation": "Company Secretary", "moneyText": "", "startDate": "2016-07-23", "ownership": "D"}, {"maxAge": 1, "shares": 75000, "filerUrl": "", "transactionText": "", "filerName": "Sarkhedi (Prashant H)", "filerRelation": "Chief Financial Officer", "moneyText": "", "startDate": "2016-07-23", "ownership": "D"}, {"maxAge": 1, "shares": 2263000, "filerUrl": "", "transactionText": "", "filerName": "Vadodaria (Deep S)", "filerRelation": "Promoter", "moneyText": "", "startDate": "2012-09-21", "ownership": "D"}, {"maxAge": 1, "shares": 2300000, "filerUrl": "", "transactionText": "", "filerName": "Vadodaria (Alpaben K)", "filerRelation": "Promoter", "moneyText": "", "startDate": "2012-09-21", "ownership": "D"}, {"maxAge": 1, "shares": 30663800, "filerUrl": "", "transactionText": "", "filerName": "Vadodaria (Manoj B.)", "filerRelation": "Managing Director", "moneyText": "", "startDate": "2010-07-24", "ownership": "D"}, {"maxAge": 1, "shares": 17200000, "filerUrl": "", "transactionText": "", "filerName": "Vadodaria (Kiran B)", "filerRelation": "Director", "moneyText": "", "startDate": "2010-07-24", "ownership": "D"}, {"maxAge": 1, "shares": 7247000, "filerUrl": "", "transactionText": "", "filerName": "Vadodaria (Manoj B.)", "filerRelation": "Managing Director", "moneyText": "", "startDate": "2009-09-18", "ownership": "D"}, {"maxAge": 1, "shares": 3000000, "filerUrl": "", "transactionText": "", "filerName": "Pearl Stockholding Pvt Ltd", "filerRelation": "Institution- Corporation", "moneyText": "", "startDate": "2009-09-08", "ownership": "D"}, {"maxAge": 1, "shares": 3000000, "filerUrl": "", "transactionText": "", "filerName": "Vadodaria (Manoj B.)", "filerRelation": "Managing Director", "moneyText": "", "startDate": "2009-09-08", "ownership": "D"}, {"maxAge": 1, "shares": 2500000, "filerUrl": "", "transactionText": "", "filerName": "Pearl Stockholding Pvt Ltd", "filerRelation": "Institution- Corporation", "moneyText": "", "startDate": "2009-09-07", "ownership": "D"}, {"maxAge": 1, "shares": 2500000, "filerUrl": "", "transactionText": "", "filerName": "Vadodaria (Manoj B.)", "filerRelation": "Managing Director", "moneyText": "", "startDate": "2009-09-07", "ownership": "D"}, {"maxAge": 1, "shares": 4900000, "filerUrl": "", "transactionText": "", "filerName": "Vadodaria (Kiran B)", "filerRelation": "Director", "moneyText": "", "startDate": "2009-08-27", "ownership": "D"}], "maxAge": 1}, "quoteType": {"exchange": "BSE", "quoteType": "EQUITY", "symbol": "NILA.BO", "underlyingSymbol": "NILA.BO", "shortName": "NILA INFRASTRUCTURES LTD.", "longName": "Nila Infrastructures Limited", "firstTradeDateEpochUtc": "2002-04-29 09:15:00", "timeZoneFullName": "Asia/Kolkata", "timeZoneShortName": "IST", "uuid": "9ad74a38-2300-3d71-a3b7-eea0a85bc8d3", "messageBoardId": null, "gmtOffSetMilliseconds": 19800000, "maxAge": 1}, "incomeStatementHistory": {"incomeStatementHistory": [{"maxAge": 1, "endDate": "2020-03-31", "totalRevenue": 2435416000, "costOfRevenue": 2018043000, "grossProfit": 417373000, "researchDevelopment": {}, "sellingGeneralAdministrative": 51991000, "nonRecurring": {}, "otherOperatingExpenses": 65719000, "totalOperatingExpenses": 2165940000, "operatingIncome": 269476000, "totalOtherIncomeExpenseNet": -56850000, "ebit": 269476000, "interestExpense": -157700000, "incomeBeforeTax": 212626000, "incomeTaxExpense": 47691000, "minorityInterest": {}, "netIncomeFromContinuingOps": 164935000, "discontinuedOperations": {}, "extraordinaryItems": {}, "effectOfAccountingCharges": {}, "otherItems": {}, "netIncome": 164935000, "netIncomeApplicableToCommonShares": 164935000}, {"maxAge": 1, "endDate": "2019-03-31", "totalRevenue": 2137759000, "costOfRevenue": 1652078000, "grossProfit": 485681000, "researchDevelopment": {}, "sellingGeneralAdministrative": 55962000, "nonRecurring": {}, "otherOperatingExpenses": 53688000, "totalOperatingExpenses": 1793371000, "operatingIncome": 344388000, "totalOtherIncomeExpenseNet": -64045000, "ebit": 344388000, "interestExpense": -117160000, "incomeBeforeTax": 280343000, "incomeTaxExpense": 80218000, "minorityInterest": {}, "netIncomeFromContinuingOps": 200125000, "discontinuedOperations": {}, "extraordinaryItems": {}, "effectOfAccountingCharges": {}, "otherItems": {}, "netIncome": 200125000, "netIncomeApplicableToCommonShares": 200125000}, {"maxAge": 1, "endDate": "2018-03-31", "totalRevenue": 2022496000, "costOfRevenue": 1552111000, "grossProfit": 470385000, "researchDevelopment": {}, "sellingGeneralAdministrative": 61915000, "nonRecurring": {}, "otherOperatingExpenses": 50407000, "totalOperatingExpenses": 1681648000, "operatingIncome": 340848000, "totalOtherIncomeExpenseNet": -50601000, "ebit": 340848000, "interestExpense": -97082000, "incomeBeforeTax": 290247000, "incomeTaxExpense": 90292000, "minorityInterest": {}, "netIncomeFromContinuingOps": 199955000, "discontinuedOperations": {}, "extraordinaryItems": {}, "effectOfAccountingCharges": {}, "otherItems": {}, "netIncome": 199955000, "netIncomeApplicableToCommonShares": 199955000}, {"maxAge": 1, "endDate": "2017-03-31", "totalRevenue": 1946477000, "costOfRevenue": 1556496000, "grossProfit": 389981000, "researchDevelopment": {}, "sellingGeneralAdministrative": 43612000, "nonRecurring": {}, "otherOperatingExpenses": 69826000, "totalOperatingExpenses": 1686098000, "operatingIncome": 260379000, "totalOtherIncomeExpenseNet": -28641000, "ebit": 260379000, "interestExpense": -73842000, "incomeBeforeTax": 231738000, "incomeTaxExpense": 83028000, "minorityInterest": {}, "netIncomeFromContinuingOps": 148710000, "discontinuedOperations": {}, "extraordinaryItems": {}, "effectOfAccountingCharges": {}, "otherItems": {}, "netIncome": 148710000, "netIncomeApplicableToCommonShares": 148710000}], "maxAge": 86400}, "fundOwnership": {"maxAge": 1, "ownershipList": []}, "summaryDetail": {"maxAge": 1, "priceHint": 4, "previousClose": 4.34, "open": 4.45, "dayLow": 4.24, "dayHigh": 4.45, "regularMarketPreviousClose": 4.34, "regularMarketOpen": 4.45, "regularMarketDayLow": 4.24, "regularMarketDayHigh": 4.45, "trailingPE": 20.85308, "volume": 14660, "regularMarketVolume": 14660, "averageVolume": 128867, "averageVolume10days": 61945, "averageDailyVolume10Day": 61945, "bid": 4.4, "ask": 4.45, "bidSize": 0, "askSize": 0, "marketCap": 1733111552, "fiftyTwoWeekLow": 2.19, "fiftyTwoWeekHigh": 8.26, "fiftyDayAverage": 5.9608574, "twoHundredDayAverage": 5.0742335, "trailingAnnualDividendRate": 0.11, "trailingAnnualDividendYield": 0.025345622, "currency": "INR", "fromCurrency": null, "toCurrency": null, "lastMarket": null, "algorithm": null, "tradeable": false}, "sectorTrend": {"maxAge": 1, "symbol": null, "estimates": []}, "incomeStatementHistoryQuarterly": {"incomeStatementHistory": [{"maxAge": 1, "endDate": "2020-06-30", "totalRevenue": 65128000, "costOfRevenue": 69710000, "grossProfit": -4582000, "researchDevelopment": {}, "sellingGeneralAdministrative": 7427000, "nonRecurring": {}, "otherOperatingExpenses": 18773000, "totalOperatingExpenses": 100332000, "operatingIncome": -35204000, "totalOtherIncomeExpenseNet": -17970000, "ebit": -35204000, "interestExpense": -38525000, "incomeBeforeTax": -53174000, "incomeTaxExpense": -12739000, "minorityInterest": {}, "netIncomeFromContinuingOps": -40435000, "discontinuedOperations": {}, "extraordinaryItems": {}, "effectOfAccountingCharges": {}, "otherItems": {}, "netIncome": -40435000, "netIncomeApplicableToCommonShares": -40435000}, {"maxAge": 1, "endDate": "2020-03-31", "totalRevenue": 820648000, "costOfRevenue": 722695000, "grossProfit": 97953000, "researchDevelopment": {}, "sellingGeneralAdministrative": 14734000, "nonRecurring": {}, "otherOperatingExpenses": 17697000, "totalOperatingExpenses": 772664000, "operatingIncome": 47984000, "totalOtherIncomeExpenseNet": -17564000, "ebit": 47984000, "interestExpense": -34433000, "incomeBeforeTax": 30420000, "incomeTaxExpense": 10098000, "minorityInterest": {}, "netIncomeFromContinuingOps": 20322000, "discontinuedOperations": {}, "extraordinaryItems": {}, "effectOfAccountingCharges": {}, "otherItems": {}, "netIncome": 20322000, "netIncomeApplicableToCommonShares": 20322000}, {"maxAge": 1, "endDate": "2019-12-31", "totalRevenue": 571199000, "costOfRevenue": 452980000, "grossProfit": 118219000, "researchDevelopment": {}, "sellingGeneralAdministrative": 11083000, "nonRecurring": {}, "otherOperatingExpenses": 26037000, "totalOperatingExpenses": 494170000, "operatingIncome": 77029000, "totalOtherIncomeExpenseNet": -11694000, "ebit": 77029000, "interestExpense": -39553000, "incomeBeforeTax": 65335000, "incomeTaxExpense": 17699000, "minorityInterest": {}, "netIncomeFromContinuingOps": 47636000, "discontinuedOperations": {}, "extraordinaryItems": {}, "effectOfAccountingCharges": {}, "otherItems": {}, "netIncome": 47636000, "netIncomeApplicableToCommonShares": 47636000}, {"maxAge": 1, "endDate": "2019-09-30", "totalRevenue": 534037000, "costOfRevenue": 436437000, "grossProfit": 97600000, "researchDevelopment": {}, "sellingGeneralAdministrative": 12262000, "nonRecurring": {}, "otherOperatingExpenses": 12202000, "totalOperatingExpenses": 465056000, "operatingIncome": 68981000, "totalOtherIncomeExpenseNet": -6557000, "ebit": 68981000, "interestExpense": -43348000, "incomeBeforeTax": 62424000, "incomeTaxExpense": 3969000, "minorityInterest": {}, "netIncomeFromContinuingOps": 58455000, "discontinuedOperations": {}, "extraordinaryItems": {}, "effectOfAccountingCharges": {}, "otherItems": {}, "netIncome": 58455000, "netIncomeApplicableToCommonShares": 58455000}], "maxAge": 86400}, "cashflowStatementHistoryQuarterly": {"cashflowStatements": [{"maxAge": 1, "endDate": "2020-06-30", "netIncome": -40435000, "changeToLiabilities": 0}, {"maxAge": 1, "endDate": "2020-03-31", "netIncome": 20322000, "changeToLiabilities": 0}, {"maxAge": 1, "endDate": "2019-12-31", "netIncome": 47636000, "changeToLiabilities": 0}, {"maxAge": 1, "endDate": "2019-09-30", "netIncome": 58455000, "changeToLiabilities": 0}], "maxAge": 86400}, "insiderHolders": {"holders": [{"maxAge": 1, "name": "Parikh (Dipen Y)", "relation": "Company Secretary", "url": "", "transactionDescription": "Acquisition", "latestTransDate": "2016-07-23", "positionDirect": 52500, "positionDirectDate": "2016-07-23"}, {"maxAge": 1, "name": "Pearl Stockholding Pvt Ltd", "relation": "Institution- Corporation", "url": "", "transactionDescription": "Sale", "latestTransDate": "2009-09-08", "positionDirect": 7247000, "positionDirectDate": "2009-09-08"}, {"maxAge": 1, "name": "Sarkhedi (Prashant H)", "relation": "Chief Financial Officer", "url": "", "transactionDescription": "Acquisition", "latestTransDate": "2016-07-23", "positionDirect": 75000, "positionDirectDate": "2016-07-23"}, {"maxAge": 1, "name": "Vadodaria (Alpaben K)", "relation": "Promoter", "url": "", "transactionDescription": "Acquisition", "latestTransDate": "2012-09-21", "positionDirect": 36800000, "positionDirectDate": "2012-09-21"}, {"maxAge": 1, "name": "Vadodaria (Deep S)", "relation": "Promoter", "url": "", "transactionDescription": "Acquisition", "latestTransDate": "2012-09-21", "positionDirect": 24986608, "positionDirectDate": "2012-09-21"}, {"maxAge": 1, "name": "Vadodaria (Kiran B)", "relation": "Director", "url": "", "transactionDescription": "Acquisition", "latestTransDate": "2010-07-24", "positionDirect": 31858100, "positionDirectDate": "2010-07-24"}, {"maxAge": 1, "name": "Vadodaria (Manoj B.)", "relation": "Managing Director", "url": "", "transactionDescription": "Acquisition", "latestTransDate": "2010-07-24", "positionDirect": 44154614, "positionDirectDate": "2010-07-24"}], "maxAge": 1}, "earnings": {"maxAge": 86400, "earningsChart": {"quarterly": [{"date": "1Q2018", "actual": 0.15, "estimate": 0.22}], "currentQuarterEstimateDate": "2Q", "currentQuarterEstimateYear": 2018, "earningsDate": ["2020-08-10 05:30:S"]}, "financialsChart": {"yearly": [{"date": 2017, "revenue": 1946477000, "earnings": 148710000}, {"date": 2018, "revenue": 2022496000, "earnings": 199955000}, {"date": 2019, "revenue": 2137759000, "earnings": 200125000}, {"date": 2020, "revenue": 2435416000, "earnings": 164935000}], "quarterly": [{"date": "3Q2019", "revenue": 534037000, "earnings": 58455000}, {"date": "4Q2019", "revenue": 571199000, "earnings": 47636000}, {"date": "1Q2020", "revenue": 820648000, "earnings": 20322000}, {"date": "2Q2020", "revenue": 65128000, "earnings": -40435000}]}, "financialCurrency": "INR"}, "calendarEvents": {"maxAge": 1, "earnings": {"earningsDate": ["2020-08-10 05:30:S"]}}, "price": {"maxAge": 1, "regularMarketChangePercent": 0.013824871, "regularMarketChange": 0.059999943, "regularMarketTime": "2021-04-30 15:44:51", "priceHint": 4, "regularMarketPrice": 4.4, "regularMarketDayHigh": 4.45, "regularMarketDayLow": 4.24, "regularMarketVolume": 14660, "averageDailyVolume10Day": 61945, "averageDailyVolume3Month": 128867, "regularMarketPreviousClose": 4.34, "regularMarketSource": "FREE_REALTIME", "regularMarketOpen": 4.45, "exchange": "BSE", "exchangeName": "BSE", "exchangeDataDelayedBy": 0, "marketState": "CLOSED", "quoteType": "EQUITY", "symbol": "NILA.BO", "underlyingSymbol": null, "shortName": "NILA INFRASTRUCTURES LTD.", "longName": "Nila Infrastructures Limited", "currency": "INR", "quoteSourceName": "Delayed Quote", "currencySymbol": "\u20b9", "fromCurrency": null, "toCurrency": null, "lastMarket": null, "marketCap": 1733111552}, "balanceSheetHistory": {"balanceSheetStatements": [{"maxAge": 1, "endDate": "2020-03-31", "cash": 6695000, "shortTermInvestments": 909000, "netReceivables": 1240727000, "inventory": 484973000, "otherCurrentAssets": 525847000, "totalCurrentAssets": 2272983000, "longTermInvestments": 65222000, "propertyPlantEquipment": 68036000, "intangibleAssets": 107000, "otherAssets": 1041866000, "totalAssets": 3448214000, "accountsPayable": 427171000, "shortLongTermDebt": 93163000, "otherCurrentLiab": 368346000, "longTermDebt": 999093000, "otherLiab": 100148000, "totalCurrentLiabilities": 993782000, "totalLiab": 2093023000, "commonStock": 393889000, "retainedEarnings": 957931000, "capitalSurplus": 3371000, "totalStockholderEquity": 1355191000, "netTangibleAssets": 1355084000}, {"maxAge": 1, "endDate": "2019-03-31", "cash": 7910000, "shortTermInvestments": 905000, "netReceivables": 827355000, "inventory": 800118000, "otherCurrentAssets": 543758000, "totalCurrentAssets": 2190008000, "longTermInvestments": 50479000, "propertyPlantEquipment": 72633000, "intangibleAssets": 82000, "otherAssets": 848398000, "totalAssets": 3161600000, "accountsPayable": 464115000, "shortLongTermDebt": 144963000, "otherCurrentLiab": 193491000, "longTermDebt": 886332000, "otherLiab": 95757000, "totalCurrentLiabilities": 996074000, "totalLiab": 1978163000, "commonStock": 393889000, "retainedEarnings": 786177000, "capitalSurplus": 3371000, "totalStockholderEquity": 1183437000, "netTangibleAssets": 1183355000}, {"maxAge": 1, "endDate": "2018-03-31", "cash": 13334000, "shortTermInvestments": 44792000, "netReceivables": 759079000, "inventory": 640209000, "otherCurrentAssets": 309878000, "totalCurrentAssets": 1778365000, "longTermInvestments": 67509000, "propertyPlantEquipment": 89875000, "otherAssets": 830934000, "totalAssets": 2766683000, "accountsPayable": 409226000, "shortLongTermDebt": 351996000, "otherCurrentLiab": 192058000, "longTermDebt": 607476000, "otherLiab": 98395000, "totalCurrentLiabilities": 1027697000, "totalLiab": 1733568000, "commonStock": 393889000, "retainedEarnings": 635855000, "capitalSurplus": 3371000, "totalStockholderEquity": 1033115000, "netTangibleAssets": 1033115000}, {"maxAge": 1, "endDate": "2017-03-31", "cash": 27523000, "shortTermInvestments": 38334000, "netReceivables": 477436000, "inventory": 599943000, "otherCurrentAssets": 126376000, "totalCurrentAssets": 1272658000, "longTermInvestments": 95845000, "propertyPlantEquipment": 91599000, "intangibleAssets": 222969000, "otherAssets": 725908000, "totalAssets": 2408979000, "accountsPayable": 254472000, "shortLongTermDebt": 151663000, "otherCurrentLiab": 621432000, "longTermDebt": 579329000, "otherLiab": 154442000, "totalCurrentLiabilities": 1087737000, "totalLiab": 1821508000, "commonStock": 393393000, "retainedEarnings": 184190000, "treasuryStock": 9888000, "otherStockholderEquity": 9888000, "totalStockholderEquity": 587471000, "netTangibleAssets": 364502000}], "maxAge": 86400}, "earningsTrend": {"trend": [{"maxAge": 1, "period": "0q", "endDate": "2018-06-30", "growth": {}, "earningsEstimate": {"avg": 0.0, "low": 0.0, "high": 0.0, "yearAgoEps": {}, "numberOfAnalysts": 0, "growth": {}}, "revenueEstimate": {"avg": 0, "low": 0, "high": 0, "numberOfAnalysts": 0, "yearAgoRevenue": {}, "growth": {}}, "epsTrend": {"current": 0.0, "7daysAgo": 0.0, "30daysAgo": 0.0, "60daysAgo": 0.0, "90daysAgo": 0.0}, "epsRevisions": {"upLast7days": 0, "upLast30days": 0, "downLast30days": 0, "downLast90days": {}}}, {"maxAge": 1, "period": "+1q", "endDate": "2018-09-30", "growth": {}, "earningsEstimate": {"avg": 0.0, "low": 0.0, "high": 0.0, "yearAgoEps": {}, "numberOfAnalysts": 0, "growth": {}}, "revenueEstimate": {"avg": 0, "low": 0, "high": 0, "numberOfAnalysts": 0, "yearAgoRevenue": {}, "growth": {}}, "epsTrend": {"current": 0.0, "7daysAgo": 0.0, "30daysAgo": 0.0, "60daysAgo": 0.0, "90daysAgo": 0.0}, "epsRevisions": {"upLast7days": 0, "upLast30days": 0, "downLast30days": 0, "downLast90days": {}}}, {"maxAge": 1, "period": "0y", "endDate": "2019-03-31", "growth": {}, "earningsEstimate": {"avg": 0.0, "low": 0.0, "high": 0.0, "yearAgoEps": {}, "numberOfAnalysts": 0, "growth": {}}, "revenueEstimate": {"avg": 3017670000, "low": 3017670000, "high": 3017670000, "numberOfAnalysts": 1, "yearAgoRevenue": 2142970000, "growth": 0.408}, "epsTrend": {"current": 0.0, "7daysAgo": 0.84, "30daysAgo": 0.84, "60daysAgo": 0.84, "90daysAgo": 0.84}, "epsRevisions": {"upLast7days": 0, "upLast30days": 0, "downLast30days": 0, "downLast90days": {}}}, {"maxAge": 1, "period": "+1y", "endDate": "2020-03-31", "growth": {}, "earningsEstimate": {"avg": 0.0, "low": 0.0, "high": 0.0, "yearAgoEps": {}, "numberOfAnalysts": 0, "growth": {}}, "revenueEstimate": {"avg": 0, "low": 0, "high": 0, "numberOfAnalysts": 0, "yearAgoRevenue": 3017670000, "growth": {}}, "epsTrend": {"current": 0.0, "7daysAgo": 0.0, "30daysAgo": 0.0, "60daysAgo": 0.0, "90daysAgo": 0.0}, "epsRevisions": {"upLast7days": 0, "upLast30days": 0, "downLast30days": 0, "downLast90days": {}}}, {"maxAge": 1, "period": "+5y", "endDate": null, "growth": {}, "earningsEstimate": {"avg": {}, "low": {}, "high": {}, "yearAgoEps": {}, "numberOfAnalysts": {}, "growth": {}}, "revenueEstimate": {"avg": {}, "low": {}, "high": {}, "numberOfAnalysts": {}, "yearAgoRevenue": {}, "growth": {}}, "epsTrend": {"current": {}, "7daysAgo": {}, "30daysAgo": {}, "60daysAgo": {}, "90daysAgo": {}}, "epsRevisions": {"upLast7days": {}, "upLast30days": {}, "downLast30days": {}, "downLast90days": {}}}, {"maxAge": 1, "period": "-5y", "endDate": null, "growth": {}, "earningsEstimate": {"avg": {}, "low": {}, "high": {}, "yearAgoEps": {}, "numberOfAnalysts": {}, "growth": {}}, "revenueEstimate": {"avg": {}, "low": {}, "high": {}, "numberOfAnalysts": {}, "yearAgoRevenue": {}, "growth": {}}, "epsTrend": {"current": {}, "7daysAgo": {}, "30daysAgo": {}, "60daysAgo": {}, "90daysAgo": {}}, "epsRevisions": {"upLast7days": {}, "upLast30days": {}, "downLast30days": {}, "downLast90days": {}}}], "maxAge": 1}, "financialData": {"maxAge": 86400, "currentPrice": 4.4, "recommendationKey": "none", "grossProfits": 417373000, "financialCurrency": "INR"}}}