{"NILASPACES.NS": {"assetProfile": {"address1": "Sambhaav House", "address2": "1st Floor Opp. Chief Justice\u00e2\u0080\u0099s Bungalow Bodakdev", "city": "Ahmedabad", "zip": "380015", "country": "India", "phone": "91 79 4003 6817", "fax": "91 79 3012 6371", "website": "http://www.nilaspaces.com", "industry": "Real Estate\u2014Development", "sector": "Real Estate", "longBusinessSummary": "Nila Spaces Limited engages in the real estate development activities. It is involved in the construction and development of buildings for sale and other real estate activities. The company was formerly known as Parmananday Superstructure Limited and changed its name to Nila Spaces Limited in November 2017. Nila Spaces Limited was incorporated in 2000 and is headquartered in Ahmedabad, India.", "fullTimeEmployees": 21, "companyOfficers": [{"maxAge": 1, "name": "Mr. Anand B. Patel", "title": "MD & Whole-Time Director", "fiscalYear": 2020, "totalPay": 3600000, "exercisedValue": 0, "unexercisedValue": 0}, {"maxAge": 1, "name": "Mr. Rahul  Vohera", "title": "Chief Financial Officer", "exercisedValue": 0, "unexercisedValue": 0}, {"maxAge": 1, "name": "Mr. Maulik P. Patwa", "title": "Exec. of Accounts & Fin.", "fiscalYear": 2019, "exercisedValue": 0, "unexercisedValue": 0}, {"maxAge": 1, "name": "Ms. Gopi V. Dave", "title": "Company Sec. & Compliance Officer", "exercisedValue": 0, "unexercisedValue": 0}, {"maxAge": 1, "name": "Mr. Prakash R. Patel", "age": 38, "title": "Assistant Mang. of Sales & Marketing", "yearBorn": 1982, "exercisedValue": 0, "unexercisedValue": 0}, {"maxAge": 1, "name": "Mr. Arun  Pasi", "age": 41, "title": "Exec. of Revenue", "yearBorn": 1979, "fiscalYear": 2019, "exercisedValue": 0, "unexercisedValue": 0}, {"maxAge": 1, "name": "Mr. Nisarg  Thakkar", "age": 23, "title": "Exec. of Sales & Marketing", "yearBorn": 1997, "fiscalYear": 2019, "exercisedValue": 0, "unexercisedValue": 0}], "compensationAsOfEpochDate": "2020-12-31 05:30:00", "maxAge": 86400}, "cashflowStatementHistory": {"cashflowStatements": [{"maxAge": 1, "endDate": "2020-03-31", "netIncome": 20554000, "depreciation": 2339000, "changeToNetincome": -5457000, "changeToAccountReceivables": -2354000, "changeToLiabilities": 15846000, "changeToInventory": 521279000, "changeToOperatingActivities": -224795000, "totalCashFromOperatingActivities": 327412000, "capitalExpenditures": -149000, "investments": -443000, "otherCashflowsFromInvestingActivities": 1553000, "totalCashflowsFromInvestingActivities": 175429000, "netBorrowings": -455913000, "otherCashflowsFromFinancingActivities": -62314000, "totalCashFromFinancingActivities": -518227000, "changeInCash": -15387000}, {"maxAge": 1, "endDate": "2019-03-31", "netIncome": 28893000, "depreciation": 1518000, "changeToNetincome": -26895000, "changeToAccountReceivables": -47064000, "changeToLiabilities": -1214000, "changeToInventory": -59283000, "changeToOperatingActivities": 71199000, "totalCashFromOperatingActivities": -32846000, "capitalExpenditures": -132403000, "investments": -1653000, "otherCashflowsFromInvestingActivities": 56951000, "totalCashflowsFromInvestingActivities": -77105000, "netBorrowings": 190312000, "otherCashflowsFromFinancingActivities": -54141000, "totalCashFromFinancingActivities": 136171000, "changeInCash": 26220000}, {"maxAge": 1, "endDate": "2018-03-31", "netIncome": 14006000, "depreciation": 1518000, "changeToNetincome": -17837000, "changeToAccountReceivables": 19570000, "changeToLiabilities": -25823000, "changeToInventory": -362620000, "changeToOperatingActivities": 544720000, "totalCashFromOperatingActivities": 172016000, "capitalExpenditures": -132403000, "investments": -15755000, "otherCashflowsFromInvestingActivities": 90171000, "totalCashflowsFromInvestingActivities": 74416000, "netBorrowings": -182561000, "otherCashflowsFromFinancingActivities": -63819000, "totalCashFromFinancingActivities": -246380000, "changeInCash": 52000}, {"maxAge": 1, "endDate": "2017-03-31", "netIncome": 72900000, "depreciation": 1518000, "changeToNetincome": -72889000, "changeToAccountReceivables": 43000, "changeToLiabilities": 2092000, "changeToInventory": -1000, "changeToOperatingActivities": -2158000, "totalCashFromOperatingActivities": -13000, "capitalExpenditures": -132403000, "investments": 11000, "otherCashflowsFromInvestingActivities": 90171000, "totalCashflowsFromInvestingActivities": 11000, "netBorrowings": -182561000, "otherCashflowsFromFinancingActivities": -63819000, "totalCashFromFinancingActivities": -246380000, "changeInCash": -2000}], "maxAge": 86400}, "institutionOwnership": {"maxAge": 1, "ownershipList": []}, "majorHoldersBreakdown": {"maxAge": 1, "insidersPercentHeld": 0.64495003, "institutionsPercentHeld": 0.05031, "institutionsFloatPercentHeld": 0.14169, "institutionsCount": 2}, "balanceSheetHistoryQuarterly": {"balanceSheetStatements": [{"maxAge": 1, "endDate": "2020-12-31", "totalStockholderEquity": 1213830000, "netTangibleAssets": 1213830000}, {"maxAge": 1, "endDate": "2020-09-30", "cash": 64312000, "netReceivables": 140075000, "inventory": 625844000, "otherCurrentAssets": 359273000, "totalCurrentAssets": 1189504000, "longTermInvestments": 221515000, "propertyPlantEquipment": 1129000, "otherAssets": 83050000, "deferredLongTermAssetCharges": 7141000, "totalAssets": 1495198000, "accountsPayable": 12458000, "otherCurrentLiab": 1086000, "longTermDebt": 264569000, "otherLiab": 2251000, "totalCurrentLiabilities": 14548000, "totalLiab": 281368000, "commonStock": 393889000, "treasuryStock": 819941000, "otherStockholderEquity": 819941000, "totalStockholderEquity": 1213830000, "netTangibleAssets": 1213830000}, {"maxAge": 1, "endDate": "2020-06-30", "totalStockholderEquity": 1206930000, "netTangibleAssets": 1206930000}, {"maxAge": 1, "endDate": "2020-03-31", "cash": 10898000, "netReceivables": 188181000, "inventory": 934898000, "otherCurrentAssets": 488000, "totalCurrentAssets": 1134628000, "longTermInvestments": 221452000, "propertyPlantEquipment": 1299000, "otherAssets": 106066000, "deferredLongTermAssetCharges": 29537000, "totalAssets": 1463445000, "accountsPayable": 26557000, "longTermDebt": 226296000, "otherLiab": 1953000, "totalCurrentLiabilities": 28266000, "totalLiab": 256515000, "commonStock": 393889000, "retainedEarnings": 57706000, "treasuryStock": 754755000, "capitalSurplus": 580000, "otherStockholderEquity": 754755000, "totalStockholderEquity": 1206930000, "netTangibleAssets": 1206930000}], "maxAge": 86400}, "indexTrend": {"maxAge": 1, "symbol": "SP5", "peRatio": 19.7411, "pegRatio": 1.34172, "estimates": [{"period": "0q", "growth": 0.549}, {"period": "+1q", "growth": 0.431}, {"period": "0y", "growth": 0.305}, {"period": "+1y", "growth": 0.109}, {"period": "+5y", "growth": 0.120865}, {"period": "-5y"}]}, "defaultKeyStatistics": {"maxAge": 1, "priceHint": 4, "enterpriseValue": 810054528, "profitMargins": -0.046269998, "floatShares": 132372318, "sharesOutstanding": 393888992, "heldPercentInsiders": 0.64495003, "heldPercentInstitutions": 0.05031, "beta": 2.721366, "category": null, "bookValue": 3.476, "priceToBook": 0.41714615, "fundFamily": null, "legalType": null, "lastFiscalYearEnd": "2020-03-31 05:30:00", "nextFiscalYearEnd": "2022-03-31 05:30:00", "mostRecentQuarter": "2020-12-31 05:30:00", "earningsQuarterlyGrowth": -0.939, "netIncomeToCommon": -41363000, "trailingEps": -0.101, "lastSplitFactor": null, "enterpriseToRevenue": 0.906, "enterpriseToEbitda": 50.459, "52WeekChange": 0.7058823, "SandP52WeekChange": 0.48148263}, "summaryProfile": {"address1": "Sambhaav House", "address2": "1st Floor Opp. Chief Justice\u00e2\u0080\u0099s Bungalow Bodakdev", "city": "Ahmedabad", "zip": "380015", "country": "India", "phone": "91 79 4003 6817", "fax": "91 79 3012 6371", "website": "http://www.nilaspaces.com", "industry": "Real Estate\u2014Development", "sector": "Real Estate", "longBusinessSummary": "Nila Spaces Limited engages in the real estate development activities. It is involved in the construction and development of buildings for sale and other real estate activities. The company was formerly known as Parmananday Superstructure Limited and changed its name to Nila Spaces Limited in November 2017. Nila Spaces Limited was incorporated in 2000 and is headquartered in Ahmedabad, India.", "fullTimeEmployees": 21, "companyOfficers": [], "maxAge": 86400}, "netSharePurchaseActivity": {"maxAge": 1, "period": "6m", "buyInfoCount": 0, "buyInfoShares": 0, "sellInfoCount": 0, "netInfoCount": 0, "netInfoShares": 0, "netPercentInsiderShares": 0.0, "totalInsiderShares": 271233760}, "quoteType": {"exchange": "NSI", "quoteType": "EQUITY", "symbol": "NILASPACES.NS", "underlyingSymbol": "NILASPACES.NS", "shortName": "NILA SPACES LTD", "longName": "Nila Spaces Limited", "firstTradeDateEpochUtc": "2018-12-28 09:15:00", "timeZoneFullName": "Asia/Kolkata", "timeZoneShortName": "IST", "uuid": "94063593-c754-38c5-8cd2-b9957453fc7a", "messageBoardId": "finmb_540556031", "gmtOffSetMilliseconds": 19800000, "maxAge": 1}, "incomeStatementHistory": {"incomeStatementHistory": [{"maxAge": 1, "endDate": "2020-03-31", "totalRevenue": 876497000, "costOfRevenue": 814115000, "grossProfit": 62382000, "researchDevelopment": {}, "sellingGeneralAdministrative": 44514000, "nonRecurring": {}, "otherOperatingExpenses": -8572000, "totalOperatingExpenses": 852396000, "operatingIncome": 24101000, "totalOtherIncomeExpenseNet": -31043000, "ebit": 24101000, "interestExpense": -60344000, "incomeBeforeTax": -6942000, "incomeTaxExpense": -27496000, "minorityInterest": {}, "netIncomeFromContinuingOps": 20554000, "discontinuedOperations": {}, "extraordinaryItems": {}, "effectOfAccountingCharges": {}, "otherItems": {}, "netIncome": 20554000, "netIncomeApplicableToCommonShares": 20554000}, {"maxAge": 1, "endDate": "2019-03-31", "totalRevenue": 94789000, "costOfRevenue": 55691000, "grossProfit": 39098000, "researchDevelopment": {}, "sellingGeneralAdministrative": 8783000, "nonRecurring": {}, "otherOperatingExpenses": 20440000, "totalOperatingExpenses": 86432000, "operatingIncome": 8357000, "totalOtherIncomeExpenseNet": 22583000, "ebit": 8357000, "interestExpense": -53810000, "incomeBeforeTax": 30940000, "incomeTaxExpense": 2047000, "minorityInterest": {}, "netIncomeFromContinuingOps": 28893000, "discontinuedOperations": {}, "extraordinaryItems": {}, "effectOfAccountingCharges": {}, "otherItems": {}, "netIncome": 28893000, "netIncomeApplicableToCommonShares": 28893000}, {"maxAge": 1, "endDate": "2018-03-31", "totalRevenue": 197780000, "costOfRevenue": 180435000, "grossProfit": 17345000, "researchDevelopment": {}, "sellingGeneralAdministrative": 7883000, "nonRecurring": {}, "otherOperatingExpenses": 5415000, "totalOperatingExpenses": 193733000, "operatingIncome": 4047000, "totalOtherIncomeExpenseNet": 18476000, "ebit": 4047000, "interestExpense": -63194000, "incomeBeforeTax": 22523000, "incomeTaxExpense": 8517000, "minorityInterest": {}, "netIncomeFromContinuingOps": 14006000, "discontinuedOperations": {}, "extraordinaryItems": {}, "effectOfAccountingCharges": {}, "otherItems": {}, "netIncome": 14006000, "netIncomeApplicableToCommonShares": 14006000}, {"maxAge": 1, "endDate": "2017-03-31", "totalRevenue": 285561000, "costOfRevenue": 167263000, "grossProfit": 118298000, "researchDevelopment": {}, "sellingGeneralAdministrative": 8369000, "nonRecurring": {}, "otherOperatingExpenses": 5344000, "totalOperatingExpenses": 180976000, "operatingIncome": 104585000, "totalOtherIncomeExpenseNet": 10071000, "ebit": 104585000, "interestExpense": -88543000, "incomeBeforeTax": 114656000, "incomeTaxExpense": 41756000, "minorityInterest": {}, "netIncomeFromContinuingOps": 72900000, "discontinuedOperations": {}, "extraordinaryItems": {}, "effectOfAccountingCharges": {}, "otherItems": {}, "netIncome": 72900000, "netIncomeApplicableToCommonShares": 72900000}], "maxAge": 86400}, "fundOwnership": {"maxAge": 1, "ownershipList": []}, "summaryDetail": {"maxAge": 1, "priceHint": 4, "previousClose": 1.45, "open": 1.5, "dayLow": 1.45, "dayHigh": 1.5, "regularMarketPreviousClose": 1.45, "regularMarketOpen": 1.5, "regularMarketDayLow": 1.45, "regularMarketDayHigh": 1.5, "payoutRatio": 0.0, "beta": 2.721366, "volume": 235370, "regularMarketVolume": 235370, "averageVolume": 180299, "averageVolume10days": 179349, "averageDailyVolume10Day": 179349, "bid": 0.0, "ask": 0.0, "bidSize": 0, "askSize": 0, "marketCap": 559323008, "fiftyTwoWeekLow": 0.65, "fiftyTwoWeekHigh": 2.3, "priceToSalesTrailing12Months": 0.62575084, "fiftyDayAverage": 1.4727273, "twoHundredDayAverage": 1.5081561, "currency": "INR", "fromCurrency": null, "toCurrency": null, "lastMarket": null, "algorithm": null, "tradeable": false}, "incomeStatementHistoryQuarterly": {"incomeStatementHistory": [{"maxAge": 1, "endDate": "2020-12-31", "totalRevenue": 123544000, "costOfRevenue": 103074000, "grossProfit": 20470000, "researchDevelopment": {}, "sellingGeneralAdministrative": 3603000, "nonRecurring": {}, "otherOperatingExpenses": 12482000, "totalOperatingExpenses": 119556000, "operatingIncome": 3988000, "totalOtherIncomeExpenseNet": -2457000, "ebit": 3988000, "interestExpense": -12861000, "incomeBeforeTax": 1531000, "incomeTaxExpense": 103000, "minorityInterest": {}, "netIncomeFromContinuingOps": 1428000, "discontinuedOperations": {}, "extraordinaryItems": {}, "effectOfAccountingCharges": {}, "otherItems": {}, "netIncome": 1428000, "netIncomeApplicableToCommonShares": 1428000}, {"maxAge": 1, "endDate": "2020-09-30", "totalRevenue": 160872000, "costOfRevenue": 103646000, "grossProfit": 57226000, "researchDevelopment": {}, "sellingGeneralAdministrative": 4257000, "nonRecurring": {}, "otherOperatingExpenses": 17275000, "totalOperatingExpenses": 125576000, "operatingIncome": 35296000, "totalOtherIncomeExpenseNet": -8570000, "ebit": 35296000, "interestExpense": -15901000, "incomeBeforeTax": 26726000, "incomeTaxExpense": 29588000, "minorityInterest": {}, "netIncomeFromContinuingOps": -2862000, "discontinuedOperations": {}, "extraordinaryItems": {}, "effectOfAccountingCharges": {}, "otherItems": {}, "netIncome": -2862000, "netIncomeApplicableToCommonShares": -2862000}, {"maxAge": 1, "endDate": "2020-06-30", "totalRevenue": 49395000, "costOfRevenue": 28406000, "grossProfit": 20989000, "researchDevelopment": {}, "sellingGeneralAdministrative": 1788000, "nonRecurring": {}, "otherOperatingExpenses": 6190000, "totalOperatingExpenses": 36775000, "operatingIncome": 12620000, "totalOtherIncomeExpenseNet": -1304000, "ebit": 12620000, "interestExpense": -8319000, "incomeBeforeTax": 11316000, "incomeTaxExpense": 1470000, "minorityInterest": {}, "netIncomeFromContinuingOps": 9846000, "discontinuedOperations": {}, "extraordinaryItems": {}, "effectOfAccountingCharges": {}, "otherItems": {}, "netIncome": 9846000, "netIncomeApplicableToCommonShares": 9846000}, {"maxAge": 1, "endDate": "2020-03-31", "totalRevenue": 560032000, "costOfRevenue": 585606000, "grossProfit": -25574000, "researchDevelopment": {}, "sellingGeneralAdministrative": 33129000, "nonRecurring": {}, "otherOperatingExpenses": -20495000, "totalOperatingExpenses": 598837000, "operatingIncome": -38805000, "totalOtherIncomeExpenseNet": -42697000, "ebit": -38805000, "interestExpense": -20910000, "incomeBeforeTax": -81502000, "incomeTaxExpense": -31728000, "minorityInterest": {}, "netIncomeFromContinuingOps": -49774000, "discontinuedOperations": {}, "extraordinaryItems": {}, "effectOfAccountingCharges": {}, "otherItems": {}, "netIncome": -49774000, "netIncomeApplicableToCommonShares": -49774000}], "maxAge": 86400}, "cashflowStatementHistoryQuarterly": {"cashflowStatements": [{"maxAge": 1, "endDate": "2020-12-31", "netIncome": 1428000, "changeToLiabilities": 0}, {"maxAge": 1, "endDate": "2020-09-30", "netIncome": -2862000, "changeToLiabilities": 0}, {"maxAge": 1, "endDate": "2020-06-30", "netIncome": 9846000, "changeToLiabilities": 0}, {"maxAge": 1, "endDate": "2020-03-31", "netIncome": -49774000, "changeToLiabilities": 0}], "maxAge": 86400}, "insiderHolders": {"holders": [], "maxAge": 1}, "calendarEvents": {"maxAge": 1, "earnings": {"earningsDate": []}}, "price": {"maxAge": 1, "regularMarketChangePercent": 0.0, "regularMarketChange": 0.0, "regularMarketTime": "2021-04-30 15:29:05", "priceHint": 4, "regularMarketPrice": 1.45, "regularMarketDayHigh": 1.5, "regularMarketDayLow": 1.45, "regularMarketVolume": 235370, "averageDailyVolume10Day": 179349, "averageDailyVolume3Month": 180299, "regularMarketPreviousClose": 1.45, "regularMarketSource": "FREE_REALTIME", "regularMarketOpen": 1.5, "exchange": "NSI", "exchangeName": "NSE", "exchangeDataDelayedBy": 15, "marketState": "CLOSED", "quoteType": "EQUITY", "symbol": "NILASPACES.NS", "underlyingSymbol": null, "shortName": "NILA SPACES LTD", "longName": "Nila Spaces Limited", "currency": "INR", "quoteSourceName": "Delayed Quote", "currencySymbol": "\u20b9", "fromCurrency": null, "toCurrency": null, "lastMarket": null, "marketCap": 559323008}, "balanceSheetHistory": {"balanceSheetStatements": [{"maxAge": 1, "endDate": "2020-03-31", "cash": 10898000, "netReceivables": 188181000, "inventory": 934898000, "otherCurrentAssets": 488000, "totalCurrentAssets": 1134628000, "longTermInvestments": 221452000, "propertyPlantEquipment": 1299000, "otherAssets": 106066000, "deferredLongTermAssetCharges": 29537000, "totalAssets": 1463445000, "accountsPayable": 26557000, "longTermDebt": 226296000, "otherLiab": 1953000, "totalCurrentLiabilities": 28266000, "totalLiab": 256515000, "commonStock": 393889000, "retainedEarnings": 57706000, "treasuryStock": 754755000, "capitalSurplus": 580000, "otherStockholderEquity": 754755000, "totalStockholderEquity": 1206930000, "netTangibleAssets": 1206930000}, {"maxAge": 1, "endDate": "2019-03-31", "cash": 26285000, "netReceivables": 276323000, "inventory": 1399125000, "otherCurrentAssets": 565000, "totalCurrentAssets": 1702498000, "longTermInvestments": 290023000, "propertyPlantEquipment": 2149000, "otherAssets": 129044000, "totalAssets": 2123714000, "accountsPayable": 10711000, "shortLongTermDebt": 2277000, "otherCurrentLiab": 156276000, "longTermDebt": 764041000, "otherLiab": 1356000, "totalCurrentLiabilities": 171772000, "totalLiab": 937169000, "commonStock": 393889000, "retainedEarnings": 37321000, "treasuryStock": 754755000, "capitalSurplus": 580000, "otherStockholderEquity": 754755000, "totalStockholderEquity": 1186545000, "netTangibleAssets": 1186545000}, {"maxAge": 1, "endDate": "2018-03-31", "cash": 65000, "netReceivables": 260241000, "inventory": 1184657000, "otherCurrentAssets": 162990000, "totalCurrentAssets": 1607956000, "longTermInvestments": 260707000, "otherAssets": 24763000, "totalAssets": 1893426000, "accountsPayable": 4761000, "otherCurrentLiab": 155604000, "longTermDebt": 574278000, "otherLiab": 216000, "totalCurrentLiabilities": 161015000, "totalLiab": 735509000, "commonStock": 393889000, "retainedEarnings": 8693000, "treasuryStock": 754755000, "capitalSurplus": 580000, "otherStockholderEquity": 754755000, "totalStockholderEquity": 1157917000, "netTangibleAssets": 1157917000}, {"maxAge": 1, "endDate": "2017-03-31", "cash": 13000, "netReceivables": 606997000, "inventory": 822037000, "otherCurrentAssets": 476174000, "totalCurrentAssets": 1905223000, "longTermInvestments": 244952000, "otherAssets": 32000, "totalAssets": 2150207000, "accountsPayable": 30584000, "shortLongTermDebt": 12883000, "otherCurrentLiab": 13417000, "longTermDebt": 658403000, "otherLiab": 184000, "totalCurrentLiabilities": 56901000, "totalLiab": 715488000, "commonStock": 790000, "retainedEarnings": -6104000, "treasuryStock": 1439453000, "capitalSurplus": 580000, "otherStockholderEquity": 1439453000, "totalStockholderEquity": 1434719000, "netTangibleAssets": 1434719000}], "maxAge": 86400}, "financialData": {"maxAge": 86400, "currentPrice": 1.45, "recommendationKey": "none", "totalCash": 64312000, "totalCashPerShare": 0.153, "ebitda": 16053750, "totalDebt": 264568992, "totalRevenue": 893843008, "debtToEquity": 21.796, "revenuePerShare": 2.147, "grossProfits": 62382000, "earningsGrowth": -0.943, "revenueGrowth": 0.102, "grossMargins": 0.08179, "ebitdaMargins": 0.01796, "operatingMargins": 0.01465, "profitMargins": -0.046269998, "financialCurrency": "INR"}}}