{"NILE.BO": {"recommendationTrend": {"trend": [{"period": "0m", "strongBuy": 0, "buy": 0, "hold": 0, "sell": 0, "strongSell": 0}, {"period": "-1m", "strongBuy": 0, "buy": 0, "hold": 0, "sell": 0, "strongSell": 0}, {"period": "-2m", "strongBuy": 0, "buy": 0, "hold": 0, "sell": 0, "strongSell": 0}, {"period": "-3m", "strongBuy": 0, "buy": 0, "hold": 0, "sell": 0, "strongSell": 0}], "maxAge": 86400}, "cashflowStatementHistory": {"cashflowStatements": [{"maxAge": 1, "endDate": "2020-03-31", "netIncome": 109318000, "depreciation": 36562000, "changeToNetincome": 16339000, "changeToAccountReceivables": -46363000, "changeToLiabilities": 13997000, "changeToInventory": 223813000, "changeToOperatingActivities": -225522000, "totalCashFromOperatingActivities": 128144000, "capitalExpenditures": -13874000, "investments": 104000, "totalCashflowsFromInvestingActivities": -13649000, "dividendsPaid": -6004000, "netBorrowings": -68862000, "otherCashflowsFromFinancingActivities": -36411000, "totalCashFromFinancingActivities": -111277000, "changeInCash": 3217000}, {"maxAge": 1, "endDate": "2019-03-31", "netIncome": 125104000, "depreciation": 38511000, "changeToNetincome": 35316000, "changeToAccountReceivables": 363594000, "changeToLiabilities": -24243000, "changeToInventory": -271497000, "changeToOperatingActivities": -196979000, "totalCashFromOperatingActivities": 69806000, "capitalExpenditures": -19021000, "investments": -204000, "otherCashflowsFromInvestingActivities": -1000, "totalCashflowsFromInvestingActivities": -18085000, "dividendsPaid": -6003000, "netBorrowings": -8736000, "otherCashflowsFromFinancingActivities": -43391000, "totalCashFromFinancingActivities": -58130000, "changeInCash": -6410000}, {"maxAge": 1, "endDate": "2018-03-31", "netIncome": 230472000, "depreciation": 38794000, "changeToNetincome": 18935000, "changeToAccountReceivables": -631035000, "changeToLiabilities": 22471000, "changeToInventory": -75830000, "changeToOperatingActivities": 488848000, "totalCashFromOperatingActivities": 92655000, "capitalExpenditures": -17906000, "investments": -204000, "otherCashflowsFromInvestingActivities": -1000, "totalCashflowsFromInvestingActivities": -13857000, "dividendsPaid": -15010000, "netBorrowings": -49808000, "otherCashflowsFromFinancingActivities": -74489000, "totalCashFromFinancingActivities": -139307000, "changeInCash": -60509000}, {"maxAge": 1, "endDate": "2017-03-31", "netIncome": 263236000, "depreciation": 34190000, "changeToNetincome": 111330000, "changeToAccountReceivables": -639149000, "changeToLiabilities": 3357000, "changeToInventory": -243916000, "changeToOperatingActivities": 683564000, "totalCashFromOperatingActivities": 212612000, "capitalExpenditures": -45709000, "investments": -204000, "otherCashflowsFromInvestingActivities": -1000, "totalCashflowsFromInvestingActivities": -45428000, "dividendsPaid": -9006000, "netBorrowings": -7189000, "otherCashflowsFromFinancingActivities": -86117000, "totalCashFromFinancingActivities": -102312000, "changeInCash": 64872000}], "maxAge": 86400}, "institutionOwnership": {"maxAge": 1, "ownershipList": []}, "balanceSheetHistoryQuarterly": {"balanceSheetStatements": [{"maxAge": 1, "endDate": "2020-06-30", "totalStockholderEquity": 1408729000, "netTangibleAssets": 1408729000}, {"maxAge": 1, "endDate": "2020-03-31", "cash": 4263000, "netReceivables": 616708000, "inventory": 647484000, "otherCurrentAssets": 166957000, "totalCurrentAssets": 1438303000, "propertyPlantEquipment": 303241000, "otherAssets": 9921000, "totalAssets": 1751465000, "accountsPayable": 35424000, "otherCurrentLiab": 149450000, "longTermDebt": 17735000, "otherLiab": 18123000, "totalCurrentLiabilities": 304937000, "totalLiab": 342737000, "commonStock": 30019000, "retainedEarnings": 1260287000, "treasuryStock": 9134000, "capitalSurplus": 109288000, "otherStockholderEquity": 9134000, "totalStockholderEquity": 1408728000, "netTangibleAssets": 1408728000}, {"maxAge": 1, "endDate": "2019-12-31", "totalStockholderEquity": 1344061000, "netTangibleAssets": 1344061000}, {"maxAge": 1, "endDate": "2019-09-30", "cash": 2215000, "shortTermInvestments": 1113000, "netReceivables": 852160000, "inventory": 954680000, "otherCurrentAssets": 159311000, "totalCurrentAssets": 1969479000, "propertyPlantEquipment": 312045000, "otherAssets": 12369000, "totalAssets": 2293893000, "accountsPayable": 67824000, "otherCurrentLiab": 580107000, "longTermDebt": 25316000, "otherLiab": 24729000, "totalCurrentLiabilities": 899787000, "totalLiab": 949832000, "commonStock": 30019000, "treasuryStock": 1314042000, "otherStockholderEquity": 1314042000, "totalStockholderEquity": 1344061000, "netTangibleAssets": 1344061000}], "maxAge": 86400}, "earningsHistory": {"history": [{"maxAge": 1, "epsActual": {}, "epsEstimate": {}, "epsDifference": {}, "surprisePercent": {}, "quarter": {}, "period": "-4q"}, {"maxAge": 1, "epsActual": {}, "epsEstimate": {}, "epsDifference": {}, "surprisePercent": {}, "quarter": {}, "period": "-3q"}, {"maxAge": 1, "epsActual": {}, "epsEstimate": {}, "epsDifference": {}, "surprisePercent": {}, "quarter": {}, "period": "-2q"}, {"maxAge": 1, "epsActual": {}, "epsEstimate": {}, "epsDifference": {}, "surprisePercent": {}, "quarter": {}, "period": "-1q"}], "maxAge": 86400}, "indexTrend": {"maxAge": 1, "symbol": "SP5", "peRatio": 19.7411, "pegRatio": 1.34172, "estimates": [{"period": "0q", "growth": 0.549}, {"period": "+1q", "growth": 0.431}, {"period": "0y", "growth": 0.305}, {"period": "+1y", "growth": 0.109}, {"period": "+5y", "growth": 0.120859005}, {"period": "-5y"}]}, "industryTrend": {"maxAge": 1, "symbol": null, "estimates": []}, "insiderTransactions": {"transactions": [{"maxAge": 1, "shares": 15719, "filerUrl": "", "transactionText": "", "filerName": "Vuyyuru (Shilpa)", "filerRelation": "UNREPORTED", "moneyText": "", "startDate": "2017-06-30", "ownership": "D"}, {"maxAge": 1, "shares": 43500, "filerUrl": "", "transactionText": "", "filerName": "Vuyyuru (Ramesh)", "filerRelation": "Executive Chairman", "moneyText": "", "startDate": "2017-02-07", "ownership": "D"}, {"maxAge": 1, "shares": 2000, "filerUrl": "", "transactionText": "", "filerName": "Vuyyuru (Ramesh)", "filerRelation": "Executive Chairman", "moneyText": "", "startDate": "2014-12-01", "ownership": "D"}, {"maxAge": 1, "shares": 15000, "filerUrl": "", "transactionText": "", "filerName": "Vuyyuru (Hemalatha)", "filerRelation": "Promoter", "moneyText": "", "startDate": "2014-10-31", "ownership": "D"}, {"maxAge": 1, "shares": 15000, "filerUrl": "", "transactionText": "", "filerName": "Vuyyuru (Ramesh)", "filerRelation": "Executive Chairman", "moneyText": "", "startDate": "2014-10-31", "ownership": "D"}, {"maxAge": 1, "shares": 7500, "filerUrl": "", "transactionText": "", "filerName": "Vuyyuru (Ramesh)", "filerRelation": "Executive Chairman", "moneyText": "", "startDate": "2014-10-27", "ownership": "D"}, {"maxAge": 1, "shares": 15000, "filerUrl": "", "transactionText": "", "filerName": "Vuyyuru (Hemalatha)", "filerRelation": "Promoter", "moneyText": "", "startDate": "2014-10-27", "ownership": "D"}, {"maxAge": 1, "shares": 13988, "filerUrl": "", "transactionText": "", "filerName": "Vuyyuru (Sandeep Ramesh)", "filerRelation": "Director (Executive)", "moneyText": "", "startDate": "2014-07-23", "ownership": "D"}, {"maxAge": 1, "shares": 148115, "filerUrl": "", "transactionText": "", "filerName": "Vuyyuru (Rajeswari)", "filerRelation": "Promoter", "moneyText": "", "startDate": "2013-04-24", "ownership": "D"}, {"maxAge": 1, "shares": 202466, "filerUrl": "", "transactionText": "", "filerName": "Vuyyuru (Sandeep Ramesh)", "filerRelation": "Director (Executive)", "moneyText": "", "startDate": "2013-04-24", "ownership": "D"}, {"maxAge": 1, "shares": 5600, "filerUrl": "", "transactionText": "", "filerName": "Vuyyuru (Sandeep Ramesh)", "filerRelation": "Director (Executive)", "moneyText": "", "startDate": "2012-12-04", "ownership": "D"}, {"maxAge": 1, "shares": 21882, "filerUrl": "", "transactionText": "", "filerName": "Vuyyuru (Sandeep Ramesh)", "filerRelation": "Director (Executive)", "moneyText": "", "startDate": "2012-11-29", "ownership": "D"}, {"maxAge": 1, "shares": 220586, "filerUrl": "", "transactionText": "", "filerName": "Vuyyuru (Rajeswari)", "filerRelation": "UNREPORTED", "moneyText": "", "startDate": "2009-11-18", "ownership": "D"}, {"maxAge": 1, "shares": 220586, "filerUrl": "", "transactionText": "", "filerName": "Vuyyuru (Shilpa)", "filerRelation": "UNREPORTED", "moneyText": "", "startDate": "2009-11-18", "ownership": "D"}, {"maxAge": 1, "shares": 9005, "filerUrl": "", "transactionText": "", "filerName": "Vuyyuru (Sandeep Ramesh)", "filerRelation": "Director (Executive)", "moneyText": "", "startDate": "2009-11-03", "ownership": "D"}, {"maxAge": 1, "shares": 3077, "filerUrl": "", "transactionText": "", "filerName": "Vuyyuru (Sandeep Ramesh)", "filerRelation": "Director (Executive)", "moneyText": "", "startDate": "2009-10-21", "ownership": "D"}, {"maxAge": 1, "shares": 2324, "filerUrl": "", "transactionText": "", "filerName": "Vuyyuru (Sandeep Ramesh)", "filerRelation": "Director (Executive)", "moneyText": "", "startDate": "2009-10-06", "ownership": "D"}, {"maxAge": 1, "shares": 4783, "filerUrl": "", "transactionText": "", "filerName": "Vuyyuru (Ramesh)", "filerRelation": "UNREPORTED", "moneyText": "", "startDate": "2009-09-30", "ownership": "D"}], "maxAge": 1}, "quoteType": {"exchange": "BSE", "quoteType": "EQUITY", "symbol": "NILE.BO", "underlyingSymbol": "NILE.BO", "shortName": "NILE LTD.", "longName": "Nile Limited", "firstTradeDateEpochUtc": "2002-01-04 09:15:00", "timeZoneFullName": "Asia/Kolkata", "timeZoneShortName": "IST", "uuid": "389a048c-c3fb-324d-b1df-bce9ab874a7f", "messageBoardId": null, "gmtOffSetMilliseconds": 19800000, "maxAge": 1}, "incomeStatementHistory": {"incomeStatementHistory": [{"maxAge": 1, "endDate": "2020-03-31", "totalRevenue": 5926745000, "costOfRevenue": 4992241000, "grossProfit": 934504000, "researchDevelopment": {}, "sellingGeneralAdministrative": 81876000, "nonRecurring": {}, "otherOperatingExpenses": 638458000, "totalOperatingExpenses": 5749137000, "operatingIncome": 177608000, "totalOtherIncomeExpenseNet": -41731000, "ebit": 177608000, "interestExpense": -36639000, "incomeBeforeTax": 135877000, "incomeTaxExpense": 26559000, "minorityInterest": {}, "netIncomeFromContinuingOps": 109318000, "discontinuedOperations": {}, "extraordinaryItems": {}, "effectOfAccountingCharges": {}, "otherItems": {}, "netIncome": 109318000, "netIncomeApplicableToCommonShares": 109318000}, {"maxAge": 1, "endDate": "2019-03-31", "totalRevenue": 5708346000, "costOfRevenue": 4794285000, "grossProfit": 914061000, "researchDevelopment": {}, "sellingGeneralAdministrative": 77200000, "nonRecurring": {}, "otherOperatingExpenses": 565275000, "totalOperatingExpenses": 5475271000, "operatingIncome": 233075000, "totalOtherIncomeExpenseNet": -39688000, "ebit": 233075000, "interestExpense": -36452000, "incomeBeforeTax": 193387000, "incomeTaxExpense": 68283000, "minorityInterest": {}, "netIncomeFromContinuingOps": 125104000, "discontinuedOperations": {}, "extraordinaryItems": {}, "effectOfAccountingCharges": {}, "otherItems": {}, "netIncome": 125104000, "netIncomeApplicableToCommonShares": 125104000}, {"maxAge": 1, "endDate": "2018-03-31", "totalRevenue": 6331201000, "costOfRevenue": 5353181000, "grossProfit": 978020000, "researchDevelopment": {}, "sellingGeneralAdministrative": 84607000, "nonRecurring": {}, "otherOperatingExpenses": 428681000, "totalOperatingExpenses": 5905263000, "operatingIncome": 425938000, "totalOtherIncomeExpenseNet": -71071000, "ebit": 425938000, "interestExpense": -63741000, "incomeBeforeTax": 354867000, "incomeTaxExpense": 124395000, "minorityInterest": {}, "netIncomeFromContinuingOps": 230472000, "discontinuedOperations": {}, "extraordinaryItems": {}, "effectOfAccountingCharges": {}, "otherItems": {}, "netIncome": 230472000, "netIncomeApplicableToCommonShares": 230472000}, {"maxAge": 1, "endDate": "2017-03-31", "totalRevenue": 5793598000, "costOfRevenue": 4728616000, "grossProfit": 1064982000, "researchDevelopment": {}, "sellingGeneralAdministrative": 75080000, "nonRecurring": {}, "otherOperatingExpenses": 458032000, "totalOperatingExpenses": 5297896000, "operatingIncome": 495702000, "totalOtherIncomeExpenseNet": -92995000, "ebit": 495702000, "interestExpense": -84283000, "incomeBeforeTax": 402707000, "incomeTaxExpense": 139471000, "minorityInterest": {}, "netIncomeFromContinuingOps": 263236000, "discontinuedOperations": {}, "extraordinaryItems": {}, "effectOfAccountingCharges": {}, "otherItems": {}, "netIncome": 263236000, "netIncomeApplicableToCommonShares": 263236000}], "maxAge": 86400}, "fundOwnership": {"maxAge": 1, "ownershipList": []}, "summaryDetail": {"maxAge": 1, "priceHint": 2, "previousClose": 341.85, "open": 345.0, "dayLow": 339.0, "dayHigh": 363.0, "regularMarketPreviousClose": 341.85, "regularMarketOpen": 345.0, "regularMarketDayLow": 339.0, "regularMarketDayHigh": 363.0, "trailingPE": 9.79905, "forwardPE": 3.278857, "volume": 11014, "regularMarketVolume": 11014, "averageVolume": 3986, "averageVolume10days": 2940, "averageDailyVolume10Day": 2940, "bid": 350.1, "ask": 351.1, "bidSize": 0, "askSize": 0, "marketCap": 1053967104, "fiftyTwoWeekLow": 135.55, "fiftyTwoWeekHigh": 419.0, "fiftyDayAverage": 340.81766, "twoHundredDayAverage": 296.73053, "trailingAnnualDividendRate": 2.0, "trailingAnnualDividendYield": 0.005850519, "currency": "INR", "fromCurrency": null, "toCurrency": null, "lastMarket": null, "algorithm": null, "tradeable": false}, "sectorTrend": {"maxAge": 1, "symbol": null, "estimates": []}, "incomeStatementHistoryQuarterly": {"incomeStatementHistory": [{"maxAge": 1, "endDate": "2020-06-30", "totalRevenue": 617611000, "costOfRevenue": 489950000, "grossProfit": 127661000, "researchDevelopment": {}, "sellingGeneralAdministrative": 20515000, "nonRecurring": {}, "otherOperatingExpenses": 104915000, "totalOperatingExpenses": 624112000, "operatingIncome": -6501000, "totalOtherIncomeExpenseNet": -2653000, "ebit": -6501000, "interestExpense": -3459000, "incomeBeforeTax": -9154000, "incomeTaxExpense": -2181000, "minorityInterest": {}, "netIncomeFromContinuingOps": -6973000, "discontinuedOperations": {}, "extraordinaryItems": {}, "effectOfAccountingCharges": {}, "otherItems": {}, "netIncome": -6973000, "netIncomeApplicableToCommonShares": -6973000}, {"maxAge": 1, "endDate": "2020-03-31", "totalRevenue": 1321242000, "costOfRevenue": 1150871000, "grossProfit": 170371000, "researchDevelopment": {}, "sellingGeneralAdministrative": 22499000, "nonRecurring": {}, "otherOperatingExpenses": 124710000, "totalOperatingExpenses": 1307330000, "operatingIncome": 13912000, "totalOtherIncomeExpenseNet": -5487000, "ebit": 13912000, "interestExpense": -3459000, "incomeBeforeTax": 8425000, "incomeTaxExpense": 360000, "minorityInterest": {}, "netIncomeFromContinuingOps": 8065000, "discontinuedOperations": {}, "extraordinaryItems": {}, "effectOfAccountingCharges": {}, "otherItems": {}, "netIncome": 8065000, "netIncomeApplicableToCommonShares": 8065000}, {"maxAge": 1, "endDate": "2019-12-31", "totalRevenue": 1643160000, "costOfRevenue": 1337293000, "grossProfit": 305867000, "researchDevelopment": {}, "sellingGeneralAdministrative": 21078000, "nonRecurring": {}, "otherOperatingExpenses": 170185000, "totalOperatingExpenses": 1537732000, "operatingIncome": 105428000, "totalOtherIncomeExpenseNet": -12689000, "ebit": 105428000, "interestExpense": -13248000, "incomeBeforeTax": 92739000, "incomeTaxExpense": 23929000, "minorityInterest": {}, "netIncomeFromContinuingOps": 68810000, "discontinuedOperations": {}, "extraordinaryItems": {}, "effectOfAccountingCharges": {}, "otherItems": {}, "netIncome": 68810000, "netIncomeApplicableToCommonShares": 68810000}, {"maxAge": 1, "endDate": "2019-09-30", "totalRevenue": 1771464000, "costOfRevenue": 1499363000, "grossProfit": 272101000, "researchDevelopment": {}, "sellingGeneralAdministrative": 18890000, "nonRecurring": {}, "otherOperatingExpenses": 178932000, "totalOperatingExpenses": 1706408000, "operatingIncome": 65056000, "totalOtherIncomeExpenseNet": -17192000, "ebit": 65056000, "interestExpense": -17862000, "incomeBeforeTax": 47864000, "incomeTaxExpense": 3017000, "minorityInterest": {}, "netIncomeFromContinuingOps": 44847000, "discontinuedOperations": {}, "extraordinaryItems": {}, "effectOfAccountingCharges": {}, "otherItems": {}, "netIncome": 44847000, "netIncomeApplicableToCommonShares": 44847000}], "maxAge": 86400}, "cashflowStatementHistoryQuarterly": {"cashflowStatements": [{"maxAge": 1, "endDate": "2020-06-30", "netIncome": -6973000, "changeToLiabilities": 0}, {"maxAge": 1, "endDate": "2020-03-31", "netIncome": 8065000, "changeToLiabilities": 0}, {"maxAge": 1, "endDate": "2019-12-31", "netIncome": 68810000, "changeToLiabilities": 0}, {"maxAge": 1, "endDate": "2019-09-30", "netIncome": 44847000, "changeToLiabilities": 0}], "maxAge": 86400}, "insiderHolders": {"holders": [{"maxAge": 1, "name": "Vuyyuru (Hemalatha)", "relation": "Promoter", "url": "", "transactionDescription": "Gift", "latestTransDate": "2014-10-31", "positionDirect": 43500, "positionDirectDate": "2014-10-31"}, {"maxAge": 1, "name": "Vuyyuru (Rajeswari)", "relation": "Promoter", "url": "", "transactionDescription": "Sale", "latestTransDate": "2013-04-24", "positionDirect": 786774, "positionDirectDate": "2013-04-24"}, {"maxAge": 1, "name": "Vuyyuru (Ramesh)", "relation": "Executive Chairman", "url": "", "transactionDescription": "Purchase", "latestTransDate": "2017-02-07", "positionDirect": 289208, "positionDirectDate": "2017-02-07"}, {"maxAge": 1, "name": "Vuyyuru (Sandeep Ramesh)", "relation": "Director (Executive)", "url": "", "transactionDescription": "Purchase", "latestTransDate": "2014-07-23", "positionDirect": 406928, "positionDirectDate": "2014-07-23"}, {"maxAge": 1, "name": "Vuyyuru (Shilpa)", "relation": "UNREPORTED", "url": "", "transactionDescription": "Sale", "latestTransDate": "2017-06-30", "positionDirect": 0, "positionDirectDate": "2017-06-30"}], "maxAge": 1}, "earnings": {"maxAge": 86400, "earningsChart": {"quarterly": [], "earningsDate": ["2020-08-12 05:30:S"]}, "financialsChart": {"yearly": [{"date": 2017, "revenue": 5793598000, "earnings": 263236000}, {"date": 2018, "revenue": 6331201000, "earnings": 230472000}, {"date": 2019, "revenue": 5708346000, "earnings": 125104000}, {"date": 2020, "revenue": 5926745000, "earnings": 109318000}], "quarterly": [{"date": "3Q2019", "revenue": 1771464000, "earnings": 44847000}, {"date": "4Q2019", "revenue": 1643160000, "earnings": 68810000}, {"date": "1Q2020", "revenue": 1321242000, "earnings": 8065000}, {"date": "2Q2020", "revenue": 617611000, "earnings": -6973000}]}, "financialCurrency": "INR"}, "calendarEvents": {"maxAge": 1, "earnings": {"earningsDate": ["2020-08-12 05:30:S"]}}, "price": {"maxAge": 1, "regularMarketChangePercent": 0.027058652, "regularMarketChange": 9.25, "regularMarketTime": "2021-04-30 15:43:37", "priceHint": 2, "regularMarketPrice": 351.1, "regularMarketDayHigh": 363.0, "regularMarketDayLow": 339.0, "regularMarketVolume": 11014, "averageDailyVolume10Day": 2940, "averageDailyVolume3Month": 3986, "regularMarketPreviousClose": 341.85, "regularMarketSource": "FREE_REALTIME", "regularMarketOpen": 345.0, "exchange": "BSE", "exchangeName": "BSE", "exchangeDataDelayedBy": 0, "marketState": "CLOSED", "quoteType": "EQUITY", "symbol": "NILE.BO", "underlyingSymbol": null, "shortName": "NILE LTD.", "longName": "Nile Limited", "currency": "INR", "quoteSourceName": "Delayed Quote", "currencySymbol": "\u20b9", "fromCurrency": null, "toCurrency": null, "lastMarket": null, "marketCap": 1053967104}, "balanceSheetHistory": {"balanceSheetStatements": [{"maxAge": 1, "endDate": "2020-03-31", "cash": 4263000, "netReceivables": 616708000, "inventory": 647484000, "otherCurrentAssets": 166957000, "totalCurrentAssets": 1438303000, "propertyPlantEquipment": 303241000, "otherAssets": 9921000, "totalAssets": 1751465000, "accountsPayable": 35424000, "otherCurrentLiab": 149450000, "longTermDebt": 17735000, "otherLiab": 18123000, "totalCurrentLiabilities": 304937000, "totalLiab": 342737000, "commonStock": 30019000, "retainedEarnings": 1260287000, "treasuryStock": 9134000, "capitalSurplus": 109288000, "otherStockholderEquity": 9134000, "totalStockholderEquity": 1408728000, "netTangibleAssets": 1408728000}, {"maxAge": 1, "endDate": "2019-03-31", "cash": 1046000, "shortTermInvestments": 1910000, "netReceivables": 564514000, "inventory": 871297000, "otherCurrentAssets": 105399000, "totalCurrentAssets": 1546751000, "propertyPlantEquipment": 318711000, "otherAssets": 12706000, "totalAssets": 1878168000, "accountsPayable": 21426000, "otherCurrentLiab": 326345000, "longTermDebt": 24105000, "otherLiab": 26348000, "totalCurrentLiabilities": 511884000, "totalLiab": 562337000, "commonStock": 30019000, "retainedEarnings": 1167390000, "treasuryStock": 9134000, "capitalSurplus": 109288000, "otherStockholderEquity": 9134000, "totalStockholderEquity": 1315831000, "netTangibleAssets": 1315831000}, {"maxAge": 1, "endDate": "2018-03-31", "cash": 7458000, "netReceivables": 934956000, "inventory": 599800000, "otherCurrentAssets": 44294000, "totalCurrentAssets": 1591034000, "propertyPlantEquipment": 339609000, "otherAssets": 14273000, "totalAssets": 1944916000, "accountsPayable": 45670000, "otherCurrentLiab": 440401000, "longTermDebt": 26927000, "otherLiab": 29604000, "totalCurrentLiabilities": 683823000, "totalLiab": 740354000, "commonStock": 30019000, "retainedEarnings": 1056121000, "treasuryStock": 9134000, "capitalSurplus": 109288000, "otherStockholderEquity": 9134000, "totalStockholderEquity": 1204562000, "netTangibleAssets": 1204562000}, {"maxAge": 1, "endDate": "2017-03-31", "cash": 67967000, "netReceivables": 349977000, "inventory": 523969000, "otherCurrentAssets": 74959000, "totalCurrentAssets": 1019145000, "propertyPlantEquipment": 364559000, "otherAssets": 15359000, "totalAssets": 1399063000, "accountsPayable": 23199000, "otherCurrentLiab": 52441000, "longTermDebt": 25507000, "otherLiab": 31759000, "totalCurrentLiabilities": 345347000, "totalLiab": 402613000, "commonStock": 30019000, "retainedEarnings": 848009000, "treasuryStock": 9134000, "capitalSurplus": 109288000, "otherStockholderEquity": 9134000, "totalStockholderEquity": 996450000, "netTangibleAssets": 996450000}], "maxAge": 86400}, "earningsTrend": {"trend": [{"maxAge": 1, "period": "0q", "endDate": null, "growth": {}, "earningsEstimate": {"avg": 0.0, "low": 0.0, "high": 0.0, "yearAgoEps": {}, "numberOfAnalysts": 0, "growth": {}}, "revenueEstimate": {"avg": 0, "low": 0, "high": 0, "numberOfAnalysts": 0, "yearAgoRevenue": {}, "growth": {}}, "epsTrend": {"current": 0.0, "7daysAgo": 0.0, "30daysAgo": 0.0, "60daysAgo": 0.0, "90daysAgo": 0.0}, "epsRevisions": {"upLast7days": 0, "upLast30days": 0, "downLast30days": 0, "downLast90days": {}}}, {"maxAge": 1, "period": "+1q", "endDate": null, "growth": {}, "earningsEstimate": {"avg": 0.0, "low": 0.0, "high": 0.0, "yearAgoEps": {}, "numberOfAnalysts": 0, "growth": {}}, "revenueEstimate": {"avg": 0, "low": 0, "high": 0, "numberOfAnalysts": 0, "yearAgoRevenue": {}, "growth": {}}, "epsTrend": {"current": 0.0, "7daysAgo": 0.0, "30daysAgo": 0.0, "60daysAgo": 0.0, "90daysAgo": 0.0}, "epsRevisions": {"upLast7days": 0, "upLast30days": 0, "downLast30days": 0, "downLast90days": {}}}, {"maxAge": 1, "period": "0y", "endDate": null, "growth": {}, "earningsEstimate": {"avg": 0.0, "low": 0.0, "high": 0.0, "yearAgoEps": {}, "numberOfAnalysts": 0, "growth": {}}, "revenueEstimate": {"avg": 0, "low": 0, "high": 0, "numberOfAnalysts": 0, "yearAgoRevenue": {}, "growth": {}}, "epsTrend": {"current": 0.0, "7daysAgo": 0.0, "30daysAgo": 0.0, "60daysAgo": 0.0, "90daysAgo": 0.0}, "epsRevisions": {"upLast7days": 0, "upLast30days": 0, "downLast30days": 0, "downLast90days": {}}}, {"maxAge": 1, "period": "+1y", "endDate": null, "growth": {}, "earningsEstimate": {"avg": 0.0, "low": 0.0, "high": 0.0, "yearAgoEps": {}, "numberOfAnalysts": 0, "growth": {}}, "revenueEstimate": {"avg": 0, "low": 0, "high": 0, "numberOfAnalysts": 0, "yearAgoRevenue": {}, "growth": {}}, "epsTrend": {"current": 0.0, "7daysAgo": 0.0, "30daysAgo": 0.0, "60daysAgo": 0.0, "90daysAgo": 0.0}, "epsRevisions": {"upLast7days": 0, "upLast30days": 0, "downLast30days": 0, "downLast90days": {}}}, {"maxAge": 1, "period": "+5y", "endDate": null, "growth": {}, "earningsEstimate": {"avg": {}, "low": {}, "high": {}, "yearAgoEps": {}, "numberOfAnalysts": {}, "growth": {}}, "revenueEstimate": {"avg": {}, "low": {}, "high": {}, "numberOfAnalysts": {}, "yearAgoRevenue": {}, "growth": {}}, "epsTrend": {"current": {}, "7daysAgo": {}, "30daysAgo": {}, "60daysAgo": {}, "90daysAgo": {}}, "epsRevisions": {"upLast7days": {}, "upLast30days": {}, "downLast30days": {}, "downLast90days": {}}}, {"maxAge": 1, "period": "-5y", "endDate": null, "growth": {}, "earningsEstimate": {"avg": {}, "low": {}, "high": {}, "yearAgoEps": {}, "numberOfAnalysts": {}, "growth": {}}, "revenueEstimate": {"avg": {}, "low": {}, "high": {}, "numberOfAnalysts": {}, "yearAgoRevenue": {}, "growth": {}}, "epsTrend": {"current": {}, "7daysAgo": {}, "30daysAgo": {}, "60daysAgo": {}, "90daysAgo": {}}, "epsRevisions": {"upLast7days": {}, "upLast30days": {}, "downLast30days": {}, "downLast90days": {}}}], "maxAge": 1}, "financialData": {"maxAge": 86400, "currentPrice": 351.1, "recommendationKey": "none", "grossProfits": 934504000, "financialCurrency": "INR"}}}