{"NILKAMAL.BO": {"recommendationTrend": {"trend": [{"period": "0m", "strongBuy": 0, "buy": 0, "hold": 0, "sell": 0, "strongSell": 0}, {"period": "-1m", "strongBuy": 0, "buy": 0, "hold": 0, "sell": 0, "strongSell": 0}, {"period": "-2m", "strongBuy": 0, "buy": 0, "hold": 0, "sell": 0, "strongSell": 0}, {"period": "-3m", "strongBuy": 0, "buy": 0, "hold": 0, "sell": 0, "strongSell": 0}], "maxAge": 86400}, "cashflowStatementHistory": {"cashflowStatements": [{"maxAge": 1, "endDate": "2020-03-31", "netIncome": 1420845000, "depreciation": 932952000, "changeToNetincome": -34132000, "changeToAccountReceivables": 173746000, "changeToLiabilities": 1410000, "changeToInventory": -87058000, "changeToOperatingActivities": 102556000, "totalCashFromOperatingActivities": 2519494000, "capitalExpenditures": -995432000, "investments": -128104000, "otherCashflowsFromInvestingActivities": 28667000, "totalCashflowsFromInvestingActivities": -1523728000, "dividendsPaid": -425978000, "netBorrowings": -261293000, "otherCashflowsFromFinancingActivities": -309781000, "totalCashFromFinancingActivities": -997052000, "effectOfExchangeRate": -3831000, "changeInCash": 52479000}, {"maxAge": 1, "endDate": "2019-03-31", "netIncome": 1173331000, "depreciation": 510086000, "changeToNetincome": 95081000, "changeToAccountReceivables": 277953000, "changeToLiabilities": -375167000, "changeToInventory": -135231000, "changeToOperatingActivities": 195687000, "totalCashFromOperatingActivities": 1748274000, "capitalExpenditures": -1144798000, "investments": 17920000, "otherCashflowsFromInvestingActivities": 32306000, "totalCashflowsFromInvestingActivities": -1064614000, "dividendsPaid": -193993000, "netBorrowings": -338172000, "otherCashflowsFromFinancingActivities": -193225000, "totalCashFromFinancingActivities": -725390000, "effectOfExchangeRate": -1143000, "changeInCash": -42873000}, {"maxAge": 1, "endDate": "2018-03-31", "netIncome": 1234696000, "depreciation": 501435000, "changeToNetincome": 141967000, "changeToAccountReceivables": -420033000, "changeToLiabilities": 594021000, "changeToInventory": -433336000, "changeToOperatingActivities": -415203000, "totalCashFromOperatingActivities": 1206958000, "capitalExpenditures": -1018813000, "investments": 8346000, "otherCashflowsFromInvestingActivities": 26163000, "totalCashflowsFromInvestingActivities": -956496000, "dividendsPaid": -164148000, "netBorrowings": 102122000, "otherCashflowsFromFinancingActivities": -140887000, "totalCashFromFinancingActivities": -202913000, "effectOfExchangeRate": -5912000, "changeInCash": 41637000}, {"maxAge": 1, "endDate": "2017-03-31", "netIncome": 1225332000, "depreciation": 497524000, "changeToNetincome": 45090000, "changeToAccountReceivables": -340448000, "changeToLiabilities": -6185000, "changeToInventory": -316865000, "changeToOperatingActivities": 2932000, "totalCashFromOperatingActivities": 1115296000, "capitalExpenditures": -812241000, "investments": 64297000, "otherCashflowsFromInvestingActivities": 21533000, "totalCashflowsFromInvestingActivities": -702316000, "dividendsPaid": -79354000, "netBorrowings": -185214000, "otherCashflowsFromFinancingActivities": -117865000, "totalCashFromFinancingActivities": -382433000, "effectOfExchangeRate": -27157000, "changeInCash": 3390000}], "maxAge": 86400}, "institutionOwnership": {"ownershipList": [], "maxAge": 1}, "balanceSheetHistoryQuarterly": {"balanceSheetStatements": [{"maxAge": 1, "endDate": "2020-06-30", "totalStockholderEquity": 10320913000, "netTangibleAssets": 10239618000}, {"maxAge": 1, "endDate": "2020-03-31", "cash": 184144000, "shortTermInvestments": 216236000, "netReceivables": 3601735000, "inventory": 4063473000, "otherCurrentAssets": 489495000, "totalCurrentAssets": 8598552000, "longTermInvestments": 185158000, "propertyPlantEquipment": 6108674000, "goodWill": 67560000, "intangibleAssets": 13735000, "otherAssets": 535618000, "totalAssets": 15509297000, "accountsPayable": 1530295000, "shortLongTermDebt": 184452000, "otherCurrentLiab": 472518000, "longTermDebt": 479008000, "otherLiab": 797872000, "minorityInterest": 9047000, "totalCurrentLiabilities": 2662097000, "totalLiab": 5179337000, "commonStock": 149225000, "retainedEarnings": 9532835000, "treasuryStock": -6043000, "capitalSurplus": 644896000, "otherStockholderEquity": -6043000, "totalStockholderEquity": 10320913000, "netTangibleAssets": 10239618000}, {"maxAge": 1, "endDate": "2019-12-31", "totalStockholderEquity": 9971343000, "netTangibleAssets": 9885458000}, {"maxAge": 1, "endDate": "2019-09-30", "cash": 216362000, "shortTermInvestments": 242623000, "netReceivables": 3675976000, "inventory": 4095310000, "otherCurrentAssets": 418336000, "totalCurrentAssets": 8648607000, "longTermInvestments": 159551000, "propertyPlantEquipment": 5731014000, "intangibleAssets": 85885000, "otherAssets": 546864000, "totalAssets": 15171921000, "accountsPayable": 1578207000, "otherCurrentLiab": 749205000, "longTermDebt": 535604000, "otherLiab": 2187879000, "minorityInterest": 71914000, "totalCurrentLiabilities": 2405181000, "totalLiab": 5128664000, "commonStock": 149225000, "treasuryStock": 9822118000, "otherStockholderEquity": 9822118000, "totalStockholderEquity": 9971343000, "netTangibleAssets": 9885458000}], "maxAge": 86400}, "earningsHistory": {"history": [{"maxAge": 1, "epsActual": 18.65, "epsEstimate": 17.2, "epsDifference": 1.45, "surprisePercent": 0.084, "quarter": "2017-09-30", "period": "-4q"}, {"maxAge": 1, "epsActual": 22.17, "epsEstimate": 23.9, "epsDifference": -1.73, "surprisePercent": -0.072, "quarter": "2017-12-31", "period": "-3q"}, {"maxAge": 1, "epsActual": 20.58, "epsEstimate": 21.6, "epsDifference": -1.02, "surprisePercent": -0.047, "quarter": "2018-06-30", "period": "-2q"}, {"maxAge": 1, "epsActual": 16.68, "epsEstimate": 17.6, "epsDifference": -0.92, "surprisePercent": -0.051999997, "quarter": "2018-09-30", "period": "-1q"}], "maxAge": 86400}, "indexTrend": {"maxAge": 1, "symbol": "SP5", "peRatio": 19.7411, "pegRatio": 1.34172, "estimates": [{"period": "0q", "growth": 0.549}, {"period": "+1q", "growth": 0.431}, {"period": "0y", "growth": 0.305}, {"period": "+1y", "growth": 0.109}, {"period": "+5y", "growth": 0.120865}, {"period": "-5y"}]}, "industryTrend": {"maxAge": 1, "symbol": null, "estimates": []}, "insiderTransactions": {"transactions": [{"maxAge": 1, "shares": 100000, "filerUrl": "", "transactionText": "Purchase at price 0.00 per share.", "filerName": "Parekh (Sharad V)", "filerRelation": "Director (Executive)", "moneyText": "", "startDate": "2020-11-02", "ownership": "D"}, {"maxAge": 1, "shares": 434905, "filerUrl": "", "transactionText": "Gift at price 0.00 per share.", "filerName": "Parekh (Manish V)", "filerRelation": "Director (Executive)", "moneyText": "", "startDate": "2020-09-17", "ownership": "D"}, {"maxAge": 1, "shares": 45000, "filerUrl": "", "transactionText": "Gift at price 0.00 per share.", "filerName": "Parekh (Natasha M)", "filerRelation": "UNREPORTED", "moneyText": "", "startDate": "2020-09-17", "ownership": "D"}, {"maxAge": 1, "shares": 45000, "filerUrl": "", "transactionText": "", "filerName": "Gandhi (Priyanka H)", "filerRelation": "Promoter", "moneyText": "", "startDate": "2020-03-31", "ownership": "D"}, {"maxAge": 1, "shares": 418153, "filerUrl": "", "transactionText": "", "filerName": "Parekh (Hiten V)", "filerRelation": "Director", "moneyText": "", "startDate": "2020-03-31", "ownership": "D"}, {"maxAge": 1, "shares": 439427, "filerUrl": "", "transactionText": "", "filerName": "Parekh (Nayan S.)", "filerRelation": "Promoter", "moneyText": "", "startDate": "2020-03-31", "ownership": "D"}, {"maxAge": 1, "shares": 1700, "filerUrl": "", "transactionText": "", "filerName": "Parekh (Vamanrai V.)", "filerRelation": "Non Executive Chairman", "moneyText": "", "startDate": "2020-03-31", "ownership": "D"}, {"maxAge": 1, "shares": 45000, "filerUrl": "", "transactionText": "", "filerName": "Praekh (Dhaniti N)", "filerRelation": "Promoter", "moneyText": "", "startDate": "2020-03-31", "ownership": "D"}, {"maxAge": 1, "shares": 8800, "filerUrl": "", "transactionText": "", "filerName": "Parekh (Sharad V)", "filerRelation": "Director (Executive)", "moneyText": "", "startDate": "2020-03-30", "ownership": "D"}, {"maxAge": 1, "shares": 17483, "filerUrl": "", "transactionText": "", "filerName": "Parekh (Vamanrai V.)", "filerRelation": "Non Executive Chairman", "moneyText": "", "startDate": "2020-03-30", "ownership": "D"}, {"maxAge": 1, "shares": 4000, "filerUrl": "", "transactionText": "", "filerName": "Parekh (Sharad V)", "filerRelation": "Director (Executive)", "moneyText": "", "startDate": "2020-03-26", "ownership": "D"}, {"maxAge": 1, "shares": 1208, "filerUrl": "", "transactionText": "", "filerName": "Parekh (Vamanrai V.)", "filerRelation": "Non Executive Chairman", "moneyText": "", "startDate": "2020-03-26", "ownership": "D"}, {"maxAge": 1, "shares": 4682, "filerUrl": "", "transactionText": "", "filerName": "Parekh (Sharad V)", "filerRelation": "Director (Executive)", "moneyText": "", "startDate": "2020-03-24", "ownership": "D"}, {"maxAge": 1, "shares": 9368, "filerUrl": "", "transactionText": "", "filerName": "Parekh (Vamanrai V.)", "filerRelation": "Non Executive Chairman", "moneyText": "", "startDate": "2020-03-24", "ownership": "D"}, {"maxAge": 1, "shares": 473886, "filerUrl": "", "transactionText": "", "filerName": "Parekh (Sharad V)", "filerRelation": "Director (Executive)", "moneyText": "", "startDate": "2020-03-20", "ownership": "D"}, {"maxAge": 1, "shares": 3141, "filerUrl": "", "transactionText": "", "filerName": "Parekh (Vamanrai V.)", "filerRelation": "Non Executive Chairman", "moneyText": "", "startDate": "2020-03-20", "ownership": "D"}, {"maxAge": 1, "shares": 5000, "filerUrl": "", "transactionText": "", "filerName": "Parekh (Hiten V) HUF", "filerRelation": "Promoter", "moneyText": "", "startDate": "2018-10-17", "ownership": "D"}, {"maxAge": 1, "shares": 4500, "filerUrl": "", "transactionText": "", "filerName": "Parekh (Manish V) HUF", "filerRelation": "Promoter", "moneyText": "", "startDate": "2018-10-17", "ownership": "D"}, {"maxAge": 1, "shares": 7223, "filerUrl": "", "transactionText": "", "filerName": "Parekh (Sharad V) HUF", "filerRelation": "Promoter", "moneyText": "", "startDate": "2018-10-17", "ownership": "D"}, {"maxAge": 1, "shares": 144453, "filerUrl": "", "transactionText": "", "filerName": "Parekh (Vamanrai V.)", "filerRelation": "Non Executive Chairman", "moneyText": "", "startDate": "2018-10-17", "ownership": "D"}, {"maxAge": 1, "shares": 120000, "filerUrl": "", "transactionText": "", "filerName": "Parekh (Dhanay N)", "filerRelation": "Promoter", "moneyText": "", "startDate": "2017-10-18", "ownership": "D"}, {"maxAge": 1, "shares": 120000, "filerUrl": "", "transactionText": "", "filerName": "Parekh (Eashan M)", "filerRelation": "Promoter", "moneyText": "", "startDate": "2017-10-18", "ownership": "D"}, {"maxAge": 1, "shares": 120000, "filerUrl": "", "transactionText": "", "filerName": "Parekh (Hiten V)", "filerRelation": "Joint Managing director", "moneyText": "", "startDate": "2017-10-18", "ownership": "D"}, {"maxAge": 1, "shares": 120000, "filerUrl": "", "transactionText": "", "filerName": "Parekh (Manish V)", "filerRelation": "President", "moneyText": "", "startDate": "2017-10-18", "ownership": "D"}, {"maxAge": 1, "shares": 120000, "filerUrl": "", "transactionText": "", "filerName": "Parekh (Mihir H)", "filerRelation": "Promoter", "moneyText": "", "startDate": "2017-10-18", "ownership": "D"}, {"maxAge": 1, "shares": 150000, "filerUrl": "", "transactionText": "", "filerName": "Parekh (Nayan S.)", "filerRelation": "President", "moneyText": "", "startDate": "2017-10-18", "ownership": "D"}, {"maxAge": 1, "shares": 30000, "filerUrl": "", "transactionText": "", "filerName": "Parekh (Purvi N)", "filerRelation": "Promoter", "moneyText": "", "startDate": "2017-10-18", "ownership": "D"}, {"maxAge": 1, "shares": 13093, "filerUrl": "", "transactionText": "", "filerName": "Gandhi (Manoj)", "filerRelation": "Promoter", "moneyText": "", "startDate": "2017-04-05", "ownership": "D"}, {"maxAge": 1, "shares": 1306918, "filerUrl": "", "transactionText": "", "filerName": "Parekh (Hiten V)", "filerRelation": "Director (Executive)", "moneyText": "", "startDate": "2017-03-29", "ownership": "D"}, {"maxAge": 1, "shares": 448739, "filerUrl": "", "transactionText": "", "filerName": "Parekh (Manish V)", "filerRelation": "Director (Executive)", "moneyText": "", "startDate": "2017-03-29", "ownership": "D"}, {"maxAge": 1, "shares": 380952, "filerUrl": "", "transactionText": "", "filerName": "Parekh (Manju M)", "filerRelation": "Promoter", "moneyText": "", "startDate": "2017-03-29", "ownership": "D"}, {"maxAge": 1, "shares": 523427, "filerUrl": "", "transactionText": "", "filerName": "Parekh (Nayan S.)", "filerRelation": "Director (Executive)", "moneyText": "", "startDate": "2017-03-29", "ownership": "D"}, {"maxAge": 1, "shares": 380952, "filerUrl": "", "transactionText": "", "filerName": "Parekh (Purvi N)", "filerRelation": "Promoter", "moneyText": "", "startDate": "2017-03-29", "ownership": "D"}, {"maxAge": 1, "shares": 46200, "filerUrl": "", "transactionText": "", "filerName": "Parekh (Sharad V)", "filerRelation": "Director (Executive)", "moneyText": "", "startDate": "2017-03-29", "ownership": "D"}, {"maxAge": 1, "shares": 380952, "filerUrl": "", "transactionText": "", "filerName": "Parekh (Vamanrai V.)", "filerRelation": "Non Executive Chairman", "moneyText": "", "startDate": "2017-03-29", "ownership": "D"}, {"maxAge": 1, "shares": 925966, "filerUrl": "", "transactionText": "", "filerName": "Parekh (Hiten V)", "filerRelation": "Director (Executive)", "moneyText": "", "startDate": "2017-03-28", "ownership": "D"}, {"maxAge": 1, "shares": 380952, "filerUrl": "", "transactionText": "", "filerName": "Parekh (Purvi N)", "filerRelation": "Promoter", "moneyText": "", "startDate": "2017-03-28", "ownership": "D"}, {"maxAge": 1, "shares": 761904, "filerUrl": "", "transactionText": "", "filerName": "Parekh (Sharad V)", "filerRelation": "Director (Executive)", "moneyText": "", "startDate": "2017-03-28", "ownership": "D"}, {"maxAge": 1, "shares": 1270057, "filerUrl": "", "transactionText": "", "filerName": "Parekh (Vamanrai V.)", "filerRelation": "Non Executive Chairman", "moneyText": "", "startDate": "2017-03-28", "ownership": "D"}, {"maxAge": 1, "shares": 4000, "filerUrl": "", "transactionText": "", "filerName": "Gandhi (Manoj)", "filerRelation": "Promoter", "moneyText": "", "startDate": "2017-02-23", "ownership": "D"}, {"maxAge": 1, "shares": 11900, "filerUrl": "", "transactionText": "", "filerName": "Parekh (Dhanay N)", "filerRelation": "UNREPORTED", "moneyText": "", "startDate": "2016-04-29", "ownership": "D"}, {"maxAge": 1, "shares": 1900, "filerUrl": "", "transactionText": "", "filerName": "Parekh (Eashan M)", "filerRelation": "Promoter", "moneyText": "", "startDate": "2016-04-29", "ownership": "D"}, {"maxAge": 1, "shares": 3386, "filerUrl": "", "transactionText": "", "filerName": "Parekh (Hiten V)", "filerRelation": "Director (Executive)", "moneyText": "", "startDate": "2016-04-29", "ownership": "D"}, {"maxAge": 1, "shares": 3191, "filerUrl": "", "transactionText": "", "filerName": "Parekh (Manish V)", "filerRelation": "Director (Executive)", "moneyText": "", "startDate": "2016-04-29", "ownership": "D"}, {"maxAge": 1, "shares": 6705, "filerUrl": "", "transactionText": "", "filerName": "Parekh (Manish V)", "filerRelation": "Director (Executive)", "moneyText": "", "startDate": "2016-04-29", "ownership": "D"}, {"maxAge": 1, "shares": 5000, "filerUrl": "", "transactionText": "", "filerName": "Parekh (Natasha M)", "filerRelation": "UNREPORTED", "moneyText": "", "startDate": "2016-04-29", "ownership": "D"}, {"maxAge": 1, "shares": 16640, "filerUrl": "", "transactionText": "", "filerName": "Parekh (Nayan S.)", "filerRelation": "Director (Executive)", "moneyText": "", "startDate": "2016-04-29", "ownership": "D"}, {"maxAge": 1, "shares": 6382, "filerUrl": "", "transactionText": "", "filerName": "Parekh (Vamanrai V) HUF", "filerRelation": "UNREPORTED", "moneyText": "", "startDate": "2016-04-29", "ownership": "D"}, {"maxAge": 1, "shares": 5000, "filerUrl": "", "transactionText": "", "filerName": "Praekh (Dhaniti N)", "filerRelation": "UNREPORTED", "moneyText": "", "startDate": "2016-04-29", "ownership": "D"}, {"maxAge": 1, "shares": 2407, "filerUrl": "", "transactionText": "", "filerName": "Parekh (Hiten V)", "filerRelation": "Director (Executive)", "moneyText": "", "startDate": "2014-12-05", "ownership": "D"}, {"maxAge": 1, "shares": 2408, "filerUrl": "", "transactionText": "", "filerName": "Parekh (Manish V)", "filerRelation": "Director (Executive)", "moneyText": "", "startDate": "2014-12-05", "ownership": "D"}, {"maxAge": 1, "shares": 3210, "filerUrl": "", "transactionText": "", "filerName": "Parekh (Nayan S.)", "filerRelation": "Director (Executive)", "moneyText": "", "startDate": "2014-12-05", "ownership": "D"}, {"maxAge": 1, "shares": 7305, "filerUrl": "", "transactionText": "", "filerName": "Parekh (Hiten V)", "filerRelation": "Director (Executive)", "moneyText": "", "startDate": "2014-12-03", "ownership": "D"}, {"maxAge": 1, "shares": 7305, "filerUrl": "", "transactionText": "", "filerName": "Parekh (Manish V)", "filerRelation": "Director (Executive)", "moneyText": "", "startDate": "2014-12-03", "ownership": "D"}, {"maxAge": 1, "shares": 9740, "filerUrl": "", "transactionText": "", "filerName": "Parekh (Nayan S.)", "filerRelation": "Director (Executive)", "moneyText": "", "startDate": "2014-12-03", "ownership": "D"}, {"maxAge": 1, "shares": 15000, "filerUrl": "", "transactionText": "", "filerName": "Parekh (Hiten V)", "filerRelation": "Director (Executive)", "moneyText": "", "startDate": "2014-12-01", "ownership": "D"}, {"maxAge": 1, "shares": 15000, "filerUrl": "", "transactionText": "", "filerName": "Parekh (Manish V)", "filerRelation": "Director (Executive)", "moneyText": "", "startDate": "2014-12-01", "ownership": "D"}, {"maxAge": 1, "shares": 20000, "filerUrl": "", "transactionText": "", "filerName": "Parekh (Nayan S.)", "filerRelation": "Director (Executive)", "moneyText": "", "startDate": "2014-12-01", "ownership": "D"}, {"maxAge": 1, "shares": 21013, "filerUrl": "", "transactionText": "", "filerName": "Doshi (Mahendra V)", "filerRelation": "Director (Non-Executive)", "moneyText": "", "startDate": "2014-11-25", "ownership": "D"}, {"maxAge": 1, "shares": 3887, "filerUrl": "", "transactionText": "", "filerName": "Doshi (Mahendra V)", "filerRelation": "Director (Non-Executive)", "moneyText": "", "startDate": "2014-11-24", "ownership": "D"}, {"maxAge": 1, "shares": 7500, "filerUrl": "", "transactionText": "", "filerName": "Parekh (Hiten V)", "filerRelation": "Director (Executive)", "moneyText": "", "startDate": "2014-07-01", "ownership": "D"}, {"maxAge": 1, "shares": 7500, "filerUrl": "", "transactionText": "", "filerName": "Parekh (Manish V)", "filerRelation": "Director (Executive)", "moneyText": "", "startDate": "2014-07-01", "ownership": "D"}, {"maxAge": 1, "shares": 10000, "filerUrl": "", "transactionText": "", "filerName": "Parekh (Nayan S.)", "filerRelation": "Director (Executive)", "moneyText": "", "startDate": "2014-07-01", "ownership": "D"}, {"maxAge": 1, "shares": 7500, "filerUrl": "", "transactionText": "", "filerName": "Parekh (Hiten V)", "filerRelation": "Director (Executive)", "moneyText": "", "startDate": "2014-06-26", "ownership": "D"}, {"maxAge": 1, "shares": 7500, "filerUrl": "", "transactionText": "", "filerName": "Parekh (Manish V)", "filerRelation": "Director (Executive)", "moneyText": "", "startDate": "2014-06-26", "ownership": "D"}, {"maxAge": 1, "shares": 10000, "filerUrl": "", "transactionText": "", "filerName": "Parekh (Nayan S.)", "filerRelation": "Director (Executive)", "moneyText": "", "startDate": "2014-06-26", "ownership": "D"}, {"maxAge": 1, "shares": 144453, "filerUrl": "", "transactionText": "", "filerName": "Parekh (Vamanrai V.)", "filerRelation": "Non Executive Chairman", "moneyText": "", "startDate": "2014-03-05", "ownership": "D"}, {"maxAge": 1, "shares": 144453, "filerUrl": "", "transactionText": "", "filerName": "Parekh (Vamanrai V.)", "filerRelation": "Non Executive Chairman", "moneyText": "", "startDate": "2014-03-05", "ownership": "D"}, {"maxAge": 1, "shares": 30000, "filerUrl": "", "transactionText": "", "filerName": "Parekh (Hiten V)", "filerRelation": "Director (Executive)", "moneyText": "", "startDate": "2013-08-26", "ownership": "D"}, {"maxAge": 1, "shares": 30000, "filerUrl": "", "transactionText": "", "filerName": "Parekh (Manish V)", "filerRelation": "Director (Executive)", "moneyText": "", "startDate": "2013-08-26", "ownership": "D"}, {"maxAge": 1, "shares": 41450, "filerUrl": "", "transactionText": "", "filerName": "Parekh (Nayan S.)", "filerRelation": "Director (Executive)", "moneyText": "", "startDate": "2013-08-26", "ownership": "D"}, {"maxAge": 1, "shares": 600, "filerUrl": "", "transactionText": "", "filerName": "Parekh (Hiten V)", "filerRelation": "Director (Executive)", "moneyText": "", "startDate": "2013-08-21", "ownership": "D"}, {"maxAge": 1, "shares": 8112, "filerUrl": "", "transactionText": "", "filerName": "Parekh (Manish V)", "filerRelation": "Director (Executive)", "moneyText": "", "startDate": "2013-08-02", "ownership": "D"}, {"maxAge": 1, "shares": 5473, "filerUrl": "", "transactionText": "", "filerName": "Parekh (Nayan S.)", "filerRelation": "Director (Executive)", "moneyText": "", "startDate": "2013-08-02", "ownership": "D"}, {"maxAge": 1, "shares": 24617, "filerUrl": "", "transactionText": "", "filerName": "Parekh (Manish V)", "filerRelation": "Director (Executive)", "moneyText": "", "startDate": "2013-07-31", "ownership": "D"}, {"maxAge": 1, "shares": 16345, "filerUrl": "", "transactionText": "", "filerName": "Parekh (Nayan S.)", "filerRelation": "Director (Executive)", "moneyText": "", "startDate": "2013-07-31", "ownership": "D"}, {"maxAge": 1, "shares": 39989, "filerUrl": "", "transactionText": "", "filerName": "Parekh (Manish V)", "filerRelation": "Director (Executive)", "moneyText": "", "startDate": "2012-02-10", "ownership": "D"}, {"maxAge": 1, "shares": 67555, "filerUrl": "", "transactionText": "", "filerName": "Parekh (Nayan S.)", "filerRelation": "Director (Executive)", "moneyText": "", "startDate": "2012-02-10", "ownership": "D"}, {"maxAge": 1, "shares": 65456, "filerUrl": "", "transactionText": "", "filerName": "Parekh (Vamanrai V.)", "filerRelation": "Non Executive Chairman", "moneyText": "", "startDate": "2012-02-10", "ownership": "D"}], "maxAge": 1}, "quoteType": {"exchange": "BSE", "quoteType": "EQUITY", "symbol": "NILKAMAL.BO", "underlyingSymbol": "NILKAMAL.BO", "shortName": "NILKAMAL LTD.", "longName": "Nilkamal Limited", "firstTradeDateEpochUtc": "2000-01-03 09:15:00", "timeZoneFullName": "Asia/Kolkata", "timeZoneShortName": "IST", "uuid": "bb8a2565-17de-3fac-840e-d75826521bf2", "gmtOffSetMilliseconds": 19800000, "maxAge": 1}, "incomeStatementHistory": {"incomeStatementHistory": [{"maxAge": 1, "endDate": "2020-03-31", "totalRevenue": 22571918000, "costOfRevenue": 12628808000, "grossProfit": 9943110000, "researchDevelopment": {}, "sellingGeneralAdministrative": 2415590000, "nonRecurring": {}, "otherOperatingExpenses": 4691288000, "totalOperatingExpenses": 20699412000, "operatingIncome": 1872506000, "totalOtherIncomeExpenseNet": -56745000, "ebit": 1872506000, "interestExpense": -249802000, "incomeBeforeTax": 1815761000, "incomeTaxExpense": 391486000, "minorityInterest": 9047000, "netIncomeFromContinuingOps": 1424275000, "discontinuedOperations": {}, "extraordinaryItems": {}, "effectOfAccountingCharges": {}, "otherItems": {}, "netIncome": 1420845000, "netIncomeApplicableToCommonShares": 1420845000}, {"maxAge": 1, "endDate": "2019-03-31", "totalRevenue": 23623637000, "costOfRevenue": 14096964000, "grossProfit": 9526673000, "researchDevelopment": {}, "sellingGeneralAdministrative": 2701365000, "nonRecurring": {}, "otherOperatingExpenses": 4674849000, "totalOperatingExpenses": 22001978000, "operatingIncome": 1621659000, "totalOtherIncomeExpenseNet": 37862000, "ebit": 1621659000, "interestExpense": -150781000, "incomeBeforeTax": 1659521000, "incomeTaxExpense": 482577000, "minorityInterest": 72336000, "netIncomeFromContinuingOps": 1176944000, "discontinuedOperations": {}, "extraordinaryItems": {}, "effectOfAccountingCharges": {}, "otherItems": {}, "netIncome": 1173331000, "netIncomeApplicableToCommonShares": 1173331000}, {"maxAge": 1, "endDate": "2018-03-31", "totalRevenue": 21240441000, "costOfRevenue": 12107128000, "grossProfit": 9133313000, "researchDevelopment": {}, "sellingGeneralAdministrative": 2648038000, "nonRecurring": {}, "otherOperatingExpenses": 4043616000, "totalOperatingExpenses": 19336715000, "operatingIncome": 1903726000, "totalOtherIncomeExpenseNet": -35603000, "ebit": 1903726000, "interestExpense": -120467000, "incomeBeforeTax": 1868123000, "incomeTaxExpense": 629539000, "minorityInterest": 72371000, "netIncomeFromContinuingOps": 1238584000, "discontinuedOperations": {}, "extraordinaryItems": {}, "effectOfAccountingCharges": {}, "otherItems": {}, "netIncome": 1234696000, "netIncomeApplicableToCommonShares": 1234696000}, {"maxAge": 1, "endDate": "2017-03-31", "totalRevenue": 20239618000, "costOfRevenue": 11790724000, "grossProfit": 8448894000, "researchDevelopment": {}, "sellingGeneralAdministrative": 2376158000, "nonRecurring": {}, "otherOperatingExpenses": 3727159000, "totalOperatingExpenses": 18406515000, "operatingIncome": 1833103000, "totalOtherIncomeExpenseNet": -53342000, "ebit": 1833103000, "interestExpense": -109937000, "incomeBeforeTax": 1779761000, "incomeTaxExpense": 536305000, "minorityInterest": 72307000, "netIncomeFromContinuingOps": 1243456000, "discontinuedOperations": {}, "extraordinaryItems": {}, "effectOfAccountingCharges": {}, "otherItems": {}, "netIncome": 1225332000, "netIncomeApplicableToCommonShares": 1225332000}], "maxAge": 86400}, "fundOwnership": {"ownershipList": [{"maxAge": 1, "reportDate": "2020-07-31", "organization": "DFA Emerging Markets Core Equity Portfolio", "pctHeld": 0.0037, "position": 55944, "value": 68676854}, {"maxAge": 1, "reportDate": "2020-07-31", "organization": "DFA Investment Dimensions-DFA Emerging Mkts Value", "pctHeld": 0.0032, "position": 47320, "value": 58090032}, {"maxAge": 1, "reportDate": "2020-07-31", "organization": "DFA Emerging Markets Small Cap Series", "pctHeld": 0.0021, "position": 30764, "value": 37765886}, {"maxAge": 1, "reportDate": "2020-07-31", "organization": "DFA Investment Dimensions-World Ex U.S. Core Equity Port", "pctHeld": 0.0002, "position": 2650, "value": 3253140}, {"maxAge": 1, "reportDate": "2020-07-31", "organization": "DFA Investment Dimensions-Emerging Markets Social Core Equity", "pctHeld": 0.0002, "position": 2517, "value": 3089869}, {"maxAge": 1, "reportDate": "2020-07-31", "organization": "DFA T.A. World Ex U.S. Core Equity Portfolio", "pctHeld": 0.0002, "position": 2477, "value": 3040765}, {"maxAge": 1, "reportDate": "2020-07-31", "organization": "John Hancock Var Ins Tr-Emerging Markets Value Tr", "pctHeld": 0.0001, "position": 1287, "value": 1579921}], "maxAge": 1}, "summaryDetail": {"maxAge": 1, "priceHint": 2, "previousClose": 1951.6, "open": 1950.0, "dayLow": 1900.15, "dayHigh": 1965.65, "regularMarketPreviousClose": 1951.6, "regularMarketOpen": 1950.0, "regularMarketDayLow": 1900.15, "regularMarketDayHigh": 1965.65, "trailingPE": 34.85507, "forwardPE": 18.32457, "volume": 791, "regularMarketVolume": 791, "averageVolume": 1938, "averageVolume10days": 1137, "averageDailyVolume10Day": 1137, "bid": 1913.0, "ask": 1950.0, "bidSize": 0, "askSize": 0, "marketCap": 28602701824, "fiftyTwoWeekLow": 911.0, "fiftyTwoWeekHigh": 1965.65, "fiftyDayAverage": 1479.7242, "twoHundredDayAverage": 1346.9886, "trailingAnnualDividendRate": 15.0, "trailingAnnualDividendYield": 0.0076860012, "currency": "INR", "fromCurrency": null, "lastMarket": null, "algorithm": null, "tradeable": false}, "sectorTrend": {"maxAge": 1, "symbol": null, "estimates": []}, "incomeStatementHistoryQuarterly": {"incomeStatementHistory": [{"maxAge": 1, "endDate": "2020-06-30", "totalRevenue": 2513418000, "costOfRevenue": 1459806000, "grossProfit": 1053612000, "researchDevelopment": {}, "sellingGeneralAdministrative": 411874000, "nonRecurring": {}, "otherOperatingExpenses": 742082000, "totalOperatingExpenses": 2848485000, "operatingIncome": -335067000, "totalOtherIncomeExpenseNet": -47973000, "ebit": -335067000, "interestExpense": -61769000, "incomeBeforeTax": -383040000, "incomeTaxExpense": -93589000, "minorityInterest": {}, "netIncomeFromContinuingOps": -289451000, "discontinuedOperations": {}, "extraordinaryItems": {}, "effectOfAccountingCharges": {}, "otherItems": {}, "netIncome": -289480000, "netIncomeApplicableToCommonShares": -289480000}, {"maxAge": 1, "endDate": "2020-03-31", "totalRevenue": 5614550000, "costOfRevenue": 3186942000, "grossProfit": 2427608000, "researchDevelopment": {}, "sellingGeneralAdministrative": 985769000, "nonRecurring": {}, "otherOperatingExpenses": 711306000, "totalOperatingExpenses": 5171643000, "operatingIncome": 442907000, "totalOtherIncomeExpenseNet": -45388000, "ebit": 442907000, "interestExpense": -68032000, "incomeBeforeTax": 397519000, "incomeTaxExpense": 80092000, "minorityInterest": 9047000, "netIncomeFromContinuingOps": 317427000, "discontinuedOperations": {}, "extraordinaryItems": {}, "effectOfAccountingCharges": {}, "otherItems": {}, "netIncome": 317633000, "netIncomeApplicableToCommonShares": 317633000}, {"maxAge": 1, "endDate": "2019-12-31", "totalRevenue": 5832927000, "costOfRevenue": 3182425000, "grossProfit": 2650502000, "researchDevelopment": {}, "sellingGeneralAdministrative": 488064000, "nonRecurring": {}, "otherOperatingExpenses": 1482669000, "totalOperatingExpenses": 5388633000, "operatingIncome": 444294000, "totalOtherIncomeExpenseNet": -23260000, "ebit": 444294000, "interestExpense": -61760000, "incomeBeforeTax": 421034000, "incomeTaxExpense": 116067000, "minorityInterest": 9047000, "netIncomeFromContinuingOps": 304967000, "discontinuedOperations": {}, "extraordinaryItems": {}, "effectOfAccountingCharges": {}, "otherItems": {}, "netIncome": 302376000, "netIncomeApplicableToCommonShares": 302376000}, {"maxAge": 1, "endDate": "2019-09-30", "totalRevenue": 5759605000, "costOfRevenue": 3233807000, "grossProfit": 2525798000, "researchDevelopment": {}, "sellingGeneralAdministrative": 468808000, "nonRecurring": {}, "otherOperatingExpenses": 1339496000, "totalOperatingExpenses": 5270499000, "operatingIncome": 489106000, "totalOtherIncomeExpenseNet": 35433000, "ebit": 489106000, "interestExpense": -60902000, "incomeBeforeTax": 524539000, "incomeTaxExpense": 33115000, "minorityInterest": 71914000, "netIncomeFromContinuingOps": 491424000, "discontinuedOperations": {}, "extraordinaryItems": {}, "effectOfAccountingCharges": {}, "otherItems": {}, "netIncome": 490142000, "netIncomeApplicableToCommonShares": 490142000}], "maxAge": 86400}, "cashflowStatementHistoryQuarterly": {"cashflowStatements": [{"maxAge": 1, "endDate": "2020-06-30", "netIncome": -289480000, "changeToLiabilities": 0}, {"maxAge": 1, "endDate": "2020-03-31", "netIncome": 317633000, "changeToLiabilities": 0}, {"maxAge": 1, "endDate": "2019-12-31", "netIncome": 302376000, "changeToLiabilities": 0}, {"maxAge": 1, "endDate": "2019-09-30", "netIncome": 490142000, "changeToLiabilities": 0}], "maxAge": 86400}, "insiderHolders": {"holders": [{"maxAge": 1, "name": "Gandhi (Priyanka H)", "relation": "Promoter", "url": "", "transactionDescription": "Other", "latestTransDate": "2020-03-31", "positionDirect": 50000, "positionDirectDate": "2020-03-31"}, {"maxAge": 1, "name": "Parekh (Hiten V)", "relation": "Director", "url": "", "transactionDescription": "Other", "latestTransDate": "2020-03-31", "positionDirect": 1892258, "positionDirectDate": "2020-03-31"}, {"maxAge": 1, "name": "Parekh (Hiten V) HUF", "relation": "Promoter", "url": "", "transactionDescription": "Sale", "latestTransDate": "2018-10-17", "positionDirect": 0, "positionDirectDate": "2018-10-17"}, {"maxAge": 1, "name": "Parekh (Manish V)", "relation": "Director (Executive)", "url": "", "transactionDescription": "Gift", "latestTransDate": "2020-09-17", "positionDirect": 1506563, "positionDirectDate": "2020-09-17"}, {"maxAge": 1, "name": "Parekh (Manish V) HUF", "relation": "Promoter", "url": "", "transactionDescription": "Sale", "latestTransDate": "2018-10-17", "positionDirect": 0, "positionDirectDate": "2018-10-17"}, {"maxAge": 1, "name": "Parekh (Natasha M)", "relation": "UNREPORTED", "url": "", "transactionDescription": "Gift", "latestTransDate": "2020-09-17", "positionDirect": 50000, "positionDirectDate": "2020-09-17"}, {"maxAge": 1, "name": "Parekh (Nayan S.)", "relation": "Promoter", "url": "", "transactionDescription": "Other", "latestTransDate": "2020-03-31", "positionDirect": 2189704, "positionDirectDate": "2020-03-31"}, {"maxAge": 1, "name": "Parekh (Sharad V)", "relation": "Director (Executive)", "url": "", "transactionDescription": "Purchase", "latestTransDate": "2020-11-02", "positionDirect": 20800, "positionDirectDate": "2020-11-02"}, {"maxAge": 1, "name": "Parekh (Vamanrai V.)", "relation": "Non Executive Chairman", "url": "", "transactionDescription": "Acquisition", "latestTransDate": "2020-03-31", "positionDirect": 132900, "positionDirectDate": "2020-03-31"}, {"maxAge": 1, "name": "Praekh (Dhaniti N)", "relation": "Promoter", "url": "", "transactionDescription": "Other", "latestTransDate": "2020-03-31", "positionDirect": 50000, "positionDirectDate": "2020-03-31"}], "maxAge": 1}, "earnings": {"maxAge": 86400, "earningsChart": {"quarterly": [{"date": "3Q2017", "actual": 18.65, "estimate": 17.2}, {"date": "4Q2017", "actual": 22.17, "estimate": 23.9}, {"date": "2Q2018", "actual": 20.58, "estimate": 21.6}, {"date": "3Q2018", "actual": 16.68, "estimate": 17.6}], "currentQuarterEstimateDate": "4Q", "currentQuarterEstimateYear": 2018, "earningsDate": []}, "financialsChart": {"yearly": [{"date": 2017, "revenue": 20239618000, "earnings": 1225332000}, {"date": 2018, "revenue": 21240441000, "earnings": 1234696000}, {"date": 2019, "revenue": 23623637000, "earnings": 1173331000}, {"date": 2020, "revenue": 22571918000, "earnings": 1420845000}], "quarterly": [{"date": "3Q2019", "revenue": 5759605000, "earnings": 490142000}, {"date": "4Q2019", "revenue": 5832927000, "earnings": 302376000}, {"date": "1Q2020", "revenue": 5614550000, "earnings": 317633000}, {"date": "2Q2020", "revenue": 2513418000, "earnings": -289480000}]}, "financialCurrency": "INR"}, "calendarEvents": {"maxAge": 1, "earnings": {"earningsDate": []}}, "upgradeDowngradeHistory": {"history": [], "maxAge": 86400}, "price": {"maxAge": 1, "regularMarketChangePercent": -0.01785713, "regularMarketChange": -34.849976, "regularMarketTime": "2021-04-30 15:29:43", "priceHint": 2, "regularMarketPrice": 1916.75, "regularMarketDayHigh": 1965.65, "regularMarketDayLow": 1900.15, "regularMarketVolume": 791, "averageDailyVolume10Day": 1137, "averageDailyVolume3Month": 1938, "regularMarketPreviousClose": 1951.6, "regularMarketSource": "FREE_REALTIME", "regularMarketOpen": 1950.0, "exchange": "BSE", "exchangeName": "BSE", "exchangeDataDelayedBy": 0, "marketState": "CLOSED", "quoteType": "EQUITY", "symbol": "NILKAMAL.BO", "underlyingSymbol": null, "shortName": "NILKAMAL LTD.", "longName": "Nilkamal Limited", "currency": "INR", "quoteSourceName": "Delayed Quote", "currencySymbol": "\u20b9", "fromCurrency": null, "lastMarket": null, "marketCap": 28602701824}, "balanceSheetHistory": {"balanceSheetStatements": [{"maxAge": 1, "endDate": "2020-03-31", "cash": 184144000, "shortTermInvestments": 216236000, "netReceivables": 3601735000, "inventory": 4063473000, "otherCurrentAssets": 489495000, "totalCurrentAssets": 8598552000, "longTermInvestments": 185158000, "propertyPlantEquipment": 6108674000, "goodWill": 67560000, "intangibleAssets": 13735000, "otherAssets": 535618000, "totalAssets": 15509297000, "accountsPayable": 1530295000, "shortLongTermDebt": 184452000, "otherCurrentLiab": 472518000, "longTermDebt": 479008000, "otherLiab": 797872000, "minorityInterest": 9047000, "totalCurrentLiabilities": 2662097000, "totalLiab": 5179337000, "commonStock": 149225000, "retainedEarnings": 9532835000, "treasuryStock": -6043000, "capitalSurplus": 644896000, "otherStockholderEquity": -6043000, "totalStockholderEquity": 10320913000, "netTangibleAssets": 10239618000}, {"maxAge": 1, "endDate": "2019-03-31", "cash": 131665000, "shortTermInvestments": 41652000, "netReceivables": 3332462000, "inventory": 3929036000, "otherCurrentAssets": 322971000, "totalCurrentAssets": 7794877000, "longTermInvestments": 513651000, "propertyPlantEquipment": 4112672000, "intangibleAssets": 11090000, "otherAssets": 504884000, "totalAssets": 12937174000, "accountsPayable": 1337872000, "shortLongTermDebt": 74481000, "otherCurrentLiab": 394604000, "longTermDebt": 444181000, "otherLiab": 848741000, "minorityInterest": 72336000, "totalCurrentLiabilities": 2160113000, "totalLiab": 3453035000, "commonStock": 149225000, "retainedEarnings": 8617180000, "treasuryStock": 502000, "capitalSurplus": 644896000, "otherStockholderEquity": 502000, "totalStockholderEquity": 9411803000, "netTangibleAssets": 9400713000}, {"maxAge": 1, "endDate": "2018-03-31", "cash": 174538000, "shortTermInvestments": 48621000, "netReceivables": 3556857000, "inventory": 3793805000, "otherCurrentAssets": 420546000, "totalCurrentAssets": 8032445000, "longTermInvestments": 459482000, "propertyPlantEquipment": 3519036000, "intangibleAssets": 9298000, "otherAssets": 461480000, "totalAssets": 12481741000, "accountsPayable": 1710560000, "otherCurrentLiab": 377699000, "otherLiab": 736094000, "minorityInterest": 72371000, "totalCurrentLiabilities": 3187515000, "totalLiab": 3923609000, "commonStock": 149225000, "retainedEarnings": 7676069000, "treasuryStock": 15571000, "capitalSurplus": 644896000, "otherStockholderEquity": 15571000, "totalStockholderEquity": 8485761000, "netTangibleAssets": 8476463000}, {"maxAge": 1, "endDate": "2017-03-31", "cash": 132901000, "shortTermInvestments": 36714000, "netReceivables": 3074312000, "inventory": 3360469000, "otherCurrentAssets": 382231000, "totalCurrentAssets": 7019530000, "longTermInvestments": 412347000, "propertyPlantEquipment": 3021517000, "intangibleAssets": 5727000, "otherAssets": 472190000, "totalAssets": 10931311000, "accountsPayable": 1114077000, "otherCurrentLiab": 363281000, "otherLiab": 629007000, "minorityInterest": 72307000, "totalCurrentLiabilities": 2809836000, "totalLiab": 3439747000, "commonStock": 149225000, "retainedEarnings": 6604500000, "treasuryStock": 20636000, "capitalSurplus": 644896000, "otherStockholderEquity": 20636000, "totalStockholderEquity": 7419257000, "netTangibleAssets": 7413530000}], "maxAge": 86400}, "earningsTrend": {"trend": [{"maxAge": 1, "period": "0q", "endDate": "2018-12-31", "growth": {}, "earningsEstimate": {"avg": 0.0, "low": 0.0, "high": 0.0, "yearAgoEps": 18.65, "numberOfAnalysts": 0, "growth": {}}, "revenueEstimate": {"avg": 0, "low": 0, "high": 0, "numberOfAnalysts": 0, "yearAgoRevenue": {}, "growth": {}}, "epsTrend": {"current": 0.0, "7daysAgo": 0.0, "30daysAgo": 0.0, "60daysAgo": 0.0, "90daysAgo": 0.0}, "epsRevisions": {"upLast7days": 0, "upLast30days": 0, "downLast30days": 0, "downLast90days": {}}}, {"maxAge": 1, "period": "+1q", "endDate": "2019-03-31", "growth": {}, "earningsEstimate": {"avg": 0.0, "low": 0.0, "high": 0.0, "yearAgoEps": 22.17, "numberOfAnalysts": 0, "growth": {}}, "revenueEstimate": {"avg": 0, "low": 0, "high": 0, "numberOfAnalysts": 0, "yearAgoRevenue": {}, "growth": {}}, "epsTrend": {"current": 0.0, "7daysAgo": 0.0, "30daysAgo": 0.0, "60daysAgo": 0.0, "90daysAgo": 0.0}, "epsRevisions": {"upLast7days": 0, "upLast30days": 0, "downLast30days": 0, "downLast90days": {}}}, {"maxAge": 1, "period": "0y", "endDate": "2019-03-31", "growth": {}, "earningsEstimate": {"avg": 0.0, "low": 0.0, "high": 0.0, "yearAgoEps": {}, "numberOfAnalysts": 0, "growth": {}}, "revenueEstimate": {"avg": 23313000000, "low": 22765900000, "high": 24290000000, "numberOfAnalysts": 3, "yearAgoRevenue": 20711600000, "growth": 0.126}, "epsTrend": {"current": 0.0, "7daysAgo": 87.04, "30daysAgo": 87.04, "60daysAgo": 87.04, "90daysAgo": 87.04}, "epsRevisions": {"upLast7days": 0, "upLast30days": 0, "downLast30days": 0, "downLast90days": {}}}, {"maxAge": 1, "period": "+1y", "endDate": "2020-03-31", "growth": {}, "earningsEstimate": {"avg": 0.0, "low": 0.0, "high": 0.0, "yearAgoEps": {}, "numberOfAnalysts": 0, "growth": {}}, "revenueEstimate": {"avg": 25701300000, "low": 24814900000, "high": 27230000000, "numberOfAnalysts": 3, "yearAgoRevenue": 23313000000, "growth": 0.102}, "epsTrend": {"current": 0.0, "7daysAgo": 99.42, "30daysAgo": 99.42, "60daysAgo": 99.42, "90daysAgo": 99.42}, "epsRevisions": {"upLast7days": 0, "upLast30days": 0, "downLast30days": 0, "downLast90days": {}}}, {"maxAge": 1, "period": "+5y", "endDate": null, "growth": {}, "earningsEstimate": {"avg": {}, "low": {}, "high": {}, "yearAgoEps": {}, "numberOfAnalysts": {}, "growth": {}}, "revenueEstimate": {"avg": {}, "low": {}, "high": {}, "numberOfAnalysts": {}, "yearAgoRevenue": {}, "growth": {}}, "epsTrend": {"current": {}, "7daysAgo": {}, "30daysAgo": {}, "60daysAgo": {}, "90daysAgo": {}}, "epsRevisions": {"upLast7days": {}, "upLast30days": {}, "downLast30days": {}, "downLast90days": {}}}, {"maxAge": 1, "period": "-5y", "endDate": null, "growth": {}, "earningsEstimate": {"avg": {}, "low": {}, "high": {}, "yearAgoEps": {}, "numberOfAnalysts": {}, "growth": {}}, "revenueEstimate": {"avg": {}, "low": {}, "high": {}, "numberOfAnalysts": {}, "yearAgoRevenue": {}, "growth": {}}, "epsTrend": {"current": {}, "7daysAgo": {}, "30daysAgo": {}, "60daysAgo": {}, "90daysAgo": {}}, "epsRevisions": {"upLast7days": {}, "upLast30days": {}, "downLast30days": {}, "downLast90days": {}}}], "maxAge": 1}, "financialData": {"maxAge": 86400, "currentPrice": 1916.75, "targetHighPrice": 1860.0, "targetLowPrice": 1692.0, "targetMeanPrice": 1776.0, "targetMedianPrice": 1776.0, "recommendationKey": "none", "numberOfAnalystOpinions": 2, "grossProfits": 9943110000, "financialCurrency": "INR"}}}