{"NIPPOBATRY.BO": {"recommendationTrend": {"trend": [{"period": "0m", "strongBuy": 0, "buy": 0, "hold": 0, "sell": 0, "strongSell": 0}, {"period": "-1m", "strongBuy": 0, "buy": 0, "hold": 0, "sell": 0, "strongSell": 0}, {"period": "-2m", "strongBuy": 0, "buy": 0, "hold": 0, "sell": 0, "strongSell": 0}, {"period": "-3m", "strongBuy": 0, "buy": 0, "hold": 0, "sell": 0, "strongSell": 0}], "maxAge": 86400}, "cashflowStatementHistory": {"cashflowStatements": [{"maxAge": 1, "endDate": "2020-03-31", "netIncome": 14056000, "depreciation": 118778000, "changeToNetincome": 89122000, "changeToAccountReceivables": 202272000, "changeToLiabilities": 8920000, "changeToInventory": -255080000, "changeToOperatingActivities": -85151000, "totalCashFromOperatingActivities": 97224000, "capitalExpenditures": -139473000, "otherCashflowsFromInvestingActivities": 139871000, "totalCashflowsFromInvestingActivities": 398000, "dividendsPaid": -90416000, "netBorrowings": 134293000, "otherCashflowsFromFinancingActivities": -136379000, "totalCashFromFinancingActivities": -92502000, "effectOfExchangeRate": 13111000, "changeInCash": 18231000}, {"maxAge": 1, "endDate": "2019-03-31", "netIncome": 184233000, "depreciation": 102311000, "changeToNetincome": 1276000, "changeToAccountReceivables": -109830000, "changeToLiabilities": -20573000, "changeToInventory": -128078000, "changeToOperatingActivities": -225977000, "totalCashFromOperatingActivities": -192403000, "capitalExpenditures": -205209000, "investments": 7000, "otherCashflowsFromInvestingActivities": 154864000, "totalCashflowsFromInvestingActivities": -49724000, "dividendsPaid": -90416000, "netBorrowings": 465353000, "otherCashflowsFromFinancingActivities": -88552000, "totalCashFromFinancingActivities": 286385000, "effectOfExchangeRate": -19622000, "changeInCash": 24636000}, {"maxAge": 1, "endDate": "2018-03-31", "netIncome": 223410000, "depreciation": 90351000, "changeToNetincome": 7607000, "changeToAccountReceivables": -401039000, "changeToLiabilities": 315041000, "changeToInventory": 23038000, "changeToOperatingActivities": 115908000, "totalCashFromOperatingActivities": 377545000, "capitalExpenditures": -265896000, "investments": 15000, "otherCashflowsFromInvestingActivities": 131935000, "totalCashflowsFromInvestingActivities": -131405000, "dividendsPaid": -112835000, "netBorrowings": -2115000, "otherCashflowsFromFinancingActivities": -60137000, "totalCashFromFinancingActivities": -175087000, "effectOfExchangeRate": 10689000, "changeInCash": 81742000}, {"maxAge": 1, "endDate": "2017-03-31", "netIncome": 191779000, "depreciation": 76783000, "changeToNetincome": -61079000, "changeToAccountReceivables": -50702000, "changeToLiabilities": 51321000, "changeToInventory": -70052000, "changeToOperatingActivities": 299752000, "totalCashFromOperatingActivities": 440216000, "capitalExpenditures": -336196000, "investments": -12000, "otherCashflowsFromInvestingActivities": 129966000, "totalCashflowsFromInvestingActivities": -204518000, "dividendsPaid": -112835000, "netBorrowings": -129449000, "otherCashflowsFromFinancingActivities": -56479000, "totalCashFromFinancingActivities": -298763000, "effectOfExchangeRate": 4979000, "changeInCash": -58086000}], "maxAge": 86400}, "institutionOwnership": {"ownershipList": [], "maxAge": 1}, "balanceSheetHistoryQuarterly": {"balanceSheetStatements": [{"maxAge": 1, "endDate": "2020-06-30", "totalStockholderEquity": 2142925000, "netTangibleAssets": 1598572000}, {"maxAge": 1, "endDate": "2020-03-31", "cash": 211533000, "netReceivables": 1446529000, "inventory": 875845000, "otherCurrentAssets": 504154000, "totalCurrentAssets": 3045787000, "longTermInvestments": 27000, "propertyPlantEquipment": 1347700000, "goodWill": 494090000, "intangibleAssets": 50263000, "otherAssets": 171752000, "totalAssets": 5109619000, "accountsPayable": 691627000, "shortLongTermDebt": 132583000, "otherCurrentLiab": 355344000, "longTermDebt": 344686000, "otherLiab": 236442000, "minorityInterest": 307919000, "totalCurrentLiabilities": 2077647000, "totalLiab": 2658775000, "commonStock": 37500000, "retainedEarnings": 2012721000, "treasuryStock": -5417000, "capitalSurplus": 98121000, "otherStockholderEquity": -5417000, "totalStockholderEquity": 2142925000, "netTangibleAssets": 1598572000}, {"maxAge": 1, "endDate": "2019-12-31", "totalStockholderEquity": 2259376000, "netTangibleAssets": 1705329000}, {"maxAge": 1, "endDate": "2019-09-30", "cash": 440563000, "netReceivables": 1522798000, "inventory": 779778000, "otherCurrentAssets": 156092000, "totalCurrentAssets": 2899231000, "longTermInvestments": 47000, "propertyPlantEquipment": 1323417000, "goodWill": 494090000, "intangibleAssets": 59957000, "otherAssets": 325061000, "totalAssets": 5101803000, "accountsPayable": 685984000, "otherCurrentLiab": 675893000, "longTermDebt": 360054000, "otherLiab": 192242000, "minorityInterest": 260751000, "totalCurrentLiabilities": 2029380000, "totalLiab": 2581676000, "commonStock": 37500000, "treasuryStock": 2221876000, "otherStockholderEquity": 2221876000, "totalStockholderEquity": 2259376000, "netTangibleAssets": 1705329000}], "maxAge": 86400}, "earningsHistory": {"history": [{"maxAge": 1, "epsActual": {}, "epsEstimate": {}, "epsDifference": {}, "surprisePercent": {}, "quarter": {}, "period": "-4q"}, {"maxAge": 1, "epsActual": {}, "epsEstimate": {}, "epsDifference": {}, "surprisePercent": {}, "quarter": {}, "period": "-3q"}, {"maxAge": 1, "epsActual": {}, "epsEstimate": {}, "epsDifference": {}, "surprisePercent": {}, "quarter": {}, "period": "-2q"}, {"maxAge": 1, "epsActual": {}, "epsEstimate": {}, "epsDifference": {}, "surprisePercent": {}, "quarter": {}, "period": "-1q"}], "maxAge": 86400}, "indexTrend": {"maxAge": 1, "symbol": "SP5", "peRatio": 19.7411, "pegRatio": 1.34172, "estimates": [{"period": "0q", "growth": 0.549}, {"period": "+1q", "growth": 0.431}, {"period": "0y", "growth": 0.305}, {"period": "+1y", "growth": 0.109}, {"period": "+5y", "growth": 0.120865}, {"period": "-5y"}]}, "industryTrend": {"maxAge": 1, "symbol": null, "estimates": []}, "insiderTransactions": {"transactions": [{"maxAge": 1, "shares": 87000, "filerUrl": "", "transactionText": "", "filerName": "Jiwarajka (Lakshmi Devi)", "filerRelation": "Promoter", "moneyText": "", "startDate": "2019-04-26", "ownership": "D"}, {"maxAge": 1, "shares": 6400, "filerUrl": "", "transactionText": "", "filerName": "JSK Marketing Pvt Ltd", "filerRelation": "Promoter", "moneyText": "", "startDate": "2019-04-12", "ownership": "D"}, {"maxAge": 1, "shares": 5300, "filerUrl": "", "transactionText": "", "filerName": "Radiohms Investment & Trading Pvt Ltd", "filerRelation": "Promoter", "moneyText": "", "startDate": "2019-04-12", "ownership": "D"}, {"maxAge": 1, "shares": 31512, "filerUrl": "", "transactionText": "", "filerName": "Jiwarajka (Lakshmi Devi)", "filerRelation": "Promoter", "moneyText": "", "startDate": "2019-04-12", "ownership": "D"}, {"maxAge": 1, "shares": 22228, "filerUrl": "", "transactionText": "", "filerName": "Jiwarajka (Savitri Devi)", "filerRelation": "Promoter", "moneyText": "", "startDate": "2017-09-15", "ownership": "D"}, {"maxAge": 1, "shares": 22228, "filerUrl": "", "transactionText": "", "filerName": "Jiwarajka (Lakshmi Devi)", "filerRelation": "Promoter", "moneyText": "", "startDate": "2017-09-15", "ownership": "D"}, {"maxAge": 1, "shares": 22228, "filerUrl": "", "transactionText": "", "filerName": "Jiwarajka (Savitri Devi)", "filerRelation": "Promoter", "moneyText": "", "startDate": "2016-03-04", "ownership": "D"}, {"maxAge": 1, "shares": 11089, "filerUrl": "", "transactionText": "", "filerName": "Khaitan (R P)", "filerRelation": "Joint Managing director", "moneyText": "", "startDate": "2016-03-04", "ownership": "D"}, {"maxAge": 1, "shares": 11114, "filerUrl": "", "transactionText": "", "filerName": "Khaitan (Sarla Devi)", "filerRelation": "Promoter", "moneyText": "", "startDate": "2016-03-04", "ownership": "D"}, {"maxAge": 1, "shares": 57772, "filerUrl": "", "transactionText": "", "filerName": "Jiwarajka (Lakshmi Devi)", "filerRelation": "Promoter", "moneyText": "", "startDate": "2016-01-08", "ownership": "D"}, {"maxAge": 1, "shares": 260512, "filerUrl": "", "transactionText": "", "filerName": "Jiwarajka (Lakshmi Devi)", "filerRelation": "Promoter", "moneyText": "", "startDate": "2015-02-13", "ownership": "D"}, {"maxAge": 1, "shares": 47788, "filerUrl": "", "transactionText": "", "filerName": "Preetha Investments Pvt Ltd", "filerRelation": "Promoter", "moneyText": "", "startDate": "2014-09-29", "ownership": "D"}, {"maxAge": 1, "shares": 61426, "filerUrl": "", "transactionText": "", "filerName": "Reddy (Dwaraknath P)", "filerRelation": "Managing Director", "moneyText": "", "startDate": "2014-07-15", "ownership": "D"}, {"maxAge": 1, "shares": 40972, "filerUrl": "", "transactionText": "", "filerName": "Reddy (Suneeta)", "filerRelation": "Promoter", "moneyText": "", "startDate": "2014-06-23", "ownership": "D"}, {"maxAge": 1, "shares": 20000, "filerUrl": "", "transactionText": "", "filerName": "Reddy (Karthik Anand P)", "filerRelation": "Promoter", "moneyText": "", "startDate": "2014-06-23", "ownership": "D"}, {"maxAge": 1, "shares": 20000, "filerUrl": "", "transactionText": "", "filerName": "Reddy (Preeetha)", "filerRelation": "Promoter", "moneyText": "", "startDate": "2014-06-23", "ownership": "D"}, {"maxAge": 1, "shares": 40972, "filerUrl": "", "transactionText": "", "filerName": "Reddy (Preeetha)", "filerRelation": "Promoter", "moneyText": "", "startDate": "2014-06-23", "ownership": "D"}, {"maxAge": 1, "shares": 1147125, "filerUrl": "", "transactionText": "", "filerName": "Panasonic Corporation", "filerRelation": "Promoter", "moneyText": "", "startDate": "2012-06-11", "ownership": "D"}, {"maxAge": 1, "shares": 1145125, "filerUrl": "", "transactionText": "", "filerName": "Reddy (Dwaraknath P)", "filerRelation": "Managing Director", "moneyText": "", "startDate": "2012-06-11", "ownership": "D"}, {"maxAge": 1, "shares": 44396, "filerUrl": "", "transactionText": "", "filerName": "Jiwarajka (Savitri Devi)", "filerRelation": "Promoter", "moneyText": "", "startDate": "2011-11-17", "ownership": "D"}, {"maxAge": 1, "shares": 299931, "filerUrl": "", "transactionText": "", "filerName": "Reddy (Dwaraknath P)", "filerRelation": "Managing Director", "moneyText": "", "startDate": "2011-09-29", "ownership": "D"}, {"maxAge": 1, "shares": 2626, "filerUrl": "", "transactionText": "", "filerName": "Daiwa Securities Capital Markets Company Ltd.", "filerRelation": "UNREPORTED", "moneyText": "", "startDate": "2009-06-12", "ownership": "D"}, {"maxAge": 1, "shares": 3741, "filerUrl": "", "transactionText": "", "filerName": "Daiwa Securities Capital Markets Company Ltd.", "filerRelation": "UNREPORTED", "moneyText": "", "startDate": "2009-06-12", "ownership": "D"}], "maxAge": 1}, "quoteType": {"exchange": "BSE", "quoteType": "EQUITY", "symbol": "NIPPOBATRY.BO", "underlyingSymbol": "NIPPOBATRY.BO", "shortName": "INDO-NATIONAL LTD.", "longName": "Indo National Limited", "firstTradeDateEpochUtc": "2000-06-27 09:15:00", "timeZoneFullName": "Asia/Kolkata", "timeZoneShortName": "IST", "uuid": "af299387-9b49-32bf-b793-a7a413076e38", "gmtOffSetMilliseconds": 19800000, "maxAge": 1}, "incomeStatementHistory": {"incomeStatementHistory": [{"maxAge": 1, "endDate": "2020-03-31", "totalRevenue": 5081723000, "costOfRevenue": 2934829000, "grossProfit": 2146894000, "researchDevelopment": {}, "sellingGeneralAdministrative": 775457000, "nonRecurring": {}, "otherOperatingExpenses": 764625000, "totalOperatingExpenses": 4596975000, "operatingIncome": 484748000, "totalOtherIncomeExpenseNet": -300258000, "ebit": 484748000, "interestExpense": -124755000, "incomeBeforeTax": 184490000, "incomeTaxExpense": 80076000, "minorityInterest": 307919000, "netIncomeFromContinuingOps": 104414000, "discontinuedOperations": {}, "extraordinaryItems": {}, "effectOfAccountingCharges": {}, "otherItems": {}, "netIncome": 14056000, "netIncomeApplicableToCommonShares": 14056000}, {"maxAge": 1, "endDate": "2019-03-31", "totalRevenue": 4432326000, "costOfRevenue": 2713396000, "grossProfit": 1718930000, "researchDevelopment": {}, "sellingGeneralAdministrative": 673024000, "nonRecurring": {}, "otherOperatingExpenses": 633929000, "totalOperatingExpenses": 4126895000, "operatingIncome": 305431000, "totalOtherIncomeExpenseNet": 47514000, "ebit": 305431000, "interestExpense": -84771000, "incomeBeforeTax": 352945000, "incomeTaxExpense": 87247000, "minorityInterest": 220698000, "netIncomeFromContinuingOps": 265698000, "discontinuedOperations": {}, "extraordinaryItems": {}, "effectOfAccountingCharges": {}, "otherItems": {}, "netIncome": 184233000, "netIncomeApplicableToCommonShares": 184233000}, {"maxAge": 1, "endDate": "2018-03-31", "totalRevenue": 3941408000, "costOfRevenue": 2320871000, "grossProfit": 1620537000, "researchDevelopment": {}, "sellingGeneralAdministrative": 595997000, "nonRecurring": {}, "otherOperatingExpenses": 600709000, "totalOperatingExpenses": 3611157000, "operatingIncome": 330251000, "totalOtherIncomeExpenseNet": 103470000, "ebit": 330251000, "interestExpense": -44710000, "incomeBeforeTax": 433721000, "incomeTaxExpense": 123784000, "minorityInterest": 141569000, "netIncomeFromContinuingOps": 309937000, "discontinuedOperations": {}, "extraordinaryItems": {}, "effectOfAccountingCharges": {}, "otherItems": {}, "netIncome": 223410000, "netIncomeApplicableToCommonShares": 223410000}, {"maxAge": 1, "endDate": "2017-03-31", "totalRevenue": 3776697000, "costOfRevenue": 2349452000, "grossProfit": 1427245000, "researchDevelopment": {}, "sellingGeneralAdministrative": 523688000, "nonRecurring": {}, "otherOperatingExpenses": 596997000, "totalOperatingExpenses": 3549334000, "operatingIncome": 227363000, "totalOtherIncomeExpenseNet": 100577000, "ebit": 227363000, "interestExpense": -46805000, "incomeBeforeTax": 327940000, "incomeTaxExpense": 116713000, "minorityInterest": 54689000, "netIncomeFromContinuingOps": 211227000, "discontinuedOperations": {}, "extraordinaryItems": {}, "effectOfAccountingCharges": {}, "otherItems": {}, "netIncome": 191779000, "netIncomeApplicableToCommonShares": 191779000}], "maxAge": 86400}, "fundOwnership": {"ownershipList": [], "maxAge": 1}, "summaryDetail": {"maxAge": 1, "priceHint": 2, "previousClose": 739.35, "open": 747.0, "dayLow": 735.3, "dayHigh": 762.95, "regularMarketPreviousClose": 739.35, "regularMarketOpen": 747.0, "regularMarketDayLow": 735.3, "regularMarketDayHigh": 762.95, "trailingPE": 80.995445, "volume": 251, "regularMarketVolume": 251, "averageVolume": 1863, "averageVolume10days": 374, "averageDailyVolume10Day": 374, "bid": 742.2, "ask": 759.0, "bidSize": 0, "askSize": 0, "marketCap": 2804062464, "fiftyTwoWeekLow": 347.3, "fiftyTwoWeekHigh": 762.95, "fiftyDayAverage": 672.0591, "twoHundredDayAverage": 593.83417, "trailingAnnualDividendRate": 5.0, "trailingAnnualDividendYield": 0.0067626974, "currency": "INR", "fromCurrency": null, "lastMarket": null, "algorithm": null, "tradeable": false}, "sectorTrend": {"maxAge": 1, "symbol": null, "estimates": []}, "incomeStatementHistoryQuarterly": {"incomeStatementHistory": [{"maxAge": 1, "endDate": "2020-06-30", "totalRevenue": 886831000, "costOfRevenue": 468284000, "grossProfit": 418547000, "researchDevelopment": {}, "sellingGeneralAdministrative": 173300000, "nonRecurring": {}, "otherOperatingExpenses": 181365000, "totalOperatingExpenses": 854124000, "operatingIncome": 32707000, "totalOtherIncomeExpenseNet": -1008000, "ebit": 32707000, "interestExpense": -36916000, "incomeBeforeTax": 31699000, "incomeTaxExpense": 10727000, "minorityInterest": {}, "netIncomeFromContinuingOps": 20972000, "discontinuedOperations": {}, "extraordinaryItems": {}, "effectOfAccountingCharges": {}, "otherItems": {}, "netIncome": 31366000, "netIncomeApplicableToCommonShares": 31366000}, {"maxAge": 1, "endDate": "2020-03-31", "totalRevenue": 1106091000, "costOfRevenue": 614758000, "grossProfit": 491333000, "researchDevelopment": {}, "sellingGeneralAdministrative": 201878000, "nonRecurring": {}, "otherOperatingExpenses": 148792000, "totalOperatingExpenses": 997101000, "operatingIncome": 108990000, "totalOtherIncomeExpenseNet": -296935000, "ebit": 108990000, "interestExpense": -5061000, "incomeBeforeTax": -187945000, "incomeTaxExpense": -33008000, "minorityInterest": 307919000, "netIncomeFromContinuingOps": -154937000, "discontinuedOperations": {}, "extraordinaryItems": {}, "effectOfAccountingCharges": {}, "otherItems": {}, "netIncome": -174174000, "netIncomeApplicableToCommonShares": -174174000}, {"maxAge": 1, "endDate": "2019-12-31", "totalRevenue": 1490802000, "costOfRevenue": 871680000, "grossProfit": 619122000, "researchDevelopment": {}, "sellingGeneralAdministrative": 209512000, "nonRecurring": {}, "otherOperatingExpenses": 227319000, "totalOperatingExpenses": 1339675000, "operatingIncome": 151127000, "totalOtherIncomeExpenseNet": 358000, "ebit": 151127000, "interestExpense": -40511000, "incomeBeforeTax": 151485000, "incomeTaxExpense": 43615000, "minorityInterest": 307919000, "netIncomeFromContinuingOps": 107870000, "discontinuedOperations": {}, "extraordinaryItems": {}, "effectOfAccountingCharges": {}, "otherItems": {}, "netIncome": 77748000, "netIncomeApplicableToCommonShares": 77748000}, {"maxAge": 1, "endDate": "2019-09-30", "totalRevenue": 1404264000, "costOfRevenue": 791650000, "grossProfit": 612614000, "researchDevelopment": {}, "sellingGeneralAdministrative": 191416000, "nonRecurring": {}, "otherOperatingExpenses": 202146000, "totalOperatingExpenses": 1215385000, "operatingIncome": 188879000, "totalOtherIncomeExpenseNet": -1106000, "ebit": 188879000, "interestExpense": -43366000, "incomeBeforeTax": 187773000, "incomeTaxExpense": 56067000, "minorityInterest": 260751000, "netIncomeFromContinuingOps": 131706000, "discontinuedOperations": {}, "extraordinaryItems": {}, "effectOfAccountingCharges": {}, "otherItems": {}, "netIncome": 99693000, "netIncomeApplicableToCommonShares": 99693000}], "maxAge": 86400}, "cashflowStatementHistoryQuarterly": {"cashflowStatements": [{"maxAge": 1, "endDate": "2020-06-30", "netIncome": 31366000, "changeToLiabilities": 0}, {"maxAge": 1, "endDate": "2020-03-31", "netIncome": -174174000, "changeToLiabilities": 0}, {"maxAge": 1, "endDate": "2019-12-31", "netIncome": 77748000, "changeToLiabilities": 0}, {"maxAge": 1, "endDate": "2019-09-30", "netIncome": 99693000, "changeToLiabilities": 0}], "maxAge": 86400}, "insiderHolders": {"holders": [{"maxAge": 1, "name": "JSK Marketing Pvt Ltd", "relation": "Promoter", "url": "", "transactionDescription": "Sale", "latestTransDate": "2019-04-12", "positionDirect": 0, "positionDirectDate": "2019-04-12"}, {"maxAge": 1, "name": "Jiwarajka (Lakshmi Devi)", "relation": "Promoter", "url": "", "transactionDescription": "Sale", "latestTransDate": "2019-04-26", "positionDirect": 226000, "positionDirectDate": "2019-04-26"}, {"maxAge": 1, "name": "Jiwarajka (Savitri Devi)", "relation": "Promoter", "url": "", "transactionDescription": "Other", "latestTransDate": "2017-09-15", "positionDirectDate": "2017-09-15"}, {"maxAge": 1, "name": "Khaitan (R P)", "relation": "Joint Managing director", "url": "", "transactionDescription": "Other", "latestTransDate": "2016-03-04", "positionDirect": 69049, "positionDirectDate": "2016-03-04"}, {"maxAge": 1, "name": "Khaitan (Sarla Devi)", "relation": "Promoter", "url": "", "transactionDescription": "Other", "latestTransDate": "2016-03-04", "positionDirect": 260398, "positionDirectDate": "2016-03-04"}, {"maxAge": 1, "name": "Preetha Investments Pvt Ltd", "relation": "Promoter", "url": "", "transactionDescription": "Sale", "latestTransDate": "2014-09-29", "positionDirect": 0, "positionDirectDate": "2014-09-29"}, {"maxAge": 1, "name": "Radiohms Investment & Trading Pvt Ltd", "relation": "Promoter", "url": "", "transactionDescription": "Sale", "latestTransDate": "2019-04-12", "positionDirect": 0, "positionDirectDate": "2019-04-12"}, {"maxAge": 1, "name": "Reddy (Dwaraknath P)", "relation": "Managing Director", "url": "", "transactionDescription": "Gift", "latestTransDate": "2014-07-15", "positionDirect": 1653695, "positionDirectDate": "2014-07-15"}, {"maxAge": 1, "name": "Reddy (Karthik Anand P)", "relation": "Promoter", "url": "", "transactionDescription": "Gift", "latestTransDate": "2014-06-23", "positionDirect": 0, "positionDirectDate": "2014-06-23"}, {"maxAge": 1, "name": "Reddy (Suneeta)", "relation": "Promoter", "url": "", "transactionDescription": "Gift", "latestTransDate": "2014-06-23", "positionDirect": 59580, "positionDirectDate": "2014-06-23"}], "maxAge": 1}, "earnings": {"maxAge": 86400, "earningsChart": {"quarterly": [], "earningsDate": []}, "financialsChart": {"yearly": [{"date": 2017, "revenue": 3776697000, "earnings": 191779000}, {"date": 2018, "revenue": 3941408000, "earnings": 223410000}, {"date": 2019, "revenue": 4432326000, "earnings": 184233000}, {"date": 2020, "revenue": 5081723000, "earnings": 14056000}], "quarterly": [{"date": "3Q2019", "revenue": 1404264000, "earnings": 99693000}, {"date": "4Q2019", "revenue": 1490802000, "earnings": 77748000}, {"date": "1Q2020", "revenue": 1106091000, "earnings": -174174000}, {"date": "2Q2020", "revenue": 886831000, "earnings": 31366000}]}, "financialCurrency": "INR"}, "calendarEvents": {"maxAge": 1, "earnings": {"earningsDate": []}}, "upgradeDowngradeHistory": {"history": [], "maxAge": 86400}, "price": {"maxAge": 1, "regularMarketChangePercent": 0.011361364, "regularMarketChange": 8.400024, "regularMarketTime": "2021-04-30 15:02:35", "priceHint": 2, "regularMarketPrice": 747.75, "regularMarketDayHigh": 762.95, "regularMarketDayLow": 735.3, "regularMarketVolume": 251, "averageDailyVolume10Day": 374, "averageDailyVolume3Month": 1863, "regularMarketPreviousClose": 739.35, "regularMarketSource": "FREE_REALTIME", "regularMarketOpen": 747.0, "exchange": "BSE", "exchangeName": "BSE", "exchangeDataDelayedBy": 0, "marketState": "CLOSED", "quoteType": "EQUITY", "symbol": "NIPPOBATRY.BO", "underlyingSymbol": null, "shortName": "INDO-NATIONAL LTD.", "longName": "Indo National Limited", "currency": "INR", "quoteSourceName": "Delayed Quote", "currencySymbol": "\u20b9", "fromCurrency": null, "lastMarket": null, "marketCap": 2804062464}, "balanceSheetHistory": {"balanceSheetStatements": [{"maxAge": 1, "endDate": "2020-03-31", "cash": 211533000, "netReceivables": 1446529000, "inventory": 875845000, "otherCurrentAssets": 504154000, "totalCurrentAssets": 3045787000, "longTermInvestments": 27000, "propertyPlantEquipment": 1347700000, "goodWill": 494090000, "intangibleAssets": 50263000, "otherAssets": 171752000, "totalAssets": 5109619000, "accountsPayable": 691627000, "shortLongTermDebt": 132583000, "otherCurrentLiab": 355344000, "longTermDebt": 344686000, "otherLiab": 236442000, "minorityInterest": 307919000, "totalCurrentLiabilities": 2077647000, "totalLiab": 2658775000, "commonStock": 37500000, "retainedEarnings": 2012721000, "treasuryStock": -5417000, "capitalSurplus": 98121000, "otherStockholderEquity": -5417000, "totalStockholderEquity": 2142925000, "netTangibleAssets": 1598572000}, {"maxAge": 1, "endDate": "2019-03-31", "cash": 193302000, "netReceivables": 1407829000, "inventory": 620765000, "otherCurrentAssets": 464130000, "totalCurrentAssets": 2691160000, "longTermInvestments": 64000, "propertyPlantEquipment": 1316182000, "goodWill": 494090000, "intangibleAssets": 53272000, "otherAssets": 255931000, "totalAssets": 4810699000, "accountsPayable": 563742000, "shortLongTermDebt": 144422000, "otherCurrentLiab": 376963000, "longTermDebt": 398099000, "otherLiab": 182269000, "minorityInterest": 220698000, "totalCurrentLiabilities": 1784969000, "totalLiab": 2365337000, "commonStock": 37500000, "retainedEarnings": 2090458000, "treasuryStock": -1415000, "capitalSurplus": 98121000, "otherStockholderEquity": -1415000, "totalStockholderEquity": 2224664000, "netTangibleAssets": 1677302000}, {"maxAge": 1, "endDate": "2018-03-31", "cash": 168666000, "netReceivables": 1280851000, "inventory": 492687000, "otherCurrentAssets": 425094000, "totalCurrentAssets": 2375096000, "longTermInvestments": 71000, "propertyPlantEquipment": 1228283000, "goodWill": 494090000, "intangibleAssets": 46207000, "otherAssets": 163718000, "totalAssets": 4307465000, "accountsPayable": 572411000, "shortLongTermDebt": 97566000, "otherCurrentLiab": 536613000, "longTermDebt": 108307000, "otherLiab": 195532000, "minorityInterest": 141569000, "totalCurrentLiabilities": 1729672000, "totalLiab": 2033511000, "commonStock": 37500000, "retainedEarnings": 1996764000, "capitalSurplus": 98121000, "totalStockholderEquity": 2132385000, "netTangibleAssets": 1592088000}, {"maxAge": 1, "endDate": "2017-03-31", "cash": 86924000, "netReceivables": 897699000, "inventory": 515724000, "otherCurrentAssets": 91418000, "totalCurrentAssets": 1596764000, "longTermInvestments": 86000, "propertyPlantEquipment": 1062238000, "goodWill": 494090000, "intangibleAssets": 45375000, "otherAssets": 93204000, "totalAssets": 3291757000, "accountsPayable": 257370000, "shortLongTermDebt": 16931000, "otherCurrentLiab": 202492000, "longTermDebt": 107286000, "otherLiab": 189597000, "minorityInterest": 54689000, "totalCurrentLiabilities": 918455000, "totalLiab": 1215338000, "commonStock": 37500000, "retainedEarnings": 1886109000, "capitalSurplus": 98121000, "totalStockholderEquity": 2021730000, "netTangibleAssets": 1482265000}], "maxAge": 86400}, "earningsTrend": {"trend": [{"maxAge": 1, "period": "0q", "endDate": null, "growth": {}, "earningsEstimate": {"avg": 0.0, "low": 0.0, "high": 0.0, "yearAgoEps": {}, "numberOfAnalysts": 0, "growth": {}}, "revenueEstimate": {"avg": 0, "low": 0, "high": 0, "numberOfAnalysts": 0, "yearAgoRevenue": {}, "growth": {}}, "epsTrend": {"current": 0.0, "7daysAgo": 0.0, "30daysAgo": 0.0, "60daysAgo": 0.0, "90daysAgo": 0.0}, "epsRevisions": {"upLast7days": 0, "upLast30days": 0, "downLast30days": 0, "downLast90days": {}}}, {"maxAge": 1, "period": "+1q", "endDate": null, "growth": {}, "earningsEstimate": {"avg": 0.0, "low": 0.0, "high": 0.0, "yearAgoEps": {}, "numberOfAnalysts": 0, "growth": {}}, "revenueEstimate": {"avg": 0, "low": 0, "high": 0, "numberOfAnalysts": 0, "yearAgoRevenue": {}, "growth": {}}, "epsTrend": {"current": 0.0, "7daysAgo": 0.0, "30daysAgo": 0.0, "60daysAgo": 0.0, "90daysAgo": 0.0}, "epsRevisions": {"upLast7days": 0, "upLast30days": 0, "downLast30days": 0, "downLast90days": {}}}, {"maxAge": 1, "period": "0y", "endDate": null, "growth": {}, "earningsEstimate": {"avg": 0.0, "low": 0.0, "high": 0.0, "yearAgoEps": {}, "numberOfAnalysts": 0, "growth": {}}, "revenueEstimate": {"avg": 0, "low": 0, "high": 0, "numberOfAnalysts": 0, "yearAgoRevenue": {}, "growth": {}}, "epsTrend": {"current": 0.0, "7daysAgo": 0.0, "30daysAgo": 0.0, "60daysAgo": 0.0, "90daysAgo": 0.0}, "epsRevisions": {"upLast7days": 0, "upLast30days": 0, "downLast30days": 0, "downLast90days": {}}}, {"maxAge": 1, "period": "+1y", "endDate": null, "growth": {}, "earningsEstimate": {"avg": 0.0, "low": 0.0, "high": 0.0, "yearAgoEps": {}, "numberOfAnalysts": 0, "growth": {}}, "revenueEstimate": {"avg": 0, "low": 0, "high": 0, "numberOfAnalysts": 0, "yearAgoRevenue": {}, "growth": {}}, "epsTrend": {"current": 0.0, "7daysAgo": 0.0, "30daysAgo": 0.0, "60daysAgo": 0.0, "90daysAgo": 0.0}, "epsRevisions": {"upLast7days": 0, "upLast30days": 0, "downLast30days": 0, "downLast90days": {}}}, {"maxAge": 1, "period": "+5y", "endDate": null, "growth": {}, "earningsEstimate": {"avg": {}, "low": {}, "high": {}, "yearAgoEps": {}, "numberOfAnalysts": {}, "growth": {}}, "revenueEstimate": {"avg": {}, "low": {}, "high": {}, "numberOfAnalysts": {}, "yearAgoRevenue": {}, "growth": {}}, "epsTrend": {"current": {}, "7daysAgo": {}, "30daysAgo": {}, "60daysAgo": {}, "90daysAgo": {}}, "epsRevisions": {"upLast7days": {}, "upLast30days": {}, "downLast30days": {}, "downLast90days": {}}}, {"maxAge": 1, "period": "-5y", "endDate": null, "growth": {}, "earningsEstimate": {"avg": {}, "low": {}, "high": {}, "yearAgoEps": {}, "numberOfAnalysts": {}, "growth": {}}, "revenueEstimate": {"avg": {}, "low": {}, "high": {}, "numberOfAnalysts": {}, "yearAgoRevenue": {}, "growth": {}}, "epsTrend": {"current": {}, "7daysAgo": {}, "30daysAgo": {}, "60daysAgo": {}, "90daysAgo": {}}, "epsRevisions": {"upLast7days": {}, "upLast30days": {}, "downLast30days": {}, "downLast90days": {}}}], "maxAge": 1}, "financialData": {"maxAge": 86400, "currentPrice": 747.75, "recommendationKey": "none", "grossProfits": 2146894000, "financialCurrency": "INR"}}}