{"NIRLON.BO": {"recommendationTrend": {"trend": [{"period": "0m", "strongBuy": 0, "buy": 0, "hold": 0, "sell": 0, "strongSell": 0}, {"period": "-1m", "strongBuy": 0, "buy": 0, "hold": 0, "sell": 0, "strongSell": 0}, {"period": "-2m", "strongBuy": 0, "buy": 0, "hold": 0, "sell": 0, "strongSell": 0}, {"period": "-3m", "strongBuy": 0, "buy": 0, "hold": 0, "sell": 0, "strongSell": 0}], "maxAge": 86400}, "cashflowStatementHistory": {"cashflowStatements": [{"maxAge": 1, "endDate": "2020-03-31", "netIncome": 1094757000, "depreciation": 532317000, "changeToNetincome": 419049000, "changeToAccountReceivables": -15506000, "changeToLiabilities": 9167000, "changeToOperatingActivities": 969098000, "totalCashFromOperatingActivities": 3109118000, "capitalExpenditures": -3274808000, "otherCashflowsFromInvestingActivities": 9223000, "totalCashflowsFromInvestingActivities": -3253169000, "dividendsPaid": -67588000, "netBorrowings": 1342211000, "otherCashflowsFromFinancingActivities": -1053930000, "totalCashFromFinancingActivities": 220693000, "changeInCash": 76642000}, {"maxAge": 1, "endDate": "2019-03-31", "netIncome": 636779000, "depreciation": 588788000, "changeToNetincome": 773022000, "changeToAccountReceivables": 1933000, "changeToLiabilities": -10268000, "changeToOperatingActivities": 182917000, "totalCashFromOperatingActivities": 2239807000, "capitalExpenditures": -4053852000, "otherCashflowsFromInvestingActivities": 4316000, "totalCashflowsFromInvestingActivities": -4048591000, "dividendsPaid": -67588000, "netBorrowings": 2425250000, "otherCashflowsFromFinancingActivities": -880706000, "totalCashFromFinancingActivities": 1476956000, "changeInCash": -331828000}, {"maxAge": 1, "endDate": "2018-03-31", "netIncome": 556902000, "depreciation": 722090000, "changeToNetincome": 745774000, "changeToAccountReceivables": 12761000, "changeToLiabilities": 25338000, "changeToOperatingActivities": 29400000, "totalCashFromOperatingActivities": 2122981000, "capitalExpenditures": -4053852000, "otherCashflowsFromInvestingActivities": 11202000, "totalCashflowsFromInvestingActivities": -1181241000, "dividendsPaid": -68224000, "netBorrowings": 24208000, "otherCashflowsFromFinancingActivities": -693247000, "totalCashFromFinancingActivities": -736865000, "changeInCash": 204875000, "issuanceOfStock": 398000}, {"maxAge": 1, "endDate": "2017-03-31", "netIncome": 510804000, "depreciation": 706439000, "changeToNetincome": 868715000, "changeToAccountReceivables": 2577000, "changeToLiabilities": -14563000, "changeToOperatingActivities": 71327000, "totalCashFromOperatingActivities": 2172427000, "capitalExpenditures": -4053852000, "otherCashflowsFromInvestingActivities": 11483000, "totalCashflowsFromInvestingActivities": -633429000, "dividendsPaid": -79404000, "netBorrowings": -545102000, "otherCashflowsFromFinancingActivities": -779817000, "totalCashFromFinancingActivities": -1403167000, "changeInCash": 135831000, "issuanceOfStock": 1156000}], "maxAge": 86400}, "institutionOwnership": {"maxAge": 1, "ownershipList": []}, "balanceSheetHistoryQuarterly": {"balanceSheetStatements": [{"maxAge": 1, "endDate": "2020-06-30", "totalStockholderEquity": 4537911000, "netTangibleAssets": 4537911000}, {"maxAge": 1, "endDate": "2020-03-31", "cash": 115978000, "netReceivables": 57836000, "otherCurrentAssets": 172110000, "totalCurrentAssets": 345924000, "propertyPlantEquipment": 16893845000, "otherAssets": 639773000, "totalAssets": 17879542000, "accountsPayable": 86445000, "otherCurrentLiab": 712437000, "longTermDebt": 9633907000, "otherLiab": 2575523000, "totalCurrentLiabilities": 1132201000, "totalLiab": 13341631000, "commonStock": 901180000, "retainedEarnings": 2382715000, "capitalSurplus": 1254016000, "totalStockholderEquity": 4537911000, "netTangibleAssets": 4537911000}, {"maxAge": 1, "endDate": "2019-12-31", "totalStockholderEquity": 3971552000, "netTangibleAssets": 3971427000}, {"maxAge": 1, "endDate": "2019-09-30", "cash": 97385000, "netReceivables": 44394000, "otherCurrentAssets": 110258000, "totalCurrentAssets": 252037000, "propertyPlantEquipment": 14898158000, "intangibleAssets": 125000, "otherAssets": 808543000, "totalAssets": 15958863000, "accountsPayable": 66182000, "shortLongTermDebt": 31892000, "otherCurrentLiab": 1048135000, "longTermDebt": 9333907000, "otherLiab": 1506154000, "totalCurrentLiabilities": 1147250000, "totalLiab": 11987311000, "commonStock": 901180000, "treasuryStock": 3070372000, "otherStockholderEquity": 3070372000, "totalStockholderEquity": 3971552000, "netTangibleAssets": 3971427000}], "maxAge": 86400}, "earningsHistory": {"history": [{"maxAge": 1, "epsActual": {}, "epsEstimate": {}, "epsDifference": {}, "surprisePercent": {}, "quarter": {}, "period": "-4q"}, {"maxAge": 1, "epsActual": 2.12, "epsEstimate": 1.67, "epsDifference": 0.45, "surprisePercent": 0.269, "quarter": "2017-06-30", "period": "-3q"}, {"maxAge": 1, "epsActual": 0.59, "epsEstimate": 1.55, "epsDifference": -0.96, "surprisePercent": -0.619, "quarter": "2018-03-31", "period": "-2q"}, {"maxAge": 1, "epsActual": 1.66, "epsEstimate": 1.26, "epsDifference": 0.4, "surprisePercent": 0.317, "quarter": "2018-06-30", "period": "-1q"}], "maxAge": 86400}, "indexTrend": {"maxAge": 1, "symbol": "SP5", "peRatio": 19.7411, "pegRatio": 1.34172, "estimates": [{"period": "0q", "growth": 0.549}, {"period": "+1q", "growth": 0.431}, {"period": "0y", "growth": 0.305}, {"period": "+1y", "growth": 0.109}, {"period": "+5y", "growth": 0.120859005}, {"period": "-5y"}]}, "industryTrend": {"maxAge": 1, "symbol": null, "estimates": []}, "insiderTransactions": {"transactions": [{"maxAge": 1, "shares": 4893, "value": 16392, "filerUrl": "", "transactionText": "Sale at price 3.35 per share.", "filerName": "Shital Trading & Interiors Pvt. Ltd.", "filerRelation": "Promoter", "moneyText": "", "startDate": "2020-09-07", "ownership": "D"}, {"maxAge": 1, "shares": 5000, "value": 16756, "filerUrl": "", "transactionText": "Sale at price 3.35 per share.", "filerName": "Shital Trading & Interiors Pvt. Ltd.", "filerRelation": "Promoter", "moneyText": "", "startDate": "2020-09-02", "ownership": "D"}, {"maxAge": 1, "shares": 25000, "value": 82515, "filerUrl": "", "transactionText": "Sale at price 3.30 per share.", "filerName": "Shital Trading & Interiors Pvt. Ltd.", "filerRelation": "Promoter", "moneyText": "", "startDate": "2020-08-19", "ownership": "D"}, {"maxAge": 1, "shares": 5000, "filerUrl": "", "transactionText": "", "filerName": "Shital Trading & Interiors Pvt. Ltd.", "filerRelation": "Promoter", "moneyText": "", "startDate": "2020-03-26", "ownership": "D"}, {"maxAge": 1, "shares": 5000, "filerUrl": "", "transactionText": "", "filerName": "Shital Trading & Interiors Pvt. Ltd.", "filerRelation": "Promoter", "moneyText": "", "startDate": "2020-03-24", "ownership": "D"}, {"maxAge": 1, "shares": 10000, "value": 34196, "filerUrl": "", "transactionText": "Sale at price 3.42 per share.", "filerName": "Shital Trading & Interiors Pvt. Ltd.", "filerRelation": "Promoter", "moneyText": "", "startDate": "2020-03-13", "ownership": "D"}, {"maxAge": 1, "shares": 5000, "filerUrl": "", "transactionText": "", "filerName": "Shital Trading & Interiors Pvt. Ltd.", "filerRelation": "Promoter", "moneyText": "", "startDate": "2020-02-19", "ownership": "D"}, {"maxAge": 1, "shares": 10000, "filerUrl": "", "transactionText": "", "filerName": "Shital Trading & Interiors Pvt. Ltd.", "filerRelation": "Promoter", "moneyText": "", "startDate": "2020-02-13", "ownership": "D"}, {"maxAge": 1, "shares": 5000, "filerUrl": "", "transactionText": "", "filerName": "Shital Trading & Interiors Pvt. Ltd.", "filerRelation": "Promoter", "moneyText": "", "startDate": "2019-12-24", "ownership": "D"}, {"maxAge": 1, "shares": 5000, "filerUrl": "", "transactionText": "", "filerName": "Bhavsar (Jasmin K.)", "filerRelation": "Company Secretary", "moneyText": "", "startDate": "2019-12-12", "ownership": "D"}, {"maxAge": 1, "shares": 20000, "filerUrl": "", "transactionText": "", "filerName": "Shital Trading & Interiors Pvt. Ltd.", "filerRelation": "Promoter", "moneyText": "", "startDate": "2019-12-11", "ownership": "D"}, {"maxAge": 1, "shares": 4676, "filerUrl": "", "transactionText": "", "filerName": "Bhavsar (Jasmin K.)", "filerRelation": "Company Secretary", "moneyText": "", "startDate": "2019-11-28", "ownership": "D"}, {"maxAge": 1, "shares": 5000, "filerUrl": "", "transactionText": "", "filerName": "Shital Trading & Interiors Pvt. Ltd.", "filerRelation": "Promoter", "moneyText": "", "startDate": "2019-11-25", "ownership": "D"}, {"maxAge": 1, "shares": 800, "filerUrl": "", "transactionText": "", "filerName": "Bharadia (Ashish)", "filerRelation": "UNREPORTED", "moneyText": "", "startDate": "2019-11-14", "ownership": "D"}, {"maxAge": 1, "shares": 25000, "filerUrl": "", "transactionText": "", "filerName": "Shital Trading & Interiors Pvt. Ltd.", "filerRelation": "Promoter", "moneyText": "", "startDate": "2019-11-13", "ownership": "D"}, {"maxAge": 1, "shares": 10000, "filerUrl": "", "transactionText": "", "filerName": "Shital Trading & Interiors Pvt. Ltd.", "filerRelation": "Promoter", "moneyText": "", "startDate": "2019-09-25", "ownership": "D"}, {"maxAge": 1, "shares": 243371, "filerUrl": "", "transactionText": "", "filerName": "Shital Trading & Investment Company Pvt Ltd", "filerRelation": "Promoter", "moneyText": "", "startDate": "2019-09-16", "ownership": "D"}, {"maxAge": 1, "shares": 5000, "filerUrl": "", "transactionText": "", "filerName": "Shital Trading & Interiors Pvt. Ltd.", "filerRelation": "Promoter", "moneyText": "", "startDate": "2019-09-05", "ownership": "D"}, {"maxAge": 1, "shares": 10000, "filerUrl": "", "transactionText": "", "filerName": "Shital Trading & Interiors Pvt. Ltd.", "filerRelation": "Promoter", "moneyText": "", "startDate": "2019-08-26", "ownership": "D"}, {"maxAge": 1, "shares": 11105, "filerUrl": "", "transactionText": "", "filerName": "Shital Trading & Interiors Pvt. Ltd.", "filerRelation": "Promoter", "moneyText": "", "startDate": "2019-08-22", "ownership": "D"}, {"maxAge": 1, "shares": 12113, "filerUrl": "", "transactionText": "", "filerName": "Shital Trading & Interiors Pvt. Ltd.", "filerRelation": "Promoter", "moneyText": "", "startDate": "2019-06-28", "ownership": "D"}, {"maxAge": 1, "shares": 7500, "filerUrl": "", "transactionText": "", "filerName": "Shital Trading & Interiors Pvt. Ltd.", "filerRelation": "Promoter", "moneyText": "", "startDate": "2019-06-17", "ownership": "D"}, {"maxAge": 1, "shares": 9900, "filerUrl": "", "transactionText": "", "filerName": "Shital Trading & Interiors Pvt. Ltd.", "filerRelation": "Promoter", "moneyText": "", "startDate": "2019-06-10", "ownership": "D"}, {"maxAge": 1, "shares": 12721, "filerUrl": "", "transactionText": "", "filerName": "Shital Trading & Interiors Pvt. Ltd.", "filerRelation": "Promoter", "moneyText": "", "startDate": "2019-05-30", "ownership": "D"}, {"maxAge": 1, "shares": 5174, "filerUrl": "", "transactionText": "", "filerName": "Shital Trading & Interiors Pvt. Ltd.", "filerRelation": "Promoter", "moneyText": "", "startDate": "2019-04-08", "ownership": "D"}, {"maxAge": 1, "shares": 5000, "filerUrl": "", "transactionText": "", "filerName": "Shital Trading & Interiors Pvt. Ltd.", "filerRelation": "Promoter", "moneyText": "", "startDate": "2019-04-02", "ownership": "D"}, {"maxAge": 1, "shares": 7114, "filerUrl": "", "transactionText": "", "filerName": "Shital Trading & Interiors Pvt. Ltd.", "filerRelation": "Promoter", "moneyText": "", "startDate": "2019-03-28", "ownership": "D"}, {"maxAge": 1, "shares": 5806, "filerUrl": "", "transactionText": "", "filerName": "Shital Trading & Interiors Pvt. Ltd.", "filerRelation": "Promoter", "moneyText": "", "startDate": "2019-03-19", "ownership": "D"}, {"maxAge": 1, "shares": 7500, "filerUrl": "", "transactionText": "", "filerName": "Shital Trading & Interiors Pvt. Ltd.", "filerRelation": "Promoter", "moneyText": "", "startDate": "2019-03-11", "ownership": "D"}, {"maxAge": 1, "shares": 6500, "filerUrl": "", "transactionText": "", "filerName": "Shital Trading & Interiors Pvt. Ltd.", "filerRelation": "Promoter", "moneyText": "", "startDate": "2019-03-05", "ownership": "D"}, {"maxAge": 1, "shares": 6000, "filerUrl": "", "transactionText": "", "filerName": "Shital Trading & Interiors Pvt. Ltd.", "filerRelation": "Promoter", "moneyText": "", "startDate": "2019-02-19", "ownership": "D"}, {"maxAge": 1, "shares": 6575, "filerUrl": "", "transactionText": "", "filerName": "Shital Trading & Interiors Pvt. Ltd.", "filerRelation": "Promoter", "moneyText": "", "startDate": "2019-02-12", "ownership": "D"}, {"maxAge": 1, "shares": 7000, "filerUrl": "", "transactionText": "", "filerName": "Shital Trading & Interiors Pvt. Ltd.", "filerRelation": "Promoter", "moneyText": "", "startDate": "2019-02-06", "ownership": "D"}, {"maxAge": 1, "shares": 7500, "filerUrl": "", "transactionText": "", "filerName": "Shital Trading & Interiors Pvt. Ltd.", "filerRelation": "Promoter", "moneyText": "", "startDate": "2019-01-23", "ownership": "D"}, {"maxAge": 1, "shares": 6000, "filerUrl": "", "transactionText": "", "filerName": "Shital Trading & Interiors Pvt. Ltd.", "filerRelation": "Promoter", "moneyText": "", "startDate": "2019-01-11", "ownership": "D"}, {"maxAge": 1, "shares": 8000, "filerUrl": "", "transactionText": "", "filerName": "Shital Trading & Interiors Pvt. Ltd.", "filerRelation": "Promoter", "moneyText": "", "startDate": "2018-12-31", "ownership": "D"}, {"maxAge": 1, "shares": 7000, "filerUrl": "", "transactionText": "", "filerName": "Shital Trading & Interiors Pvt. Ltd.", "filerRelation": "Promoter", "moneyText": "", "startDate": "2018-12-24", "ownership": "D"}, {"maxAge": 1, "shares": 6700, "filerUrl": "", "transactionText": "", "filerName": "Shital Trading & Interiors Pvt. Ltd.", "filerRelation": "Promoter", "moneyText": "", "startDate": "2018-12-14", "ownership": "D"}, {"maxAge": 1, "shares": 5324, "filerUrl": "", "transactionText": "", "filerName": "Bhavsar (Jasmin K.)", "filerRelation": "Company Secretary", "moneyText": "", "startDate": "2018-12-10", "ownership": "D"}, {"maxAge": 1, "shares": 7500, "filerUrl": "", "transactionText": "", "filerName": "Shital Trading & Interiors Pvt. Ltd.", "filerRelation": "Promoter", "moneyText": "", "startDate": "2018-11-21", "ownership": "D"}, {"maxAge": 1, "shares": 504101, "filerUrl": "", "transactionText": "", "filerName": "Shital Trading & Interiors Pvt. Ltd.", "filerRelation": "Promoter", "moneyText": "", "startDate": "2018-10-30", "ownership": "D"}], "maxAge": 1}, "quoteType": {"exchange": "BSE", "quoteType": "EQUITY", "symbol": "NIRLON.BO", "underlyingSymbol": "NIRLON.BO", "shortName": "NIRLON LTD.", "longName": "Nirlon Limited", "firstTradeDateEpochUtc": "2000-02-22 09:15:00", "timeZoneFullName": "Asia/Kolkata", "timeZoneShortName": "IST", "uuid": "f90b442a-062f-34f6-a93e-51ff2606441a", "messageBoardId": null, "gmtOffSetMilliseconds": 19800000, "maxAge": 1}, "incomeStatementHistory": {"incomeStatementHistory": [{"maxAge": 1, "endDate": "2020-03-31", "totalRevenue": 3100006000, "costOfRevenue": 333370000, "grossProfit": 2766636000, "researchDevelopment": {}, "sellingGeneralAdministrative": 153097000, "nonRecurring": {}, "otherOperatingExpenses": 283050000, "totalOperatingExpenses": 1302017000, "operatingIncome": 1797989000, "totalOtherIncomeExpenseNet": -333081000, "ebit": 1797989000, "interestExpense": -179823000, "incomeBeforeTax": 1464908000, "incomeTaxExpense": 370151000, "minorityInterest": {}, "netIncomeFromContinuingOps": 1094757000, "discontinuedOperations": {}, "extraordinaryItems": {}, "effectOfAccountingCharges": {}, "otherItems": {}, "netIncome": 1094757000, "netIncomeApplicableToCommonShares": 1094757000}, {"maxAge": 1, "endDate": "2019-03-31", "totalRevenue": 2986650000, "costOfRevenue": 336820000, "grossProfit": 2649830000, "researchDevelopment": {}, "sellingGeneralAdministrative": 113891000, "nonRecurring": {}, "otherOperatingExpenses": 271494000, "totalOperatingExpenses": 1311046000, "operatingIncome": 1675604000, "totalOtherIncomeExpenseNet": -687627000, "ebit": 1675604000, "interestExpense": -573633000, "incomeBeforeTax": 987977000, "incomeTaxExpense": 351198000, "minorityInterest": {}, "netIncomeFromContinuingOps": 636779000, "discontinuedOperations": {}, "extraordinaryItems": {}, "effectOfAccountingCharges": {}, "otherItems": {}, "netIncome": 636779000, "netIncomeApplicableToCommonShares": 636779000}, {"maxAge": 1, "endDate": "2018-03-31", "totalRevenue": 2907767000, "costOfRevenue": 331777000, "grossProfit": 2575990000, "researchDevelopment": {}, "sellingGeneralAdministrative": 87811000, "nonRecurring": {}, "otherOperatingExpenses": 255550000, "totalOperatingExpenses": 1397288000, "operatingIncome": 1510479000, "totalOtherIncomeExpenseNet": -657863000, "ebit": 1510479000, "interestExpense": -527157000, "incomeBeforeTax": 852616000, "incomeTaxExpense": 295714000, "minorityInterest": {}, "netIncomeFromContinuingOps": 556902000, "discontinuedOperations": {}, "extraordinaryItems": {}, "effectOfAccountingCharges": {}, "otherItems": {}, "netIncome": 556902000, "netIncomeApplicableToCommonShares": 556902000}, {"maxAge": 1, "endDate": "2017-03-31", "totalRevenue": 2876555000, "costOfRevenue": 339605000, "grossProfit": 2536950000, "researchDevelopment": {}, "sellingGeneralAdministrative": 84143000, "nonRecurring": {}, "otherOperatingExpenses": 215813000, "totalOperatingExpenses": 1346114000, "operatingIncome": 1530441000, "totalOtherIncomeExpenseNet": -749910000, "ebit": 1530441000, "interestExpense": -641828000, "incomeBeforeTax": 780531000, "incomeTaxExpense": 269727000, "minorityInterest": {}, "netIncomeFromContinuingOps": 510804000, "discontinuedOperations": {}, "extraordinaryItems": {}, "effectOfAccountingCharges": {}, "otherItems": {}, "netIncome": 510804000, "netIncomeApplicableToCommonShares": 510804000}], "maxAge": 86400}, "fundOwnership": {"maxAge": 1, "ownershipList": []}, "summaryDetail": {"maxAge": 1, "priceHint": 2, "previousClose": 278.0, "open": 279.5, "dayLow": 274.0, "dayHigh": 279.5, "regularMarketPreviousClose": 278.0, "regularMarketOpen": 279.5, "regularMarketDayLow": 274.0, "regularMarketDayHigh": 279.5, "trailingPE": 21.317831, "forwardPE": 33.454987, "volume": 1709, "regularMarketVolume": 1709, "averageVolume": 8776, "averageVolume10days": 6312, "averageDailyVolume10Day": 6312, "bid": 274.05, "ask": 280.0, "bidSize": 0, "askSize": 0, "marketCap": 24782450688, "fiftyTwoWeekLow": 193.6, "fiftyTwoWeekHigh": 299.1, "fiftyDayAverage": 283.3043, "twoHundredDayAverage": 255.0146, "trailingAnnualDividendRate": 0.75, "trailingAnnualDividendYield": 0.0026978417, "currency": "INR", "fromCurrency": null, "toCurrency": null, "lastMarket": null, "algorithm": null, "tradeable": false}, "sectorTrend": {"maxAge": 1, "symbol": null, "estimates": []}, "incomeStatementHistoryQuarterly": {"incomeStatementHistory": [{"maxAge": 1, "endDate": "2020-06-30", "totalRevenue": 797975000, "costOfRevenue": 71130000, "grossProfit": 726845000, "researchDevelopment": {}, "sellingGeneralAdministrative": 12363000, "nonRecurring": {}, "otherOperatingExpenses": 111110000, "totalOperatingExpenses": 312770000, "operatingIncome": 485205000, "totalOtherIncomeExpenseNet": -32424000, "ebit": 485205000, "interestExpense": -36177000, "incomeBeforeTax": 452781000, "incomeTaxExpense": 127993000, "minorityInterest": {}, "netIncomeFromContinuingOps": 324788000, "discontinuedOperations": {}, "extraordinaryItems": {}, "effectOfAccountingCharges": {}, "otherItems": {}, "netIncome": 324788000, "netIncomeApplicableToCommonShares": 324788000}, {"maxAge": 1, "endDate": "2020-03-31", "totalRevenue": 821989000, "costOfRevenue": 108083000, "grossProfit": 713906000, "researchDevelopment": {}, "sellingGeneralAdministrative": 115490000, "nonRecurring": {}, "otherOperatingExpenses": -14085000, "totalOperatingExpenses": 345743000, "operatingIncome": 476246000, "totalOtherIncomeExpenseNet": -68421000, "ebit": 476246000, "interestExpense": -36177000, "incomeBeforeTax": 407825000, "incomeTaxExpense": 114196000, "minorityInterest": {}, "netIncomeFromContinuingOps": 293629000, "discontinuedOperations": {}, "extraordinaryItems": {}, "effectOfAccountingCharges": {}, "otherItems": {}, "netIncome": 293629000, "netIncomeApplicableToCommonShares": 293629000}, {"maxAge": 1, "endDate": "2019-12-31", "totalRevenue": 766034000, "costOfRevenue": 82514000, "grossProfit": 683520000, "researchDevelopment": {}, "sellingGeneralAdministrative": 13067000, "nonRecurring": {}, "otherOperatingExpenses": 100976000, "totalOperatingExpenses": 329404000, "operatingIncome": 436630000, "totalOtherIncomeExpenseNet": -57507000, "ebit": 436630000, "interestExpense": -59916000, "incomeBeforeTax": 379123000, "incomeTaxExpense": 106411000, "minorityInterest": {}, "netIncomeFromContinuingOps": 272712000, "discontinuedOperations": {}, "extraordinaryItems": {}, "effectOfAccountingCharges": {}, "otherItems": {}, "netIncome": 272712000, "netIncomeApplicableToCommonShares": 272712000}, {"maxAge": 1, "endDate": "2019-09-30", "totalRevenue": 758286000, "costOfRevenue": 75610000, "grossProfit": 682676000, "researchDevelopment": {}, "sellingGeneralAdministrative": 12208000, "nonRecurring": {}, "otherOperatingExpenses": 106482000, "totalOperatingExpenses": 326102000, "operatingIncome": 432184000, "totalOtherIncomeExpenseNet": -112150000, "ebit": 432184000, "interestExpense": -114446000, "incomeBeforeTax": 320034000, "incomeTaxExpense": 48048000, "minorityInterest": {}, "netIncomeFromContinuingOps": 271986000, "discontinuedOperations": {}, "extraordinaryItems": {}, "effectOfAccountingCharges": {}, "otherItems": {}, "netIncome": 271986000, "netIncomeApplicableToCommonShares": 271986000}], "maxAge": 86400}, "cashflowStatementHistoryQuarterly": {"cashflowStatements": [{"maxAge": 1, "endDate": "2020-06-30", "netIncome": 324788000, "changeToLiabilities": 0}, {"maxAge": 1, "endDate": "2020-03-31", "netIncome": 293629000, "changeToLiabilities": 0}, {"maxAge": 1, "endDate": "2019-12-31", "netIncome": 272712000, "changeToLiabilities": 0}, {"maxAge": 1, "endDate": "2019-09-30", "netIncome": 271986000, "changeToLiabilities": 0}], "maxAge": 86400}, "insiderHolders": {"holders": [{"maxAge": 1, "name": "Bharadia (Ashish)", "relation": "UNREPORTED", "url": "", "transactionDescription": "Acquisition", "latestTransDate": "2019-11-14", "positionDirect": 800, "positionDirectDate": "2019-11-14"}, {"maxAge": 1, "name": "Bhavsar (Jasmin K.)", "relation": "Company Secretary", "url": "", "transactionDescription": "Sale", "latestTransDate": "2019-12-12", "positionDirect": 20000, "positionDirectDate": "2019-12-12"}, {"maxAge": 1, "name": "Shital Trading & Interiors Pvt. Ltd.", "relation": "Promoter", "url": "", "transactionDescription": "Sale", "latestTransDate": "2020-09-07", "positionDirect": 392000, "positionDirectDate": "2020-09-07"}, {"maxAge": 1, "name": "Shital Trading & Investment Company Pvt Ltd", "relation": "Promoter", "url": "", "transactionDescription": "Sale", "latestTransDate": "2019-09-16", "positionDirect": 521893, "positionDirectDate": "2019-09-16"}], "maxAge": 1}, "earnings": {"maxAge": 86400, "earningsChart": {"quarterly": [{"date": "2Q2017", "actual": 2.12, "estimate": 1.67}, {"date": "1Q2018", "actual": 0.59, "estimate": 1.55}, {"date": "2Q2018", "actual": 1.66, "estimate": 1.26}], "currentQuarterEstimateDate": "3Q", "currentQuarterEstimateYear": 2018, "earningsDate": ["2020-08-14 05:30:S"]}, "financialsChart": {"yearly": [{"date": 2017, "revenue": 2876555000, "earnings": 510804000}, {"date": 2018, "revenue": 2907767000, "earnings": 556902000}, {"date": 2019, "revenue": 2986650000, "earnings": 636779000}, {"date": 2020, "revenue": 3100006000, "earnings": 1094757000}], "quarterly": [{"date": "3Q2019", "revenue": 758286000, "earnings": 271986000}, {"date": "4Q2019", "revenue": 766034000, "earnings": 272712000}, {"date": "1Q2020", "revenue": 821989000, "earnings": 293629000}, {"date": "2Q2020", "revenue": 797975000, "earnings": 324788000}]}, "financialCurrency": "INR"}, "calendarEvents": {"maxAge": 1, "earnings": {"earningsDate": ["2020-08-14 05:30:S"], "revenueAverage": 728921000}}, "price": {"maxAge": 1, "regularMarketChangePercent": -0.010791367, "regularMarketChange": -3.0, "regularMarketTime": "2021-04-30 15:28:36", "priceHint": 2, "regularMarketPrice": 275.0, "regularMarketDayHigh": 279.5, "regularMarketDayLow": 274.0, "regularMarketVolume": 1709, "averageDailyVolume10Day": 6312, "averageDailyVolume3Month": 8776, "regularMarketPreviousClose": 278.0, "regularMarketSource": "FREE_REALTIME", "regularMarketOpen": 279.5, "exchange": "BSE", "exchangeName": "BSE", "exchangeDataDelayedBy": 0, "marketState": "CLOSED", "quoteType": "EQUITY", "symbol": "NIRLON.BO", "underlyingSymbol": null, "shortName": "NIRLON LTD.", "longName": "Nirlon Limited", "currency": "INR", "quoteSourceName": "Delayed Quote", "currencySymbol": "\u20b9", "fromCurrency": null, "toCurrency": null, "lastMarket": null, "marketCap": 24782450688}, "balanceSheetHistory": {"balanceSheetStatements": [{"maxAge": 1, "endDate": "2020-03-31", "cash": 115978000, "netReceivables": 57836000, "otherCurrentAssets": 172110000, "totalCurrentAssets": 345924000, "propertyPlantEquipment": 16893845000, "otherAssets": 639773000, "totalAssets": 17879542000, "accountsPayable": 86445000, "otherCurrentLiab": 712437000, "longTermDebt": 9633907000, "otherLiab": 2575523000, "totalCurrentLiabilities": 1132201000, "totalLiab": 13341631000, "commonStock": 901180000, "retainedEarnings": 2382715000, "capitalSurplus": 1254016000, "totalStockholderEquity": 4537911000, "netTangibleAssets": 4537911000}, {"maxAge": 1, "endDate": "2019-03-31", "cash": 41555000, "netReceivables": 41617000, "otherCurrentAssets": 147229000, "totalCurrentAssets": 230401000, "propertyPlantEquipment": 13507696000, "intangibleAssets": 183000, "otherAssets": 834142000, "totalAssets": 14572422000, "accountsPayable": 77279000, "otherCurrentLiab": 758956000, "longTermDebt": 8533907000, "otherLiab": 1575106000, "totalCurrentLiabilities": 938790000, "totalLiab": 11047803000, "commonStock": 901180000, "retainedEarnings": 1369423000, "capitalSurplus": 1254016000, "totalStockholderEquity": 3524619000, "netTangibleAssets": 3524436000}, {"maxAge": 1, "endDate": "2018-03-31", "cash": 371164000, "netReceivables": 45707000, "otherCurrentAssets": 155095000, "totalCurrentAssets": 571966000, "propertyPlantEquipment": 9764157000, "intangibleAssets": 31000, "otherAssets": 860012000, "totalAssets": 11196166000, "accountsPayable": 84146000, "otherCurrentLiab": 548053000, "longTermDebt": 6108657000, "otherLiab": 1386274000, "totalCurrentLiabilities": 732116000, "totalLiab": 8227047000, "commonStock": 901180000, "retainedEarnings": 813923000, "capitalSurplus": 1254016000, "totalStockholderEquity": 2969119000, "netTangibleAssets": 2969088000}, {"maxAge": 1, "endDate": "2017-03-31", "cash": 166289000, "netReceivables": 48771000, "otherCurrentAssets": 106805000, "totalCurrentAssets": 321865000, "propertyPlantEquipment": 10816798000, "intangibleAssets": 91000, "otherAssets": 772340000, "totalAssets": 11911094000, "accountsPayable": 67265000, "shortLongTermDebt": 795671000, "otherCurrentLiab": 412444000, "longTermDebt": 5140008000, "otherLiab": 1547049000, "totalCurrentLiabilities": 1495301000, "totalLiab": 8182358000, "commonStock": 901084000, "retainedEarnings": 1573938000, "capitalSurplus": 1253714000, "totalStockholderEquity": 3728736000, "netTangibleAssets": 3728645000}], "maxAge": 86400}, "earningsTrend": {"trend": [{"maxAge": 1, "period": "0q", "endDate": "2018-09-30", "growth": {}, "earningsEstimate": {"avg": 0.0, "low": 0.0, "high": 0.0, "yearAgoEps": {}, "numberOfAnalysts": 0, "growth": {}}, "revenueEstimate": {"avg": 728921000, "low": 0, "high": 0, "numberOfAnalysts": 0, "yearAgoRevenue": 713424000, "growth": 0.022}, "epsTrend": {"current": 0.0, "7daysAgo": 0.0, "30daysAgo": 0.0, "60daysAgo": 0.0, "90daysAgo": 0.0}, "epsRevisions": {"upLast7days": 0, "upLast30days": 0, "downLast30days": 0, "downLast90days": {}}}, {"maxAge": 1, "period": "+1q", "endDate": "2018-12-31", "growth": {}, "earningsEstimate": {"avg": 0.0, "low": 0.0, "high": 0.0, "yearAgoEps": 2.12, "numberOfAnalysts": 0, "growth": {}}, "revenueEstimate": {"avg": 0, "low": 0, "high": 0, "numberOfAnalysts": 0, "yearAgoRevenue": {}, "growth": {}}, "epsTrend": {"current": 0.0, "7daysAgo": 0.0, "30daysAgo": 0.0, "60daysAgo": 0.0, "90daysAgo": 0.0}, "epsRevisions": {"upLast7days": 0, "upLast30days": 0, "downLast30days": 0, "downLast90days": {}}}, {"maxAge": 1, "period": "0y", "endDate": "2019-03-31", "growth": {}, "earningsEstimate": {"avg": 0.0, "low": 0.0, "high": 0.0, "yearAgoEps": {}, "numberOfAnalysts": 0, "growth": {}}, "revenueEstimate": {"avg": 3140390000, "low": 3140390000, "high": 3140390000, "numberOfAnalysts": 1, "yearAgoRevenue": 2907770000, "growth": 0.08}, "epsTrend": {"current": 0.0, "7daysAgo": 7.14, "30daysAgo": 7.14, "60daysAgo": 7.14, "90daysAgo": 7.14}, "epsRevisions": {"upLast7days": 0, "upLast30days": 0, "downLast30days": 0, "downLast90days": {}}}, {"maxAge": 1, "period": "+1y", "endDate": "2020-03-31", "growth": {}, "earningsEstimate": {"avg": 0.0, "low": 0.0, "high": 0.0, "yearAgoEps": {}, "numberOfAnalysts": 0, "growth": {}}, "revenueEstimate": {"avg": 3368070000, "low": 3368070000, "high": 3368070000, "numberOfAnalysts": 1, "yearAgoRevenue": 3140390000, "growth": 0.073}, "epsTrend": {"current": 0.0, "7daysAgo": 8.22, "30daysAgo": 8.22, "60daysAgo": 8.22, "90daysAgo": 8.22}, "epsRevisions": {"upLast7days": 0, "upLast30days": 0, "downLast30days": 0, "downLast90days": {}}}, {"maxAge": 1, "period": "+5y", "endDate": null, "growth": {}, "earningsEstimate": {"avg": {}, "low": {}, "high": {}, "yearAgoEps": {}, "numberOfAnalysts": {}, "growth": {}}, "revenueEstimate": {"avg": {}, "low": {}, "high": {}, "numberOfAnalysts": {}, "yearAgoRevenue": {}, "growth": {}}, "epsTrend": {"current": {}, "7daysAgo": {}, "30daysAgo": {}, "60daysAgo": {}, "90daysAgo": {}}, "epsRevisions": {"upLast7days": {}, "upLast30days": {}, "downLast30days": {}, "downLast90days": {}}}, {"maxAge": 1, "period": "-5y", "endDate": null, "growth": {}, "earningsEstimate": {"avg": {}, "low": {}, "high": {}, "yearAgoEps": {}, "numberOfAnalysts": {}, "growth": {}}, "revenueEstimate": {"avg": {}, "low": {}, "high": {}, "numberOfAnalysts": {}, "yearAgoRevenue": {}, "growth": {}}, "epsTrend": {"current": {}, "7daysAgo": {}, "30daysAgo": {}, "60daysAgo": {}, "90daysAgo": {}}, "epsRevisions": {"upLast7days": {}, "upLast30days": {}, "downLast30days": {}, "downLast90days": {}}}], "maxAge": 1}, "financialData": {"maxAge": 86400, "currentPrice": 275.0, "targetHighPrice": 240.0, "targetLowPrice": 240.0, "targetMeanPrice": 240.0, "targetMedianPrice": 240.0, "recommendationKey": "none", "numberOfAnalystOpinions": 1, "grossProfits": 2766636000, "financialCurrency": "INR"}}}