{"NITCO.NS": {"assetProfile": {"address1": "Plot No.3", "address2": "Nitco House Kanjur Village Road Kanjur Marg (East)", "city": "Mumbai", "zip": "400042", "country": "India", "phone": "91 22 6752 1555", "fax": "91 22 6752 1500", "website": "http://www.nitco.in", "industry": "Building Products & Equipment", "sector": "Industrials", "longBusinessSummary": "NITCO Limited, together with its subsidiaries, manufactures and sells floor and wall solutions in India. The company operates through two segments, Tiles and Other Related Products; and Real Estate segments. It offers ceramic wall and floor tiles; polished and glazed vitrified tiles; and vitrified DCH, heavy duty, and SST tiles. The company sells its products through approximately 2,000 sub dealers and 500 direct dealers; and operates 11 display centers under the Le Studio brand name, as well as 95 showrooms as franchisees under the Le Studio Express and Nitco Look names. In addition, NITCO Limited exports its products to Nepal, South Africa, the United Arab Emirates, Belgium, Ireland, Thailand, Bahrain, Uganda, Seychelles, Botswana, Zambia, Maldives, Poland, Qatar, Australia, Bhutan, Kenya, Ethiopia, Singapore, Kuwait, Taiwan, Tanzania, Fiji, Canada, and internationally. Further, the company develops real estate projects. NITCO Limited was founded in 1953 and is headquartered in Mumbai, India.", "fullTimeEmployees": 572, "companyOfficers": [{"maxAge": 1, "name": "Mr. Vivek Prannath Talwar", "age": 64, "title": "Chairman & MD", "yearBorn": 1956, "fiscalYear": 2020, "totalPay": 0, "exercisedValue": 0, "unexercisedValue": 0}, {"maxAge": 1, "name": "Mr. Ramesh  Iyer", "title": "Chief Financial Officer", "fiscalYear": 2020, "totalPay": 12000000, "exercisedValue": 0, "unexercisedValue": 0}, {"maxAge": 1, "name": "Mr. Puneet  Motwani", "title": "Company Sec. & Compliance Officer", "fiscalYear": 2020, "totalPay": 1200000, "exercisedValue": 0, "unexercisedValue": 0}, {"maxAge": 1, "name": "Mr. N. G. Naik", "title": "Pres of HRD", "exercisedValue": 0, "unexercisedValue": 0}], "compensationAsOfEpochDate": "2020-12-31 05:30:00", "maxAge": 86400}, "recommendationTrend": {"trend": [{"period": "0m", "strongBuy": 0, "buy": 0, "hold": 0, "sell": 0, "strongSell": 0}, {"period": "-1m", "strongBuy": 0, "buy": 0, "hold": 0, "sell": 0, "strongSell": 0}, {"period": "-2m", "strongBuy": 0, "buy": 0, "hold": 0, "sell": 0, "strongSell": 0}, {"period": "-3m", "strongBuy": 0, "buy": 0, "hold": 0, "sell": 0, "strongSell": 0}], "maxAge": 86400}, "cashflowStatementHistory": {"cashflowStatements": [{"maxAge": 1, "endDate": "2020-03-31", "netIncome": -474431000, "depreciation": 386425000, "changeToNetincome": -204380000, "changeToAccountReceivables": 448705000, "changeToLiabilities": -610579000, "changeToInventory": 288082000, "changeToOperatingActivities": 512295000, "totalCashFromOperatingActivities": 346117000, "capitalExpenditures": -40149000, "totalCashflowsFromInvestingActivities": -40149000, "netBorrowings": -309375000, "otherCashflowsFromFinancingActivities": -49188000, "totalCashFromFinancingActivities": -358563000, "changeInCash": -52595000}, {"maxAge": 1, "endDate": "2019-03-31", "netIncome": -536552000, "depreciation": 392300000, "changeToNetincome": 155303000, "changeToAccountReceivables": -71466000, "changeToLiabilities": 121587000, "changeToInventory": 155150000, "changeToOperatingActivities": 35726000, "totalCashFromOperatingActivities": 252048000, "capitalExpenditures": -114363000, "totalCashflowsFromInvestingActivities": -114363000, "netBorrowings": -134138000, "otherCashflowsFromFinancingActivities": -24856000, "totalCashFromFinancingActivities": -158994000, "changeInCash": -21309000}, {"maxAge": 1, "endDate": "2018-03-31", "netIncome": 1888907000, "depreciation": 805348000, "changeToNetincome": -91781000, "changeToAccountReceivables": -800936000, "changeToLiabilities": 473555000, "changeToInventory": 1404523000, "changeToOperatingActivities": 18500000, "totalCashFromOperatingActivities": 3698116000, "capitalExpenditures": -59621000, "totalCashflowsFromInvestingActivities": -59621000, "netBorrowings": -6044613000, "otherCashflowsFromFinancingActivities": -25564000, "totalCashFromFinancingActivities": -3668657000, "effectOfExchangeRate": 2789000, "changeInCash": -27373000, "issuanceOfStock": 901520000}, {"maxAge": 1, "endDate": "2017-03-31", "netIncome": -333630000, "depreciation": 496688000, "changeToNetincome": 88211000, "changeToAccountReceivables": 129107000, "changeToLiabilities": -57527000, "changeToInventory": -6792000, "changeToOperatingActivities": -6019000, "totalCashFromOperatingActivities": 310038000, "capitalExpenditures": -95700000, "totalCashflowsFromInvestingActivities": -95700000, "netBorrowings": -170955000, "otherCashflowsFromFinancingActivities": -79940000, "totalCashFromFinancingActivities": -250895000, "effectOfExchangeRate": -1241000, "changeInCash": -37798000, "issuanceOfStock": 901520000}], "maxAge": 86400}, "indexTrend": {"maxAge": 1, "symbol": "SP5", "peRatio": 19.7411, "pegRatio": 1.34172, "estimates": [{"period": "0q", "growth": 0.549}, {"period": "+1q", "growth": 0.431}, {"period": "0y", "growth": 0.305}, {"period": "+1y", "growth": 0.109}, {"period": "+5y", "growth": 0.120865}, {"period": "-5y"}]}, "defaultKeyStatistics": {"maxAge": 1, "priceHint": 2, "enterpriseValue": 8537852416, "profitMargins": -0.23062, "floatShares": 13535912, "sharesOutstanding": 71859000, "heldPercentInsiders": 0.79208, "heldPercentInstitutions": 0.0, "beta": 1.873001, "category": null, "bookValue": -0.028, "fundFamily": null, "legalType": null, "lastFiscalYearEnd": "2020-03-31 05:30:00", "nextFiscalYearEnd": "2022-03-31 05:30:00", "mostRecentQuarter": "2020-12-31 05:30:00", "netIncomeToCommon": -701785984, "trailingEps": -9.367, "lastSplitFactor": null, "enterpriseToRevenue": 2.924, "enterpriseToEbitda": -22.12, "52WeekChange": 0.18944097, "SandP52WeekChange": 0.48148263, "lastDividendValue": 0.5, "lastDividendDate": 1316476800}, "industryTrend": {"maxAge": 1, "symbol": null, "estimates": []}, "quoteType": {"exchange": "NSI", "quoteType": "EQUITY", "symbol": "NITCO.NS", "underlyingSymbol": "NITCO.NS", "shortName": "NITCO LIMITED", "longName": "NITCO Limited", "firstTradeDateEpochUtc": "2006-03-21 09:15:00", "timeZoneFullName": "Asia/Kolkata", "timeZoneShortName": "IST", "uuid": "a511b907-51b2-34ea-803d-ce52cfe449ed", "messageBoardId": "finmb_25107111", "gmtOffSetMilliseconds": 19800000, "maxAge": 1}, "incomeStatementHistory": {"incomeStatementHistory": [{"maxAge": 1, "endDate": "2020-03-31", "totalRevenue": 4698486000, "costOfRevenue": 3568126000, "grossProfit": 1130360000, "researchDevelopment": {}, "sellingGeneralAdministrative": 928101000, "nonRecurring": {}, "otherOperatingExpenses": 603624000, "totalOperatingExpenses": 5486276000, "operatingIncome": -787790000, "totalOtherIncomeExpenseNet": 78090000, "ebit": -787790000, "interestExpense": -230125000, "incomeBeforeTax": -709700000, "incomeTaxExpense": 12321000, "minorityInterest": -141583000, "netIncomeFromContinuingOps": -722021000, "discontinuedOperations": {}, "extraordinaryItems": {}, "effectOfAccountingCharges": {}, "otherItems": {}, "netIncome": -474431000, "netIncomeApplicableToCommonShares": -474431000}, {"maxAge": 1, "endDate": "2019-03-31", "totalRevenue": 5961802000, "costOfRevenue": 3667242000, "grossProfit": 2294560000, "researchDevelopment": {}, "sellingGeneralAdministrative": 971669000, "nonRecurring": {}, "otherOperatingExpenses": 1313658000, "totalOperatingExpenses": 6344869000, "operatingIncome": -383067000, "totalOtherIncomeExpenseNet": -230661000, "ebit": -383067000, "interestExpense": -208139000, "incomeBeforeTax": -613728000, "incomeTaxExpense": -13156000, "minorityInterest": 106008000, "netIncomeFromContinuingOps": -600572000, "discontinuedOperations": {}, "extraordinaryItems": {}, "effectOfAccountingCharges": {}, "otherItems": {}, "netIncome": -536552000, "netIncomeApplicableToCommonShares": -536552000}, {"maxAge": 1, "endDate": "2018-03-31", "totalRevenue": 6112571000, "costOfRevenue": 3328618000, "grossProfit": 2783953000, "researchDevelopment": {}, "sellingGeneralAdministrative": 997242000, "nonRecurring": {}, "otherOperatingExpenses": 1730481000, "totalOperatingExpenses": 6861689000, "operatingIncome": -749118000, "totalOtherIncomeExpenseNet": 2367500000, "ebit": -749118000, "interestExpense": -117372000, "incomeBeforeTax": 1618382000, "incomeTaxExpense": -229226000, "minorityInterest": 170028000, "netIncomeFromContinuingOps": 1847608000, "discontinuedOperations": {}, "extraordinaryItems": {}, "effectOfAccountingCharges": {}, "otherItems": {}, "netIncome": 1888907000, "netIncomeApplicableToCommonShares": 1888907000}, {"maxAge": 1, "endDate": "2017-03-31", "totalRevenue": 7171824000, "costOfRevenue": 4214937000, "grossProfit": 2956887000, "researchDevelopment": {}, "sellingGeneralAdministrative": 1011314000, "nonRecurring": {}, "otherOperatingExpenses": 1689461000, "totalOperatingExpenses": 7412400000, "operatingIncome": -240576000, "totalOtherIncomeExpenseNet": -83097000, "ebit": -240576000, "interestExpense": -65798000, "incomeBeforeTax": -323673000, "incomeTaxExpense": 11854000, "minorityInterest": 211327000, "netIncomeFromContinuingOps": -335527000, "discontinuedOperations": {}, "extraordinaryItems": {}, "effectOfAccountingCharges": {}, "otherItems": {}, "netIncome": -333630000, "netIncomeApplicableToCommonShares": -333630000}], "maxAge": 86400}, "fundOwnership": {"maxAge": 1, "ownershipList": []}, "summaryDetail": {"maxAge": 1, "priceHint": 2, "previousClose": 19.1, "open": 19.3, "dayLow": 18.65, "dayHigh": 19.4, "regularMarketPreviousClose": 19.1, "regularMarketOpen": 19.3, "regularMarketDayLow": 18.65, "regularMarketDayHigh": 19.4, "exDividendDate": "2011-09-20 05:30:00", "payoutRatio": 0.0, "beta": 1.873001, "volume": 27295, "regularMarketVolume": 27295, "averageVolume": 54264, "averageVolume10days": 38847, "averageDailyVolume10Day": 38847, "bid": 0.0, "ask": 0.0, "bidSize": 0, "askSize": 0, "marketCap": 1372495744, "fiftyTwoWeekLow": 14.2, "fiftyTwoWeekHigh": 29.3, "priceToSalesTrailing12Months": 0.4699856, "fiftyDayAverage": 19.737143, "twoHundredDayAverage": 21.611538, "currency": "INR", "fromCurrency": null, "toCurrency": null, "lastMarket": null, "algorithm": null, "tradeable": false}, "insiderHolders": {"holders": [{"maxAge": 1, "name": "Aurella Estates & Investments Pvt. Ltd.", "relation": "Promoter", "url": "", "transactionDescription": "Other", "latestTransDate": "2013-12-20", "positionDirect": 25676949, "positionDirectDate": "2013-12-20"}, {"maxAge": 1, "name": "Borkar (B G)", "relation": "UNREPORTED", "url": "", "transactionDescription": "Acquisition", "latestTransDate": "2010-12-17", "positionDirect": 71200, "positionDirectDate": "2010-12-17"}, {"maxAge": 1, "name": "Burman (Gaurav)", "relation": "Director (Non-Executive)", "url": "", "transactionDescription": "Sale", "latestTransDate": "2010-07-21", "positionDirect": 0, "positionDirectDate": "2010-07-21"}, {"maxAge": 1, "name": "Nitco Paints Pvt. Ltd.", "relation": "Promoter", "url": "", "transactionDescription": "Other", "latestTransDate": "2013-12-20", "positionDirect": 1598299, "positionDirectDate": "2013-12-20"}, {"maxAge": 1, "name": "Reliance Capital Trustee Company Ltd A/C Reliance Long Term", "relation": "Investment Management Company", "url": "", "transactionDescription": "Sale", "latestTransDate": "2012-09-24", "positionDirect": 1377000, "positionDirectDate": "2012-09-24"}, {"maxAge": 1, "name": "Talwar (Poonam)", "relation": "UNREPORTED", "url": "", "transactionDescription": "Acquisition", "latestTransDate": "2020-08-17", "positionDirect": 119432, "positionDirectDate": "2020-08-17"}, {"maxAge": 1, "name": "Talwar (Vivek Prannath)", "relation": "Promoter", "url": "", "transactionDescription": "Other", "latestTransDate": "2013-12-20", "positionDirect": 6323669, "positionDirectDate": "2013-12-20"}, {"maxAge": 1, "name": "Tusk Investments Fund II", "relation": "Institution- Corporation", "url": "", "transactionDescription": "Other", "latestTransDate": "2013-12-24", "positionDirect": 1937747, "positionDirectDate": "2013-12-24"}, {"maxAge": 1, "name": "Watco Engineering Company Pvt. Ltd.", "relation": "Promoter", "url": "", "transactionDescription": "Other", "latestTransDate": "2013-12-20", "positionDirect": 1616712, "positionDirectDate": "2013-12-20"}], "maxAge": 1}, "calendarEvents": {"maxAge": 1, "earnings": {"earningsDate": []}, "exDividendDate": "2011-09-20 05:30:00"}, "price": {"maxAge": 1, "regularMarketChangePercent": 0.0026177608, "regularMarketChange": 0.049999237, "regularMarketTime": "2021-04-30 15:29:38", "priceHint": 2, "regularMarketPrice": 19.15, "regularMarketDayHigh": 19.4, "regularMarketDayLow": 18.65, "regularMarketVolume": 27295, "averageDailyVolume10Day": 38847, "averageDailyVolume3Month": 54264, "regularMarketPreviousClose": 19.1, "regularMarketSource": "FREE_REALTIME", "regularMarketOpen": 19.3, "exchange": "NSI", "exchangeName": "NSE", "exchangeDataDelayedBy": 15, "marketState": "CLOSED", "quoteType": "EQUITY", "symbol": "NITCO.NS", "underlyingSymbol": null, "shortName": "NITCO LIMITED", "longName": "NITCO Limited", "currency": "INR", "quoteSourceName": "Delayed Quote", "currencySymbol": "\u20b9", "fromCurrency": null, "toCurrency": null, "lastMarket": null, "marketCap": 1372495744}, "balanceSheetHistory": {"balanceSheetStatements": [{"maxAge": 1, "endDate": "2020-03-31", "cash": 106725000, "shortTermInvestments": 6498000, "netReceivables": 1737975000, "inventory": 2882247000, "otherCurrentAssets": 367039000, "totalCurrentAssets": 5125997000, "longTermInvestments": 15000, "propertyPlantEquipment": 4596647000, "goodWill": 32377000, "intangibleAssets": 967000, "otherAssets": 528214000, "totalAssets": 10284217000, "accountsPayable": 1660275000, "shortLongTermDebt": 1580804000, "otherCurrentLiab": 670620000, "longTermDebt": 5573055000, "otherLiab": 18997000, "minorityInterest": -141583000, "totalCurrentLiabilities": 4193599000, "totalLiab": 9788310000, "commonStock": 718590000, "retainedEarnings": -4640834000, "treasuryStock": 300601000, "capitalSurplus": 4259133000, "otherStockholderEquity": 300601000, "totalStockholderEquity": 637490000, "netTangibleAssets": 604146000}, {"maxAge": 1, "endDate": "2019-03-31", "cash": 159320000, "shortTermInvestments": 463831000, "netReceivables": 2483819000, "inventory": 3655170000, "otherCurrentAssets": 346694000, "totalCurrentAssets": 7131436000, "longTermInvestments": 2515000, "propertyPlantEquipment": 5211310000, "goodWill": 32377000, "intangibleAssets": 1072000, "otherAssets": 696789000, "totalAssets": 13075499000, "accountsPayable": 2070935000, "shortLongTermDebt": 1200606000, "otherCurrentLiab": 808499000, "longTermDebt": 7483726000, "otherLiab": 18312000, "minorityInterest": 106008000, "totalCurrentLiabilities": 4344246000, "totalLiab": 11852286000, "commonStock": 718590000, "retainedEarnings": -4162544000, "treasuryStock": 302026000, "capitalSurplus": 4259133000, "otherStockholderEquity": 302026000, "totalStockholderEquity": 1117205000, "netTangibleAssets": 1083756000}, {"maxAge": 1, "endDate": "2018-03-31", "cash": 180629000, "shortTermInvestments": 506147000, "netReceivables": 2417395000, "inventory": 3845209000, "otherCurrentAssets": 461883000, "totalCurrentAssets": 7432625000, "longTermInvestments": 2515000, "propertyPlantEquipment": 5490325000, "goodWill": 32377000, "intangibleAssets": 984000, "otherAssets": 518196000, "totalAssets": 13477022000, "accountsPayable": 1661232000, "shortLongTermDebt": 433587000, "otherCurrentLiab": 1072957000, "longTermDebt": 8193349000, "otherLiab": 32520000, "minorityInterest": 170028000, "totalCurrentLiabilities": 3423397000, "totalLiab": 11654744000, "commonStock": 718590000, "retainedEarnings": -3629640000, "treasuryStock": 304167000, "capitalSurplus": 4259133000, "otherStockholderEquity": 304167000, "totalStockholderEquity": 1652250000, "netTangibleAssets": 1618889000}, {"maxAge": 1, "endDate": "2017-03-31", "cash": 208002000, "shortTermInvestments": 83575000, "netReceivables": 1893989000, "inventory": 5198526000, "otherCurrentAssets": 579109000, "totalCurrentAssets": 8035504000, "longTermInvestments": 2515000, "propertyPlantEquipment": 6233781000, "goodWill": 32377000, "intangibleAssets": 4242000, "otherAssets": 546277000, "totalAssets": 14854696000, "accountsPayable": 1663521000, "shortLongTermDebt": 7350505000, "otherCurrentLiab": 556110000, "longTermDebt": 4695514000, "otherLiab": 261018000, "minorityInterest": 211327000, "totalCurrentLiabilities": 10971945000, "totalLiab": 15936574000, "commonStock": 546993000, "retainedEarnings": -5516498000, "treasuryStock": 129153000, "capitalSurplus": 3547147000, "otherStockholderEquity": 129153000, "totalStockholderEquity": -1293205000, "netTangibleAssets": -1329824000}], "maxAge": 86400}, "earningsTrend": {"trend": [{"maxAge": 1, "period": "0q", "endDate": null, "growth": {}, "earningsEstimate": {"avg": 0.0, "low": 0.0, "high": 0.0, "yearAgoEps": {}, "numberOfAnalysts": 0, "growth": {}}, "revenueEstimate": {"avg": 0, "low": 0, "high": 0, "numberOfAnalysts": 0, "yearAgoRevenue": {}, "growth": {}}, "epsTrend": {"current": 0.0, "7daysAgo": 0.0, "30daysAgo": 0.0, "60daysAgo": 0.0, "90daysAgo": 0.0}, "epsRevisions": {"upLast7days": 0, "upLast30days": 0, "downLast30days": 0, "downLast90days": {}}}, {"maxAge": 1, "period": "+1q", "endDate": null, "growth": {}, "earningsEstimate": {"avg": 0.0, "low": 0.0, "high": 0.0, "yearAgoEps": {}, "numberOfAnalysts": 0, "growth": {}}, "revenueEstimate": {"avg": 0, "low": 0, "high": 0, "numberOfAnalysts": 0, "yearAgoRevenue": {}, "growth": {}}, "epsTrend": {"current": 0.0, "7daysAgo": 0.0, "30daysAgo": 0.0, "60daysAgo": 0.0, "90daysAgo": 0.0}, "epsRevisions": {"upLast7days": 0, "upLast30days": 0, "downLast30days": 0, "downLast90days": {}}}, {"maxAge": 1, "period": "0y", "endDate": null, "growth": {}, "earningsEstimate": {"avg": 0.0, "low": 0.0, "high": 0.0, "yearAgoEps": {}, "numberOfAnalysts": 0, "growth": {}}, "revenueEstimate": {"avg": 0, "low": 0, "high": 0, "numberOfAnalysts": 0, "yearAgoRevenue": {}, "growth": {}}, "epsTrend": {"current": 0.0, "7daysAgo": 0.0, "30daysAgo": 0.0, "60daysAgo": 0.0, "90daysAgo": 0.0}, "epsRevisions": {"upLast7days": 0, "upLast30days": 0, "downLast30days": 0, "downLast90days": {}}}, {"maxAge": 1, "period": "+1y", "endDate": null, "growth": {}, "earningsEstimate": {"avg": 0.0, "low": 0.0, "high": 0.0, "yearAgoEps": {}, "numberOfAnalysts": 0, "growth": {}}, "revenueEstimate": {"avg": 0, "low": 0, "high": 0, "numberOfAnalysts": 0, "yearAgoRevenue": {}, "growth": {}}, "epsTrend": {"current": 0.0, "7daysAgo": 0.0, "30daysAgo": 0.0, "60daysAgo": 0.0, "90daysAgo": 0.0}, "epsRevisions": {"upLast7days": 0, "upLast30days": 0, "downLast30days": 0, "downLast90days": {}}}, {"maxAge": 1, "period": "+5y", "endDate": null, "growth": {}, "earningsEstimate": {"avg": {}, "low": {}, "high": {}, "yearAgoEps": {}, "numberOfAnalysts": {}, "growth": {}}, "revenueEstimate": {"avg": {}, "low": {}, "high": {}, "numberOfAnalysts": {}, "yearAgoRevenue": {}, "growth": {}}, "epsTrend": {"current": {}, "7daysAgo": {}, "30daysAgo": {}, "60daysAgo": {}, "90daysAgo": {}}, "epsRevisions": {"upLast7days": {}, "upLast30days": {}, "downLast30days": {}, "downLast90days": {}}}, {"maxAge": 1, "period": "-5y", "endDate": null, "growth": {}, "earningsEstimate": {"avg": {}, "low": {}, "high": {}, "yearAgoEps": {}, "numberOfAnalysts": {}, "growth": {}}, "revenueEstimate": {"avg": {}, "low": {}, "high": {}, "numberOfAnalysts": {}, "yearAgoRevenue": {}, "growth": {}}, "epsTrend": {"current": {}, "7daysAgo": {}, "30daysAgo": {}, "60daysAgo": {}, "90daysAgo": {}}, "epsRevisions": {"upLast7days": {}, "upLast30days": {}, "downLast30days": {}, "downLast90days": {}}}], "maxAge": 1}, "institutionOwnership": {"maxAge": 1, "ownershipList": []}, "majorHoldersBreakdown": {"maxAge": 1, "insidersPercentHeld": 0.79208, "institutionsPercentHeld": 0.0, "institutionsFloatPercentHeld": 0.0, "institutionsCount": 0}, "balanceSheetHistoryQuarterly": {"balanceSheetStatements": [{"maxAge": 1, "endDate": "2020-12-31", "totalStockholderEquity": -2026000, "netTangibleAssets": -35226000}, {"maxAge": 1, "endDate": "2020-09-30", "cash": 128733000, "shortTermInvestments": 15623000, "netReceivables": 1236007000, "inventory": 2753601000, "otherCurrentAssets": 795925000, "totalCurrentAssets": 4929889000, "propertyPlantEquipment": 4086735000, "goodWill": 32377000, "intangibleAssets": 823000, "otherAssets": 525051000, "totalAssets": 9574875000, "accountsPayable": 1171570000, "shortLongTermDebt": 2185953000, "otherCurrentLiab": 1040132000, "longTermDebt": 5319073000, "otherLiab": 22763000, "minorityInterest": -162590000, "totalCurrentLiabilities": 4397655000, "totalLiab": 9739491000, "commonStock": 718590000, "treasuryStock": -720616000, "otherStockholderEquity": -720616000, "totalStockholderEquity": -2026000, "netTangibleAssets": -35226000}, {"maxAge": 1, "endDate": "2020-06-30", "totalStockholderEquity": 637490000, "netTangibleAssets": 604146000}, {"maxAge": 1, "endDate": "2020-03-31", "cash": 106725000, "shortTermInvestments": 6498000, "netReceivables": 1737975000, "inventory": 2882247000, "otherCurrentAssets": 367039000, "totalCurrentAssets": 5125997000, "longTermInvestments": 15000, "propertyPlantEquipment": 4596647000, "goodWill": 32377000, "intangibleAssets": 967000, "otherAssets": 528214000, "totalAssets": 10284217000, "accountsPayable": 1660275000, "shortLongTermDebt": 1580804000, "otherCurrentLiab": 670620000, "longTermDebt": 5573055000, "otherLiab": 18997000, "minorityInterest": -141583000, "totalCurrentLiabilities": 4193599000, "totalLiab": 9788310000, "commonStock": 718590000, "retainedEarnings": -4640834000, "treasuryStock": 300601000, "capitalSurplus": 4259133000, "otherStockholderEquity": 300601000, "totalStockholderEquity": 637490000, "netTangibleAssets": 604146000}], "maxAge": 86400}, "earningsHistory": {"history": [{"maxAge": 1, "epsActual": {}, "epsEstimate": {}, "epsDifference": {}, "surprisePercent": {}, "quarter": {}, "period": "-4q"}, {"maxAge": 1, "epsActual": {}, "epsEstimate": {}, "epsDifference": {}, "surprisePercent": {}, "quarter": {}, "period": "-3q"}, {"maxAge": 1, "epsActual": {}, "epsEstimate": {}, "epsDifference": {}, "surprisePercent": {}, "quarter": {}, "period": "-2q"}, {"maxAge": 1, "epsActual": {}, "epsEstimate": {}, "epsDifference": {}, "surprisePercent": {}, "quarter": {}, "period": "-1q"}], "maxAge": 86400}, "summaryProfile": {"address1": "Plot No.3", "address2": "Nitco House Kanjur Village Road Kanjur Marg (East)", "city": "Mumbai", "zip": "400042", "country": "India", "phone": "91 22 6752 1555", "fax": "91 22 6752 1500", "website": "http://www.nitco.in", "industry": "Building Products & Equipment", "sector": "Industrials", "longBusinessSummary": "NITCO Limited, together with its subsidiaries, manufactures and sells floor and wall solutions in India. The company operates through two segments, Tiles and Other Related Products; and Real Estate segments. It offers ceramic wall and floor tiles; polished and glazed vitrified tiles; and vitrified DCH, heavy duty, and SST tiles. The company sells its products through approximately 2,000 sub dealers and 500 direct dealers; and operates 11 display centers under the Le Studio brand name, as well as 95 showrooms as franchisees under the Le Studio Express and Nitco Look names. In addition, NITCO Limited exports its products to Nepal, South Africa, the United Arab Emirates, Belgium, Ireland, Thailand, Bahrain, Uganda, Seychelles, Botswana, Zambia, Maldives, Poland, Qatar, Australia, Bhutan, Kenya, Ethiopia, Singapore, Kuwait, Taiwan, Tanzania, Fiji, Canada, and internationally. Further, the company develops real estate projects. NITCO Limited was founded in 1953 and is headquartered in Mumbai, India.", "fullTimeEmployees": 572, "companyOfficers": [], "maxAge": 86400}, "netSharePurchaseActivity": {"maxAge": 1, "period": "6m", "buyInfoCount": 0, "buyInfoShares": 0, "sellInfoCount": 0, "netInfoCount": 0, "netInfoShares": 0, "netPercentInsiderShares": 0.0, "totalInsiderShares": 55560576}, "insiderTransactions": {"transactions": [{"maxAge": 1, "shares": 11925, "value": 3418, "filerUrl": "", "transactionText": "Acquisition at price 0.29 per share.", "filerName": "Talwar (Poonam)", "filerRelation": "UNREPORTED", "moneyText": "", "startDate": "2020-08-17", "ownership": "D"}, {"maxAge": 1, "shares": 3000, "filerUrl": "", "transactionText": "", "filerName": "Talwar (Poonam)", "filerRelation": "UNREPORTED", "moneyText": "", "startDate": "2019-02-18", "ownership": "D"}, {"maxAge": 1, "shares": 4550, "filerUrl": "", "transactionText": "", "filerName": "Talwar (Poonam)", "filerRelation": "UNREPORTED", "moneyText": "", "startDate": "2019-02-04", "ownership": "D"}, {"maxAge": 1, "shares": 1937747, "filerUrl": "", "transactionText": "", "filerName": "Tusk Investments Fund II", "filerRelation": "Institution- Corporation", "moneyText": "", "startDate": "2013-12-24", "ownership": "D"}, {"maxAge": 1, "shares": 22099206, "filerUrl": "", "transactionText": "", "filerName": "Aurella Estates & Investments Pvt. Ltd.", "filerRelation": "Promoter", "moneyText": "", "startDate": "2013-12-20", "ownership": "D"}, {"maxAge": 1, "shares": 1616712, "filerUrl": "", "transactionText": "", "filerName": "Watco Engineering Company Pvt. Ltd.", "filerRelation": "Promoter", "moneyText": "", "startDate": "2013-12-20", "ownership": "D"}, {"maxAge": 1, "shares": 6323669, "filerUrl": "", "transactionText": "", "filerName": "Talwar (Vivek Prannath)", "filerRelation": "Promoter", "moneyText": "", "startDate": "2013-12-20", "ownership": "D"}, {"maxAge": 1, "shares": 1598299, "filerUrl": "", "transactionText": "", "filerName": "Nitco Paints Pvt. Ltd.", "filerRelation": "Promoter", "moneyText": "", "startDate": "2013-12-20", "ownership": "D"}, {"maxAge": 1, "shares": 671836, "filerUrl": "", "transactionText": "", "filerName": "Reliance Capital Trustee Company Ltd A/C Reliance Long Term", "filerRelation": "Investment Management Company", "moneyText": "", "startDate": "2012-09-24", "ownership": "D"}, {"maxAge": 1, "shares": 31000, "filerUrl": "", "transactionText": "", "filerName": "Reliance Capital Trustee Company Ltd A/C Reliance Long Term", "filerRelation": "Investment Management Company", "moneyText": "", "startDate": "2012-07-06", "ownership": "D"}, {"maxAge": 1, "shares": 50000, "filerUrl": "", "transactionText": "", "filerName": "Borkar (B G)", "filerRelation": "UNREPORTED", "moneyText": "", "startDate": "2010-12-17", "ownership": "D"}, {"maxAge": 1, "shares": 40000, "filerUrl": "", "transactionText": "", "filerName": "Burman (Gaurav)", "filerRelation": "Director (Non-Executive)", "moneyText": "", "startDate": "2010-07-21", "ownership": "D"}], "maxAge": 1}, "sectorTrend": {"maxAge": 1, "symbol": null, "estimates": []}, "incomeStatementHistoryQuarterly": {"incomeStatementHistory": [{"maxAge": 1, "endDate": "2020-12-31", "totalRevenue": 1072339000, "costOfRevenue": 797711000, "grossProfit": 274628000, "researchDevelopment": {}, "sellingGeneralAdministrative": 138870000, "nonRecurring": {}, "otherOperatingExpenses": 156944000, "totalOperatingExpenses": 1166495000, "operatingIncome": -94156000, "totalOtherIncomeExpenseNet": -134745000, "ebit": -94156000, "interestExpense": -134745000, "incomeBeforeTax": -228901000, "incomeTaxExpense": 0, "minorityInterest": {}, "netIncomeFromContinuingOps": -228901000, "discontinuedOperations": -20113000, "extraordinaryItems": {}, "effectOfAccountingCharges": {}, "otherItems": {}, "netIncome": -239195000, "netIncomeApplicableToCommonShares": -239195000}, {"maxAge": 1, "endDate": "2020-09-30", "totalRevenue": 779528000, "costOfRevenue": 594092000, "grossProfit": 185436000, "researchDevelopment": {}, "sellingGeneralAdministrative": 117856000, "nonRecurring": {}, "otherOperatingExpenses": 145402000, "totalOperatingExpenses": 931356000, "operatingIncome": -151828000, "totalOtherIncomeExpenseNet": -129909000, "ebit": -151828000, "interestExpense": -129909000, "incomeBeforeTax": -281737000, "incomeTaxExpense": 0, "minorityInterest": -162590000, "netIncomeFromContinuingOps": -281737000, "discontinuedOperations": -20670000, "extraordinaryItems": {}, "effectOfAccountingCharges": {}, "otherItems": {}, "netIncome": -292133000, "netIncomeApplicableToCommonShares": -292133000}, {"maxAge": 1, "endDate": "2020-06-30", "totalRevenue": 250477000, "costOfRevenue": 206751000, "grossProfit": 43726000, "researchDevelopment": {}, "sellingGeneralAdministrative": 120577000, "nonRecurring": {}, "otherOperatingExpenses": 66917000, "totalOperatingExpenses": 488742000, "operatingIncome": -238265000, "totalOtherIncomeExpenseNet": -126351000, "ebit": -238265000, "interestExpense": -126351000, "incomeBeforeTax": -364616000, "incomeTaxExpense": 0, "minorityInterest": -162590000, "netIncomeFromContinuingOps": -364616000, "discontinuedOperations": -20670000, "extraordinaryItems": {}, "effectOfAccountingCharges": {}, "otherItems": {}, "netIncome": -364616000, "netIncomeApplicableToCommonShares": -364616000}, {"maxAge": 1, "endDate": "2020-03-31", "totalRevenue": 811825000, "costOfRevenue": 546054000, "grossProfit": 265771000, "researchDevelopment": {}, "sellingGeneralAdministrative": 315634000, "nonRecurring": {}, "otherOperatingExpenses": 60808000, "totalOperatingExpenses": 1018052000, "operatingIncome": -206227000, "totalOtherIncomeExpenseNet": 240649000, "ebit": -206227000, "interestExpense": -67566000, "incomeBeforeTax": 34422000, "incomeTaxExpense": 25774000, "minorityInterest": -141583000, "netIncomeFromContinuingOps": 8648000, "discontinuedOperations": -20670000, "extraordinaryItems": {}, "effectOfAccountingCharges": {}, "otherItems": {}, "netIncome": 256238000, "netIncomeApplicableToCommonShares": 256238000}], "maxAge": 86400}, "cashflowStatementHistoryQuarterly": {"cashflowStatements": [{"maxAge": 1, "endDate": "2020-12-31", "netIncome": -239195000, "changeToLiabilities": 0}, {"maxAge": 1, "endDate": "2020-09-30", "netIncome": -292133000, "changeToLiabilities": 0}, {"maxAge": 1, "endDate": "2020-06-30", "netIncome": -364616000, "changeToLiabilities": 0}, {"maxAge": 1, "endDate": "2020-03-31", "netIncome": 256238000, "changeToLiabilities": 0}], "maxAge": 86400}, "earnings": {"maxAge": 86400, "earningsChart": {"quarterly": [], "earningsDate": []}, "financialsChart": {"yearly": [{"date": 2017, "revenue": 7171824000, "earnings": -333630000}, {"date": 2018, "revenue": 6112571000, "earnings": 1888907000}, {"date": 2019, "revenue": 5961802000, "earnings": -536552000}, {"date": 2020, "revenue": 4698486000, "earnings": -474431000}], "quarterly": [{"date": "1Q2020", "revenue": 811825000, "earnings": 256238000}, {"date": "2Q2020", "revenue": 250477000, "earnings": -364616000}, {"date": "3Q2020", "revenue": 779528000, "earnings": -292133000}, {"date": "4Q2020", "revenue": 1072339000, "earnings": -239195000}]}, "financialCurrency": "INR"}, "financialData": {"maxAge": 86400, "currentPrice": 19.15, "targetHighPrice": 40.0, "targetLowPrice": 40.0, "targetMeanPrice": 40.0, "targetMedianPrice": 40.0, "recommendationKey": "none", "numberOfAnalystOpinions": 1, "totalCash": 144356000, "totalCashPerShare": 2.058, "ebitda": -385978240, "totalDebt": 7505026048, "totalRevenue": 2920293120, "revenuePerShare": 40.615, "grossProfits": 1130360000, "revenueGrowth": -0.076, "grossMargins": 0.21619, "ebitdaMargins": -0.13217, "operatingMargins": -0.26299, "profitMargins": -0.23062, "financialCurrency": "INR"}}}