{"NITINFIRE.BO": {"recommendationTrend": {"trend": [{"period": "0m", "strongBuy": 0, "buy": 0, "hold": 0, "sell": 0, "strongSell": 0}, {"period": "-1m", "strongBuy": 0, "buy": 0, "hold": 0, "sell": 0, "strongSell": 0}, {"period": "-2m", "strongBuy": 0, "buy": 0, "hold": 0, "sell": 0, "strongSell": 0}, {"period": "-3m", "strongBuy": 0, "buy": 0, "hold": 0, "sell": 0, "strongSell": 0}], "maxAge": 86400}, "cashflowStatementHistory": {"cashflowStatements": [{"maxAge": 1, "endDate": "2018-03-31", "netIncome": -1672061000, "depreciation": 269271000, "changeToNetincome": 1963406000, "changeToAccountReceivables": -1870816000, "changeToLiabilities": -2130435000, "changeToInventory": 334340000, "changeToOperatingActivities": 1405286000, "totalCashFromOperatingActivities": -1589796000, "capitalExpenditures": -2051225000, "investments": 2050000, "otherCashflowsFromInvestingActivities": 45270000, "totalCashflowsFromInvestingActivities": -2002230000, "netBorrowings": 3790819000, "otherCashflowsFromFinancingActivities": -125838000, "totalCashFromFinancingActivities": 3664981000, "changeInCash": 72956000}, {"maxAge": 1, "endDate": "2017-03-31", "netIncome": -636032000, "depreciation": 183842000, "changeToNetincome": 1664193000, "changeToAccountReceivables": 254390000, "changeToLiabilities": 2254151000, "changeToInventory": -354323000, "changeToOperatingActivities": -990766000, "totalCashFromOperatingActivities": 2438681000, "capitalExpenditures": -589022000, "investments": 51844000, "otherCashflowsFromInvestingActivities": 56480000, "totalCashflowsFromInvestingActivities": -480698000, "dividendsPaid": -90000, "netBorrowings": -1038104000, "otherCashflowsFromFinancingActivities": -998960000, "totalCashFromFinancingActivities": -2037154000, "changeInCash": -79171000}, {"maxAge": 1, "endDate": "2016-03-31", "netIncome": 985345240, "depreciation": 194763975, "changeToNetincome": 497409488, "changeToAccountReceivables": 46973620, "changeToLiabilities": -442241262, "changeToInventory": -225332678, "changeToOperatingActivities": 24445819, "totalCashFromOperatingActivities": 1131251593, "capitalExpenditures": -1719940417, "investments": -15800113, "otherCashflowsFromInvestingActivities": 44938993, "totalCashflowsFromInvestingActivities": -1558510279, "dividendsPaid": -58393711, "netBorrowings": 519466969, "otherCashflowsFromFinancingActivities": -510050281, "totalCashFromFinancingActivities": -48977023, "changeInCash": -476235709}, {"maxAge": 1, "endDate": "2015-03-31", "netIncome": 671146736, "depreciation": 121935783, "changeToNetincome": 434105783, "changeToAccountReceivables": -1465967988, "changeToLiabilities": 706797090, "changeToInventory": -653915960, "changeToOperatingActivities": 9250256, "totalCashFromOperatingActivities": -154130152, "capitalExpenditures": -269590284, "investments": -22250510, "otherCashflowsFromInvestingActivities": 7406603, "totalCashflowsFromInvestingActivities": -283685425, "dividendsPaid": -1510, "netBorrowings": 1109427456, "otherCashflowsFromFinancingActivities": -421171110, "totalCashFromFinancingActivities": 688254836, "changeInCash": 250439259}], "maxAge": 86400}, "institutionOwnership": {"ownershipList": [], "maxAge": 1}, "balanceSheetHistoryQuarterly": {"balanceSheetStatements": [{"maxAge": 1, "endDate": "2017-03-31", "cash": 56987415, "shortTermInvestments": 1636504, "netReceivables": 5342434380, "inventory": 2995505670, "otherCurrentAssets": 1377534026, "totalCurrentAssets": 9826385922, "longTermInvestments": 79563353, "propertyPlantEquipment": 1110578511, "goodWill": 1006919727, "intangibleAssets": 641283385, "otherAssets": 839442474, "totalAssets": 13504173372, "accountsPayable": 3299999980, "shortLongTermDebt": 186696295, "otherCurrentLiab": 27742109, "longTermDebt": 391214813, "otherLiab": 38830437, "deferredLongTermLiab": 301228052, "totalCurrentLiabilities": 7531227589, "totalLiab": 7961272839, "commonStock": 584539244, "retainedEarnings": 4356308243, "treasuryStock": 468158691, "capitalSurplus": 133894355, "otherStockholderEquity": 468158691, "totalStockholderEquity": 5542900533, "netTangibleAssets": 3894697421}, {"maxAge": 1, "endDate": "2016-12-31", "totalStockholderEquity": 6505785000, "netTangibleAssets": 5470586000}, {"maxAge": 1, "endDate": "2016-09-30", "cash": 201763000, "shortTermInvestments": 1744000, "netReceivables": 9465091000, "inventory": 2495051000, "totalCurrentAssets": 12163649000, "longTermInvestments": 343344000, "propertyPlantEquipment": 2225473000, "goodWill": 1035199000, "otherAssets": 311863000, "deferredLongTermAssetCharges": 229000, "totalAssets": 16079528000, "accountsPayable": 4646253000, "otherCurrentLiab": 557312000, "longTermDebt": 489387000, "otherLiab": 37131000, "totalCurrentLiabilities": 9047225000, "totalLiab": 9573743000, "commonStock": 584539000, "treasuryStock": 5921246000, "otherStockholderEquity": 5921246000, "totalStockholderEquity": 6505785000, "netTangibleAssets": 5470586000}, {"maxAge": 1, "endDate": "2016-06-30", "totalStockholderEquity": 5902118801, "netTangibleAssets": 4226738632}], "maxAge": 86400}, "earningsHistory": {"history": [{"maxAge": 1, "epsActual": {}, "epsEstimate": {}, "epsDifference": {}, "surprisePercent": {}, "quarter": {}, "period": "-4q"}, {"maxAge": 1, "epsActual": {}, "epsEstimate": {}, "epsDifference": {}, "surprisePercent": {}, "quarter": {}, "period": "-3q"}, {"maxAge": 1, "epsActual": {}, "epsEstimate": {}, "epsDifference": {}, "surprisePercent": {}, "quarter": {}, "period": "-2q"}, {"maxAge": 1, "epsActual": {}, "epsEstimate": {}, "epsDifference": {}, "surprisePercent": {}, "quarter": {}, "period": "-1q"}], "maxAge": 86400}, "indexTrend": {"maxAge": 1, "symbol": "SP5", "peRatio": 19.7411, "pegRatio": 1.34172, "estimates": [{"period": "0q", "growth": 0.549}, {"period": "+1q", "growth": 0.431}, {"period": "0y", "growth": 0.305}, {"period": "+1y", "growth": 0.109}, {"period": "+5y", "growth": 0.120865}, {"period": "-5y"}]}, "industryTrend": {"maxAge": 1, "symbol": null, "estimates": []}, "insiderTransactions": {"transactions": [{"maxAge": 1, "shares": 18522306, "filerUrl": "", "transactionText": "", "filerName": "Shah (Nitin Mansuklal)", "filerRelation": "Promoter", "moneyText": "", "startDate": "2018-03-20", "ownership": "D"}, {"maxAge": 1, "shares": 71377, "filerUrl": "", "transactionText": "", "filerName": "Sanghavi (Rahul Nitin) HUF", "filerRelation": "Promoter", "moneyText": "", "startDate": "2017-07-21", "ownership": "D"}, {"maxAge": 1, "shares": 15252708, "filerUrl": "", "transactionText": "", "filerName": "Shah (Nitin Mansuklal)", "filerRelation": "Chairman of the Board", "moneyText": "", "startDate": "2015-02-13", "ownership": "D"}, {"maxAge": 1, "shares": 162737, "filerUrl": "", "transactionText": "", "filerName": "Shah (Nitin Mansuklal)", "filerRelation": "Executive Chairman", "moneyText": "", "startDate": "2012-03-29", "ownership": "D"}, {"maxAge": 1, "shares": 500000, "filerUrl": "", "transactionText": "", "filerName": "Shah (Nitin Mansuklal)", "filerRelation": "Executive Chairman", "moneyText": "", "startDate": "2012-03-28", "ownership": "D"}, {"maxAge": 1, "shares": 495697, "filerUrl": "", "transactionText": "", "filerName": "Shah (Nitin Mansuklal)", "filerRelation": "Executive Chairman", "moneyText": "", "startDate": "2012-03-27", "ownership": "D"}, {"maxAge": 1, "shares": 100000, "filerUrl": "", "transactionText": "", "filerName": "Sundaram BNP Paribas Mutual Fund A/C Sundaram BNP Paribas Ca", "filerRelation": "Investment Advisor", "moneyText": "", "startDate": "2010-09-17", "ownership": "D"}], "maxAge": 1}, "quoteType": {"exchange": "BSE", "quoteType": "EQUITY", "symbol": "NITINFIRE.BO", "underlyingSymbol": "NITINFIRE.BO", "shortName": "NITIN FIRE PROTECTION INDUSTRI", "longName": "Nitin Fire Protection Industries Limited", "firstTradeDateEpochUtc": "2007-06-05 09:15:00", "timeZoneFullName": "Asia/Kolkata", "timeZoneShortName": "IST", "uuid": "fd6e9aaa-3b24-3b9b-a164-00f9a4129f61", "gmtOffSetMilliseconds": 19800000, "maxAge": 1}, "incomeStatementHistory": {"incomeStatementHistory": [{"maxAge": 1, "endDate": "2018-03-31", "totalRevenue": 8877607000, "costOfRevenue": 5423913000, "grossProfit": 3453694000, "researchDevelopment": {}, "sellingGeneralAdministrative": 625145000, "nonRecurring": {}, "otherOperatingExpenses": 3142786000, "totalOperatingExpenses": 9572292000, "operatingIncome": -694685000, "totalOtherIncomeExpenseNet": -972129000, "ebit": -694685000, "interestExpense": -675415000, "incomeBeforeTax": -1666814000, "incomeTaxExpense": 5247000, "minorityInterest": {}, "netIncomeFromContinuingOps": -1672061000, "discontinuedOperations": {}, "extraordinaryItems": {}, "effectOfAccountingCharges": {}, "otherItems": {}, "netIncome": -1672061000, "netIncomeApplicableToCommonShares": -1672061000}, {"maxAge": 1, "endDate": "2017-03-31", "totalRevenue": 13267993000, "costOfRevenue": 9194479000, "grossProfit": 4073514000, "researchDevelopment": {}, "sellingGeneralAdministrative": 593809000, "nonRecurring": {}, "otherOperatingExpenses": 2955351000, "totalOperatingExpenses": 12990671000, "operatingIncome": 277322000, "totalOtherIncomeExpenseNet": -917032000, "ebit": 277322000, "interestExpense": -491079000, "incomeBeforeTax": -639710000, "incomeTaxExpense": -3678000, "minorityInterest": {}, "netIncomeFromContinuingOps": -636032000, "discontinuedOperations": {}, "extraordinaryItems": {}, "effectOfAccountingCharges": {}, "otherItems": {}, "netIncome": -636032000, "netIncomeApplicableToCommonShares": -636032000}, {"maxAge": 1, "endDate": "2016-03-31", "totalRevenue": 14797849761, "costOfRevenue": 10808548116, "grossProfit": 3989301645, "researchDevelopment": {}, "sellingGeneralAdministrative": 525956830, "nonRecurring": {}, "otherOperatingExpenses": 1820152940, "totalOperatingExpenses": 13399273132, "operatingIncome": 1398576629, "totalOtherIncomeExpenseNet": -387866569, "ebit": 1398576629, "interestExpense": -451247882, "incomeBeforeTax": 1010710060, "incomeTaxExpense": 25364820, "minorityInterest": {}, "netIncomeFromContinuingOps": 985345240, "discontinuedOperations": {}, "extraordinaryItems": {}, "effectOfAccountingCharges": {}, "otherItems": {}, "netIncome": 985345240, "netIncomeApplicableToCommonShares": 985345240}, {"maxAge": 1, "endDate": "2015-03-31", "totalRevenue": 11467491160, "costOfRevenue": 9372588007, "grossProfit": 2094903153, "researchDevelopment": {}, "sellingGeneralAdministrative": 405760078, "nonRecurring": {}, "otherOperatingExpenses": 467975294, "totalOperatingExpenses": 10390741191, "operatingIncome": 1076749969, "totalOtherIncomeExpenseNet": -366793394, "ebit": 1076749969, "interestExpense": -413659653, "incomeBeforeTax": 709956575, "incomeTaxExpense": 38809839, "minorityInterest": {}, "netIncomeFromContinuingOps": 671146736, "discontinuedOperations": {}, "extraordinaryItems": {}, "effectOfAccountingCharges": {}, "otherItems": {}, "netIncome": 671146736, "netIncomeApplicableToCommonShares": 671146736}], "maxAge": 86400}, "fundOwnership": {"ownershipList": [], "maxAge": 1}, "summaryDetail": {"maxAge": 1, "priceHint": 4, "previousClose": 0.62, "open": 0.6, "dayLow": 0.59, "dayHigh": 0.62, "regularMarketPreviousClose": 0.62, "regularMarketOpen": 0.6, "regularMarketDayLow": 0.59, "regularMarketDayHigh": 0.62, "forwardPE": 0.07692308, "volume": 14558, "regularMarketVolume": 14558, "averageVolume": 58501, "averageVolume10days": 33402, "averageDailyVolume10Day": 33402, "bid": 0.59, "ask": 0.6, "bidSize": 0, "askSize": 0, "marketCap": 175362016, "fiftyTwoWeekLow": 0.32, "fiftyTwoWeekHigh": 0.86, "fiftyDayAverage": 0.7145454, "twoHundredDayAverage": 0.6243382, "trailingAnnualDividendRate": 0.2, "trailingAnnualDividendYield": 0.32258064, "currency": "INR", "fromCurrency": null, "lastMarket": null, "algorithm": null, "tradeable": false}, "sectorTrend": {"maxAge": 1, "symbol": null, "estimates": []}, "incomeStatementHistoryQuarterly": {"incomeStatementHistory": [{"maxAge": 1, "endDate": "2017-03-31", "totalRevenue": 33839146, "costOfRevenue": -1686289942, "grossProfit": 1720129088, "researchDevelopment": {}, "sellingGeneralAdministrative": 115999783, "nonRecurring": {}, "otherOperatingExpenses": 2282553961, "totalOperatingExpenses": 674447538, "operatingIncome": -640608392, "totalOtherIncomeExpenseNet": -484955448, "ebit": -640608392, "interestExpense": -26640905, "incomeBeforeTax": -1125563840, "incomeTaxExpense": -7878524, "minorityInterest": {}, "netIncomeFromContinuingOps": -1117685316, "discontinuedOperations": {}, "extraordinaryItems": {}, "effectOfAccountingCharges": {}, "otherItems": {}, "netIncome": -1117685316, "netIncomeApplicableToCommonShares": -1117685316}, {"maxAge": 1, "endDate": "2016-12-31", "totalRevenue": 3404044000, "costOfRevenue": 2664241000, "grossProfit": 739803000, "researchDevelopment": {}, "sellingGeneralAdministrative": 153684000, "nonRecurring": {}, "otherOperatingExpenses": 119706000, "totalOperatingExpenses": 3036374000, "operatingIncome": 367670000, "totalOtherIncomeExpenseNet": -166916000, "ebit": 367670000, "interestExpense": -126425000, "incomeBeforeTax": 200754000, "incomeTaxExpense": -10752000, "minorityInterest": {}, "netIncomeFromContinuingOps": 211506000, "discontinuedOperations": {}, "extraordinaryItems": {}, "effectOfAccountingCharges": {}, "otherItems": {}, "netIncome": 211506000, "netIncomeApplicableToCommonShares": 211506000}, {"maxAge": 1, "endDate": "2016-09-30", "totalRevenue": 6328688000, "costOfRevenue": 5428429000, "grossProfit": 900259000, "researchDevelopment": {}, "sellingGeneralAdministrative": 168924000, "nonRecurring": {}, "otherOperatingExpenses": 106308000, "totalOperatingExpenses": 5797639000, "operatingIncome": 531049000, "totalOtherIncomeExpenseNet": -168974000, "ebit": 531049000, "interestExpense": -190281000, "incomeBeforeTax": 362075000, "incomeTaxExpense": 12730000, "minorityInterest": {}, "netIncomeFromContinuingOps": 349345000, "discontinuedOperations": {}, "extraordinaryItems": {}, "effectOfAccountingCharges": {}, "otherItems": {}, "netIncome": 349345000, "netIncomeApplicableToCommonShares": 349345000}, {"maxAge": 1, "endDate": "2016-06-30", "totalRevenue": 3501422000, "costOfRevenue": 2345647000, "grossProfit": 1155775000, "researchDevelopment": {}, "sellingGeneralAdministrative": 156955000, "nonRecurring": {}, "otherOperatingExpenses": 530319000, "totalOperatingExpenses": 3125048000, "operatingIncome": 376374000, "totalOtherIncomeExpenseNet": -96683000, "ebit": 376374000, "interestExpense": -147734000, "incomeBeforeTax": 279691000, "incomeTaxExpense": -2222000, "minorityInterest": {}, "netIncomeFromContinuingOps": 281913000, "discontinuedOperations": {}, "extraordinaryItems": {}, "effectOfAccountingCharges": {}, "otherItems": {}, "netIncome": 281913000, "netIncomeApplicableToCommonShares": 281913000}], "maxAge": 86400}, "cashflowStatementHistoryQuarterly": {"cashflowStatements": [{"maxAge": 1, "endDate": "2017-03-31", "netIncome": -1117685316, "changeToLiabilities": 0}, {"maxAge": 1, "endDate": "2016-12-31", "netIncome": 211506000, "changeToLiabilities": 0}, {"maxAge": 1, "endDate": "2016-09-30", "netIncome": 349345000, "changeToLiabilities": 0}, {"maxAge": 1, "endDate": "2016-06-30", "netIncome": 281913000, "changeToLiabilities": 0}], "maxAge": 86400}, "insiderHolders": {"holders": [{"maxAge": 1, "name": "Sanghavi (Rahul Nitin) HUF", "relation": "Promoter", "url": "", "transactionDescription": "Sale", "latestTransDate": "2017-07-21", "positionDirect": 651748, "positionDirectDate": "2017-07-21"}, {"maxAge": 1, "name": "Shah (Nitin Mansuklal)", "relation": "Promoter", "url": "", "transactionDescription": "Sale", "latestTransDate": "2018-03-20", "positionDirect": 40734458, "positionDirectDate": "2018-03-20"}, {"maxAge": 1, "name": "Sundaram BNP Paribas Mutual Fund A/C Sundaram BNP Paribas Ca", "relation": "Investment Advisor", "url": "", "transactionDescription": "Sale", "latestTransDate": "2010-09-17", "positionDirect": 490038, "positionDirectDate": "2010-09-17"}], "maxAge": 1}, "earnings": {"maxAge": 86400, "earningsChart": {"quarterly": [], "earningsDate": []}, "financialsChart": {"yearly": [{"date": 2015, "revenue": 11467491160, "earnings": 671146736}, {"date": 2016, "revenue": 14797849761, "earnings": 985345240}, {"date": 2017, "revenue": 13267993000, "earnings": -636032000}, {"date": 2018, "revenue": 8877607000, "earnings": -1672061000}], "quarterly": [{"date": "2Q2016", "revenue": 3501422000, "earnings": 281913000}, {"date": "3Q2016", "revenue": 6328688000, "earnings": 349345000}, {"date": "4Q2016", "revenue": 3404044000, "earnings": 211506000}, {"date": "1Q2017", "revenue": 33839146, "earnings": -1117685316}]}, "financialCurrency": "INR"}, "calendarEvents": {"maxAge": 1, "earnings": {"earningsDate": []}}, "upgradeDowngradeHistory": {"history": [], "maxAge": 86400}, "price": {"maxAge": 1, "regularMarketChangePercent": -0.032258034, "regularMarketChange": -0.01999998, "regularMarketTime": "2021-04-30 15:07:27", "priceHint": 4, "regularMarketPrice": 0.6, "regularMarketDayHigh": 0.62, "regularMarketDayLow": 0.59, "regularMarketVolume": 14558, "averageDailyVolume10Day": 33402, "averageDailyVolume3Month": 58501, "regularMarketPreviousClose": 0.62, "regularMarketSource": "FREE_REALTIME", "regularMarketOpen": 0.6, "exchange": "BSE", "exchangeName": "BSE", "exchangeDataDelayedBy": 0, "marketState": "CLOSED", "quoteType": "EQUITY", "symbol": "NITINFIRE.BO", "underlyingSymbol": null, "shortName": "NITIN FIRE PROTECTION INDUSTRI", "longName": "Nitin Fire Protection Industries Limited", "currency": "INR", "quoteSourceName": "Delayed Quote", "currencySymbol": "\u20b9", "fromCurrency": null, "lastMarket": null, "marketCap": 175362016}, "balanceSheetHistory": {"balanceSheetStatements": [{"maxAge": 1, "endDate": "2018-03-31", "cash": 93434000, "netReceivables": 5419162000, "inventory": 2261160000, "otherCurrentAssets": 954645000, "totalCurrentAssets": 8769152000, "longTermInvestments": 116426000, "propertyPlantEquipment": 2412516000, "goodWill": 1006920000, "intangibleAssets": 969817000, "otherAssets": 721031000, "totalAssets": 13995862000, "accountsPayable": 1154275000, "shortLongTermDebt": 150571000, "otherCurrentLiab": 594568000, "longTermDebt": 247226000, "otherLiab": 83073000, "deferredLongTermLiab": 313882000, "totalCurrentLiabilities": 10223176000, "totalLiab": 10553475000, "commonStock": 584539000, "retainedEarnings": 2205001000, "treasuryStock": 518953000, "capitalSurplus": 133894000, "otherStockholderEquity": 518953000, "totalStockholderEquity": 3442387000, "netTangibleAssets": 1465650000}, {"maxAge": 1, "endDate": "2017-03-31", "cash": 20478000, "netReceivables": 4855750000, "inventory": 2595500000, "otherCurrentAssets": 1819118000, "totalCurrentAssets": 9343134000, "longTermInvestments": 79604000, "propertyPlantEquipment": 1110678000, "goodWill": 1006920000, "intangibleAssets": 641183000, "otherAssets": 835909000, "totalAssets": 13017428000, "accountsPayable": 3300000000, "shortLongTermDebt": 186697000, "otherCurrentLiab": 19920000, "longTermDebt": 391215000, "otherLiab": 38830000, "deferredLongTermLiab": 300558000, "totalCurrentLiabilities": 7527694000, "totalLiab": 7957739000, "commonStock": 584539000, "retainedEarnings": 3873097000, "treasuryStock": 468159000, "capitalSurplus": 133894000, "otherStockholderEquity": 468159000, "totalStockholderEquity": 5059689000, "netTangibleAssets": 3411586000}, {"maxAge": 1, "endDate": "2016-03-31", "cash": 157736624, "shortTermInvestments": 15800113, "netReceivables": 5145488464, "inventory": 2641183095, "otherCurrentAssets": 245377868, "totalCurrentAssets": 8270646284, "longTermInvestments": 380815347, "propertyPlantEquipment": 1058513251, "goodWill": 1030125659, "intangibleAssets": 645254510, "otherAssets": 1451305487, "totalAssets": 12836660538, "accountsPayable": 1051069817, "shortLongTermDebt": 151925309, "otherCurrentLiab": 90329964, "longTermDebt": 598074842, "otherLiab": 35020155, "deferredLongTermLiab": 181199316, "totalCurrentLiabilities": 6301446740, "totalLiab": 6934541737, "commonStock": 584539244, "retainedEarnings": 4635671558, "treasuryStock": 548013644, "capitalSurplus": 133894355, "otherStockholderEquity": 548013644, "totalStockholderEquity": 5902118801, "netTangibleAssets": 4226738632}, {"maxAge": 1, "endDate": "2015-03-31", "cash": 610874409, "netReceivables": 5112323196, "inventory": 2428350417, "otherCurrentAssets": 282721167, "totalCurrentAssets": 8511870145, "longTermInvestments": 381300483, "propertyPlantEquipment": 667617961, "goodWill": 710777577, "intangibleAssets": 537545007, "otherAssets": 451031017, "deferredLongTermAssetCharges": 480452, "totalAssets": 11260142190, "accountsPayable": 1562736518, "shortLongTermDebt": 68317215, "otherCurrentLiab": 107809400, "longTermDebt": 288428002, "otherLiab": 24003091, "totalCurrentLiabilities": 6573408659, "totalLiab": 6885839752, "commonStock": 584539244, "retainedEarnings": 3650326318, "treasuryStock": 5542521, "capitalSurplus": 133894355, "otherStockholderEquity": 5542521, "totalStockholderEquity": 4374302438, "netTangibleAssets": 3125979854}], "maxAge": 86400}, "earningsTrend": {"trend": [{"maxAge": 1, "period": "0q", "endDate": null, "growth": {}, "earningsEstimate": {"avg": 0.0, "low": 0.0, "high": 0.0, "yearAgoEps": {}, "numberOfAnalysts": 0, "growth": {}}, "revenueEstimate": {"avg": 0, "low": 0, "high": 0, "numberOfAnalysts": 0, "yearAgoRevenue": {}, "growth": {}}, "epsTrend": {"current": 0.0, "7daysAgo": 0.0, "30daysAgo": 0.0, "60daysAgo": 0.0, "90daysAgo": 0.0}, "epsRevisions": {"upLast7days": 0, "upLast30days": 0, "downLast30days": 0, "downLast90days": {}}}, {"maxAge": 1, "period": "+1q", "endDate": null, "growth": {}, "earningsEstimate": {"avg": 0.0, "low": 0.0, "high": 0.0, "yearAgoEps": {}, "numberOfAnalysts": 0, "growth": {}}, "revenueEstimate": {"avg": 0, "low": 0, "high": 0, "numberOfAnalysts": 0, "yearAgoRevenue": {}, "growth": {}}, "epsTrend": {"current": 0.0, "7daysAgo": 0.0, "30daysAgo": 0.0, "60daysAgo": 0.0, "90daysAgo": 0.0}, "epsRevisions": {"upLast7days": 0, "upLast30days": 0, "downLast30days": 0, "downLast90days": {}}}, {"maxAge": 1, "period": "0y", "endDate": null, "growth": {}, "earningsEstimate": {"avg": 0.0, "low": 0.0, "high": 0.0, "yearAgoEps": {}, "numberOfAnalysts": 0, "growth": {}}, "revenueEstimate": {"avg": 0, "low": 0, "high": 0, "numberOfAnalysts": 0, "yearAgoRevenue": {}, "growth": {}}, "epsTrend": {"current": 0.0, "7daysAgo": 0.0, "30daysAgo": 0.0, "60daysAgo": 0.0, "90daysAgo": 0.0}, "epsRevisions": {"upLast7days": 0, "upLast30days": 0, "downLast30days": 0, "downLast90days": {}}}, {"maxAge": 1, "period": "+1y", "endDate": null, "growth": {}, "earningsEstimate": {"avg": 0.0, "low": 0.0, "high": 0.0, "yearAgoEps": {}, "numberOfAnalysts": 0, "growth": {}}, "revenueEstimate": {"avg": 0, "low": 0, "high": 0, "numberOfAnalysts": 0, "yearAgoRevenue": {}, "growth": {}}, "epsTrend": {"current": 0.0, "7daysAgo": 0.0, "30daysAgo": 0.0, "60daysAgo": 0.0, "90daysAgo": 0.0}, "epsRevisions": {"upLast7days": 0, "upLast30days": 0, "downLast30days": 0, "downLast90days": {}}}, {"maxAge": 1, "period": "+5y", "endDate": null, "growth": {}, "earningsEstimate": {"avg": {}, "low": {}, "high": {}, "yearAgoEps": {}, "numberOfAnalysts": {}, "growth": {}}, "revenueEstimate": {"avg": {}, "low": {}, "high": {}, "numberOfAnalysts": {}, "yearAgoRevenue": {}, "growth": {}}, "epsTrend": {"current": {}, "7daysAgo": {}, "30daysAgo": {}, "60daysAgo": {}, "90daysAgo": {}}, "epsRevisions": {"upLast7days": {}, "upLast30days": {}, "downLast30days": {}, "downLast90days": {}}}, {"maxAge": 1, "period": "-5y", "endDate": null, "growth": 0.15401, "earningsEstimate": {"avg": {}, "low": {}, "high": {}, "yearAgoEps": {}, "numberOfAnalysts": {}, "growth": {}}, "revenueEstimate": {"avg": {}, "low": {}, "high": {}, "numberOfAnalysts": {}, "yearAgoRevenue": {}, "growth": {}}, "epsTrend": {"current": {}, "7daysAgo": {}, "30daysAgo": {}, "60daysAgo": {}, "90daysAgo": {}}, "epsRevisions": {"upLast7days": {}, "upLast30days": {}, "downLast30days": {}, "downLast90days": {}}}], "maxAge": 1}, "financialData": {"maxAge": 86400, "currentPrice": 0.6, "targetHighPrice": 70.0, "targetLowPrice": 70.0, "targetMeanPrice": 70.0, "targetMedianPrice": 70.0, "recommendationMean": 2.0, "recommendationKey": "buy", "numberOfAnalystOpinions": 1, "grossProfits": 3453694000, "financialCurrency": "INR"}}}