{"NITTAGELA.BO": {"recommendationTrend": {"trend": [{"period": "0m", "strongBuy": 0, "buy": 0, "hold": 0, "sell": 0, "strongSell": 0}, {"period": "-1m", "strongBuy": 0, "buy": 0, "hold": 0, "sell": 0, "strongSell": 0}, {"period": "-2m", "strongBuy": 0, "buy": 0, "hold": 0, "sell": 0, "strongSell": 0}, {"period": "-3m", "strongBuy": 0, "buy": 0, "hold": 0, "sell": 0, "strongSell": 0}], "maxAge": 86400}, "cashflowStatementHistory": {"cashflowStatements": [{"maxAge": 1, "endDate": "2020-03-31", "netIncome": 112416000, "depreciation": 154746000, "changeToNetincome": 71560000, "changeToAccountReceivables": 193890000, "changeToLiabilities": 84385000, "changeToInventory": -213118000, "changeToOperatingActivities": -4399000, "totalCashFromOperatingActivities": 401040000, "capitalExpenditures": -100493000, "investments": -2971000, "otherCashflowsFromInvestingActivities": 1768000, "totalCashflowsFromInvestingActivities": -100868000, "dividendsPaid": -18194000, "netBorrowings": -232923000, "otherCashflowsFromFinancingActivities": -80422000, "totalCashFromFinancingActivities": -331539000, "changeInCash": -31367000}, {"maxAge": 1, "endDate": "2019-03-31", "netIncome": 34711000, "depreciation": 147861000, "changeToNetincome": 59306000, "changeToAccountReceivables": -55872000, "changeToLiabilities": 19872000, "changeToInventory": 28300000, "changeToOperatingActivities": -13473000, "totalCashFromOperatingActivities": 222944000, "capitalExpenditures": -174708000, "investments": 27556000, "otherCashflowsFromInvestingActivities": 3947000, "totalCashflowsFromInvestingActivities": -139493000, "dividendsPaid": -22643000, "netBorrowings": 37137000, "otherCashflowsFromFinancingActivities": -84744000, "totalCashFromFinancingActivities": -70250000, "changeInCash": 13201000}, {"maxAge": 1, "endDate": "2018-03-31", "netIncome": 44546172, "depreciation": 148351550, "changeToNetincome": 28502245, "changeToAccountReceivables": -65797306, "changeToLiabilities": 99324672, "changeToInventory": 10756181, "changeToOperatingActivities": 1176174, "totalCashFromOperatingActivities": 268828571, "capitalExpenditures": -154163193, "investments": 73259078, "otherCashflowsFromInvestingActivities": 5259515, "totalCashflowsFromInvestingActivities": -74355927, "dividendsPaid": -31320113, "netBorrowings": -99879765, "otherCashflowsFromFinancingActivities": -68182004, "totalCashFromFinancingActivities": -199381882, "changeInCash": -4909238}, {"maxAge": 1, "endDate": "2017-03-31", "netIncome": 141653260, "depreciation": 135616388, "changeToNetincome": 91418561, "changeToAccountReceivables": -172094919, "changeToLiabilities": 48727045, "changeToInventory": -124054580, "changeToOperatingActivities": -8038540, "totalCashFromOperatingActivities": 114755106, "capitalExpenditures": -190544372, "investments": 144860260, "otherCashflowsFromInvestingActivities": 8807693, "totalCashflowsFromInvestingActivities": -34328641, "dividendsPaid": -30549419, "netBorrowings": 44344659, "otherCashflowsFromFinancingActivities": -67771460, "totalCashFromFinancingActivities": -53976220, "changeInCash": 26450245}], "maxAge": 86400}, "institutionOwnership": {"maxAge": 1, "ownershipList": []}, "balanceSheetHistoryQuarterly": {"balanceSheetStatements": [{"maxAge": 1, "endDate": "2020-06-30", "totalStockholderEquity": 1533446000, "netTangibleAssets": 1529897000}, {"maxAge": 1, "endDate": "2020-03-31", "cash": 13650000, "shortTermInvestments": 3310000, "netReceivables": 369815000, "inventory": 912645000, "otherCurrentAssets": 40596000, "totalCurrentAssets": 1351878000, "longTermInvestments": 17833000, "propertyPlantEquipment": 1244152000, "intangibleAssets": 3549000, "otherAssets": 339971000, "totalAssets": 2957383000, "accountsPayable": 216781000, "shortLongTermDebt": 72850000, "otherCurrentLiab": 253007000, "longTermDebt": 286892000, "otherLiab": 36656000, "minorityInterest": 30128000, "totalCurrentLiabilities": 1070261000, "totalLiab": 1393809000, "commonStock": 90792000, "retainedEarnings": 834588000, "treasuryStock": 318476000, "capitalSurplus": 289590000, "otherStockholderEquity": 318476000, "totalStockholderEquity": 1533446000, "netTangibleAssets": 1529897000}, {"maxAge": 1, "endDate": "2019-12-31", "totalStockholderEquity": 1557400000, "netTangibleAssets": 1553100000}, {"maxAge": 1, "endDate": "2019-09-30", "cash": 50700000, "shortTermInvestments": 23700000, "netReceivables": 551300000, "inventory": 708800000, "otherCurrentAssets": 53300000, "totalCurrentAssets": 1387800000, "longTermInvestments": 53300000, "propertyPlantEquipment": 1316500000, "intangibleAssets": 4300000, "otherAssets": 288000000, "deferredLongTermAssetCharges": 1900000, "totalAssets": 3049900000, "accountsPayable": 204900000, "otherCurrentLiab": 315700000, "longTermDebt": 311800000, "otherLiab": 60200000, "minorityInterest": 26300000, "totalCurrentLiabilities": 1094200000, "totalLiab": 1466200000, "commonStock": 90800000, "treasuryStock": 1466600000, "otherStockholderEquity": 1466600000, "totalStockholderEquity": 1557400000, "netTangibleAssets": 1553100000}], "maxAge": 86400}, "earningsHistory": {"history": [{"maxAge": 1, "epsActual": {}, "epsEstimate": {}, "epsDifference": {}, "surprisePercent": {}, "quarter": {}, "period": "-4q"}, {"maxAge": 1, "epsActual": {}, "epsEstimate": {}, "epsDifference": {}, "surprisePercent": {}, "quarter": {}, "period": "-3q"}, {"maxAge": 1, "epsActual": {}, "epsEstimate": {}, "epsDifference": {}, "surprisePercent": {}, "quarter": {}, "period": "-2q"}, {"maxAge": 1, "epsActual": 5.5, "epsEstimate": 10.29, "epsDifference": -4.79, "surprisePercent": -0.466, "quarter": "2016-12-31", "period": "-1q"}], "maxAge": 86400}, "indexTrend": {"maxAge": 1, "symbol": "SP5", "peRatio": 19.7411, "pegRatio": 1.34172, "estimates": [{"period": "0q", "growth": 0.549}, {"period": "+1q", "growth": 0.431}, {"period": "0y", "growth": 0.305}, {"period": "+1y", "growth": 0.109}, {"period": "+5y", "growth": 0.120859005}, {"period": "-5y"}]}, "industryTrend": {"maxAge": 1, "symbol": null, "estimates": []}, "quoteType": {"exchange": "BSE", "quoteType": "EQUITY", "symbol": "NITTAGELA.BO", "underlyingSymbol": "NITTAGELA.BO", "shortName": "NITTA GELATIN INDIA LTD.", "longName": "Nitta Gelatin India Limited", "firstTradeDateEpochUtc": "2000-06-28 09:15:00", "timeZoneFullName": "Asia/Kolkata", "timeZoneShortName": "IST", "uuid": "b08045b5-0162-33ec-a78b-b50c0106faec", "messageBoardId": null, "gmtOffSetMilliseconds": 19800000, "maxAge": 1}, "incomeStatementHistory": {"incomeStatementHistory": [{"maxAge": 1, "endDate": "2020-03-31", "totalRevenue": 3421686000, "costOfRevenue": 1787028000, "grossProfit": 1634658000, "researchDevelopment": {}, "sellingGeneralAdministrative": 403074000, "nonRecurring": {}, "otherOperatingExpenses": 847573000, "totalOperatingExpenses": 3193981000, "operatingIncome": 227705000, "totalOtherIncomeExpenseNet": -93574000, "ebit": 227705000, "interestExpense": -52646000, "incomeBeforeTax": 134131000, "incomeTaxExpense": 10634000, "minorityInterest": 30128000, "netIncomeFromContinuingOps": 123497000, "discontinuedOperations": {}, "extraordinaryItems": {}, "effectOfAccountingCharges": {}, "otherItems": {}, "netIncome": 112416000, "netIncomeApplicableToCommonShares": 112416000}, {"maxAge": 1, "endDate": "2019-03-31", "totalRevenue": 3030334000, "costOfRevenue": 1481692000, "grossProfit": 1548642000, "researchDevelopment": {}, "sellingGeneralAdministrative": 380980000, "nonRecurring": {}, "otherOperatingExpenses": 851168000, "totalOperatingExpenses": 2863940000, "operatingIncome": 166394000, "totalOtherIncomeExpenseNet": -93098000, "ebit": 166394000, "interestExpense": -55658000, "incomeBeforeTax": 73296000, "incomeTaxExpense": 24074000, "minorityInterest": 26110000, "netIncomeFromContinuingOps": 49222000, "discontinuedOperations": {}, "extraordinaryItems": {}, "effectOfAccountingCharges": {}, "otherItems": {}, "netIncome": 34711000, "netIncomeApplicableToCommonShares": 34711000}, {"maxAge": 1, "endDate": "2018-03-31", "totalRevenue": 3401628048, "costOfRevenue": 1884955829, "grossProfit": 1516672219, "researchDevelopment": {}, "sellingGeneralAdministrative": 377537099, "nonRecurring": {}, "otherOperatingExpenses": 840604045, "totalOperatingExpenses": 3253417406, "operatingIncome": 148210642, "totalOtherIncomeExpenseNet": -29382093, "ebit": 148210642, "interestExpense": -52499241, "incomeBeforeTax": 118828549, "incomeTaxExpense": 72826120, "minorityInterest": 11272206, "netIncomeFromContinuingOps": 46002429, "discontinuedOperations": {}, "extraordinaryItems": {}, "effectOfAccountingCharges": {}, "otherItems": {}, "netIncome": 44546172, "netIncomeApplicableToCommonShares": 44546172}, {"maxAge": 1, "endDate": "2017-03-31", "totalRevenue": 3440781560, "costOfRevenue": 1882990365, "grossProfit": 1557791195, "researchDevelopment": {}, "sellingGeneralAdministrative": 338150487, "nonRecurring": {}, "otherOperatingExpenses": 854321740, "totalOperatingExpenses": 3212606871, "operatingIncome": 228174689, "totalOtherIncomeExpenseNet": 11586472, "ebit": 228174689, "interestExpense": -56076350, "incomeBeforeTax": 239761161, "incomeTaxExpense": 117398408, "minorityInterest": 28693694, "netIncomeFromContinuingOps": 122362753, "discontinuedOperations": {}, "extraordinaryItems": {}, "effectOfAccountingCharges": {}, "otherItems": {}, "netIncome": 141653260, "netIncomeApplicableToCommonShares": 141653260}], "maxAge": 86400}, "fundOwnership": {"maxAge": 1, "ownershipList": []}, "summaryDetail": {"maxAge": 1, "priceHint": 2, "previousClose": 168.25, "open": 168.95, "dayLow": 168.95, "dayHigh": 179.0, "regularMarketPreviousClose": 168.25, "regularMarketOpen": 168.95, "regularMarketDayLow": 168.95, "regularMarketDayHigh": 179.0, "trailingPE": 13.689068, "forwardPE": 5.089443, "volume": 24587, "regularMarketVolume": 24587, "averageVolume": 6271, "averageVolume10days": 4492, "averageDailyVolume10Day": 4492, "bid": 172.35, "ask": 174.0, "bidSize": 0, "askSize": 0, "marketCap": 1575688192, "fiftyTwoWeekLow": 72.3, "fiftyTwoWeekHigh": 195.0, "fiftyDayAverage": 172.77142, "twoHundredDayAverage": 165.36789, "trailingAnnualDividendRate": 2.5, "trailingAnnualDividendYield": 0.014858841, "currency": "INR", "fromCurrency": null, "toCurrency": null, "lastMarket": null, "algorithm": null, "tradeable": false}, "sectorTrend": {"maxAge": 1, "symbol": null, "estimates": []}, "incomeStatementHistoryQuarterly": {"incomeStatementHistory": [{"maxAge": 1, "endDate": "2020-06-30", "totalRevenue": 941298000, "costOfRevenue": 515244000, "grossProfit": 426054000, "researchDevelopment": {}, "sellingGeneralAdministrative": 98333000, "nonRecurring": {}, "otherOperatingExpenses": 236828000, "totalOperatingExpenses": 888106000, "operatingIncome": 53192000, "totalOtherIncomeExpenseNet": -14608000, "ebit": 53192000, "interestExpense": -15816000, "incomeBeforeTax": 38584000, "incomeTaxExpense": 10563000, "minorityInterest": {}, "netIncomeFromContinuingOps": 28021000, "discontinuedOperations": {}, "extraordinaryItems": {}, "effectOfAccountingCharges": {}, "otherItems": {}, "netIncome": 27090000, "netIncomeApplicableToCommonShares": 27090000}, {"maxAge": 1, "endDate": "2020-03-31", "totalRevenue": 756786000, "costOfRevenue": 523728000, "grossProfit": 233058000, "researchDevelopment": {}, "sellingGeneralAdministrative": 95974000, "nonRecurring": {}, "otherOperatingExpenses": 70873000, "totalOperatingExpenses": 729781000, "operatingIncome": 27005000, "totalOtherIncomeExpenseNet": -68074000, "ebit": 27005000, "interestExpense": -15816000, "incomeBeforeTax": -41069000, "incomeTaxExpense": -31766000, "minorityInterest": 30128000, "netIncomeFromContinuingOps": -9303000, "discontinuedOperations": {}, "extraordinaryItems": {}, "effectOfAccountingCharges": {}, "otherItems": {}, "netIncome": -10884000, "netIncomeApplicableToCommonShares": -10884000}, {"maxAge": 1, "endDate": "2019-12-31", "totalRevenue": 873100000, "costOfRevenue": 404300000, "grossProfit": 468800000, "researchDevelopment": {}, "sellingGeneralAdministrative": 104200000, "nonRecurring": {}, "otherOperatingExpenses": 244400000, "totalOperatingExpenses": 792500000, "operatingIncome": 80600000, "totalOtherIncomeExpenseNet": -16100000, "ebit": 80600000, "interestExpense": -20600000, "incomeBeforeTax": 64500000, "incomeTaxExpense": 17000000, "minorityInterest": 30128000, "netIncomeFromContinuingOps": 47500000, "discontinuedOperations": {}, "extraordinaryItems": {}, "effectOfAccountingCharges": {}, "otherItems": {}, "netIncome": 44000000, "netIncomeApplicableToCommonShares": 44000000}, {"maxAge": 1, "endDate": "2019-09-30", "totalRevenue": 910700000, "costOfRevenue": 419100000, "grossProfit": 491600000, "researchDevelopment": {}, "sellingGeneralAdministrative": 102900000, "nonRecurring": {}, "otherOperatingExpenses": 269400000, "totalOperatingExpenses": 830600000, "operatingIncome": 80100000, "totalOtherIncomeExpenseNet": -5800000, "ebit": 80100000, "interestExpense": -18900000, "incomeBeforeTax": 74300000, "incomeTaxExpense": 15800000, "minorityInterest": 26300000, "netIncomeFromContinuingOps": 58500000, "discontinuedOperations": {}, "extraordinaryItems": {}, "effectOfAccountingCharges": {}, "otherItems": {}, "netIncome": 55000000, "netIncomeApplicableToCommonShares": 55000000}], "maxAge": 86400}, "cashflowStatementHistoryQuarterly": {"cashflowStatements": [{"maxAge": 1, "endDate": "2020-06-30", "netIncome": 27090000, "changeToLiabilities": 0}, {"maxAge": 1, "endDate": "2020-03-31", "netIncome": -10884000, "changeToLiabilities": 0}, {"maxAge": 1, "endDate": "2019-12-31", "netIncome": 44000000, "changeToLiabilities": 0}, {"maxAge": 1, "endDate": "2019-09-30", "netIncome": 55000000, "changeToLiabilities": 0}], "maxAge": 86400}, "insiderHolders": {"holders": [], "maxAge": 1}, "earnings": {"maxAge": 86400, "earningsChart": {"quarterly": [{"date": "4Q2016", "actual": 5.5, "estimate": 10.29}], "currentQuarterEstimateDate": "1Q", "currentQuarterEstimateYear": 2017, "earningsDate": []}, "financialsChart": {"yearly": [{"date": 2017, "revenue": 3440781560, "earnings": 141653260}, {"date": 2018, "revenue": 3401628048, "earnings": 44546172}, {"date": 2019, "revenue": 3030334000, "earnings": 34711000}, {"date": 2020, "revenue": 3421686000, "earnings": 112416000}], "quarterly": [{"date": "3Q2019", "revenue": 910700000, "earnings": 55000000}, {"date": "4Q2019", "revenue": 873100000, "earnings": 44000000}, {"date": "1Q2020", "revenue": 756786000, "earnings": -10884000}, {"date": "2Q2020", "revenue": 941298000, "earnings": 27090000}]}, "financialCurrency": "INR"}, "calendarEvents": {"maxAge": 1, "earnings": {"earningsDate": [], "revenueAverage": 3965240000, "revenueLow": 3965240000, "revenueHigh": 3965240000}}, "price": {"maxAge": 1, "regularMarketChangePercent": 0.03150076, "regularMarketChange": 5.300003, "regularMarketTime": "2021-04-30 15:29:43", "priceHint": 2, "regularMarketPrice": 173.55, "regularMarketDayHigh": 179.0, "regularMarketDayLow": 168.95, "regularMarketVolume": 24587, "averageDailyVolume10Day": 4492, "averageDailyVolume3Month": 6271, "regularMarketPreviousClose": 168.25, "regularMarketSource": "FREE_REALTIME", "regularMarketOpen": 168.95, "exchange": "BSE", "exchangeName": "BSE", "exchangeDataDelayedBy": 0, "marketState": "CLOSED", "quoteType": "EQUITY", "symbol": "NITTAGELA.BO", "underlyingSymbol": null, "shortName": "NITTA GELATIN INDIA LTD.", "longName": "Nitta Gelatin India Limited", "currency": "INR", "quoteSourceName": "Delayed Quote", "currencySymbol": "\u20b9", "fromCurrency": null, "toCurrency": null, "lastMarket": null, "marketCap": 1575688192}, "balanceSheetHistory": {"balanceSheetStatements": [{"maxAge": 1, "endDate": "2020-03-31", "cash": 13650000, "shortTermInvestments": 3310000, "netReceivables": 369815000, "inventory": 912645000, "otherCurrentAssets": 40596000, "totalCurrentAssets": 1351878000, "longTermInvestments": 17833000, "propertyPlantEquipment": 1244152000, "intangibleAssets": 3549000, "otherAssets": 339971000, "totalAssets": 2957383000, "accountsPayable": 216781000, "shortLongTermDebt": 72850000, "otherCurrentLiab": 253007000, "longTermDebt": 286892000, "otherLiab": 36656000, "minorityInterest": 30128000, "totalCurrentLiabilities": 1070261000, "totalLiab": 1393809000, "commonStock": 90792000, "retainedEarnings": 834588000, "treasuryStock": 318476000, "capitalSurplus": 289590000, "otherStockholderEquity": 318476000, "totalStockholderEquity": 1533446000, "netTangibleAssets": 1529897000}, {"maxAge": 1, "endDate": "2019-03-31", "cash": 57749000, "shortTermInvestments": 530000, "netReceivables": 659144000, "inventory": 699526000, "otherCurrentAssets": 60173000, "totalCurrentAssets": 1492619000, "longTermInvestments": 11539000, "propertyPlantEquipment": 1330984000, "intangibleAssets": 3911000, "otherAssets": 294184000, "totalAssets": 3133237000, "accountsPayable": 216418000, "shortLongTermDebt": 58326000, "otherCurrentLiab": 220713000, "longTermDebt": 338628000, "otherLiab": 43311000, "minorityInterest": 26110000, "totalCurrentLiabilities": 1219591000, "totalLiab": 1601530000, "commonStock": 90792000, "retainedEarnings": 740277000, "treasuryStock": 384938000, "capitalSurplus": 289590000, "otherStockholderEquity": 384938000, "totalStockholderEquity": 1505597000, "netTangibleAssets": 1501686000}, {"maxAge": 1, "endDate": "2018-03-31", "cash": 31816010, "shortTermInvestments": 30536397, "netReceivables": 638445817, "inventory": 727827565, "otherCurrentAssets": 58463177, "totalCurrentAssets": 1498362615, "longTermInvestments": 10090719, "propertyPlantEquipment": 1231150242, "intangibleAssets": 5453776, "otherAssets": 318617626, "totalAssets": 3063674978, "accountsPayable": 252389001, "shortLongTermDebt": 65982814, "otherCurrentLiab": 183498364, "longTermDebt": 376545017, "otherLiab": 53177407, "minorityInterest": 11272206, "totalCurrentLiabilities": 1137202679, "totalLiab": 1566925103, "commonStock": 90791600, "retainedEarnings": 732929591, "treasuryStock": 372166478, "capitalSurplus": 289590000, "otherStockholderEquity": 372166478, "totalStockholderEquity": 1485477669, "netTangibleAssets": 1480023893}, {"maxAge": 1, "endDate": "2017-03-31", "cash": 36725248, "shortTermInvestments": 106030129, "netReceivables": 552536049, "inventory": 738583746, "otherCurrentAssets": 123317193, "totalCurrentAssets": 1557192365, "longTermInvestments": 10209229, "propertyPlantEquipment": 1227169044, "intangibleAssets": 3756849, "otherAssets": 210091833, "totalAssets": 3008419320, "accountsPayable": 244800482, "shortLongTermDebt": 52113399, "otherCurrentLiab": 154166844, "longTermDebt": 397689296, "otherLiab": 145380044, "minorityInterest": 28693694, "totalCurrentLiabilities": 1101180352, "totalLiab": 1644249692, "commonStock": 90791600, "retainedEarnings": 866304366, "treasuryStock": 88789968, "capitalSurplus": 289590000, "otherStockholderEquity": 88789968, "totalStockholderEquity": 1335475934, "netTangibleAssets": 1331719085}], "maxAge": 86400}, "earningsTrend": {"trend": [{"maxAge": 1, "period": "0q", "endDate": "2017-03-31", "growth": {}, "earningsEstimate": {"avg": 0.0, "low": 0.0, "high": 0.0, "yearAgoEps": {}, "numberOfAnalysts": 0, "growth": {}}, "revenueEstimate": {"avg": 3965240000, "low": 3965240000, "high": 3965240000, "numberOfAnalysts": 1, "yearAgoRevenue": 3302600000, "growth": 0.201}, "epsTrend": {"current": 0.0, "7daysAgo": 0.0, "30daysAgo": 0.0, "60daysAgo": 0.0, "90daysAgo": 0.0}, "epsRevisions": {"upLast7days": 0, "upLast30days": 0, "downLast30days": 0, "downLast90days": {}}}, {"maxAge": 1, "period": "+1q", "endDate": "2017-06-30", "growth": {}, "earningsEstimate": {"avg": 0.0, "low": 0.0, "high": 0.0, "yearAgoEps": {}, "numberOfAnalysts": 0, "growth": {}}, "revenueEstimate": {"avg": 0, "low": 0, "high": 0, "numberOfAnalysts": 0, "yearAgoRevenue": {}, "growth": {}}, "epsTrend": {"current": 0.0, "7daysAgo": 0.0, "30daysAgo": 0.0, "60daysAgo": 0.0, "90daysAgo": 0.0}, "epsRevisions": {"upLast7days": 0, "upLast30days": 0, "downLast30days": 0, "downLast90days": {}}}, {"maxAge": 1, "period": "0y", "endDate": "2018-03-31", "growth": {}, "earningsEstimate": {"avg": 0.0, "low": 0.0, "high": 0.0, "yearAgoEps": {}, "numberOfAnalysts": 0, "growth": {}}, "revenueEstimate": {"avg": 3965240000, "low": 3965240000, "high": 3965240000, "numberOfAnalysts": 1, "yearAgoRevenue": 3302600000, "growth": 0.201}, "epsTrend": {"current": 0.0, "7daysAgo": 0.0, "30daysAgo": 0.0, "60daysAgo": 0.0, "90daysAgo": 0.0}, "epsRevisions": {"upLast7days": 0, "upLast30days": 0, "downLast30days": 0, "downLast90days": {}}}, {"maxAge": 1, "period": "+1y", "endDate": "2018-03-31", "growth": {}, "earningsEstimate": {"avg": 0.0, "low": 0.0, "high": 0.0, "yearAgoEps": {}, "numberOfAnalysts": 0, "growth": {}}, "revenueEstimate": {"avg": 3965240000, "low": 3965240000, "high": 3965240000, "numberOfAnalysts": 1, "yearAgoRevenue": 3965240000, "growth": 0.0}, "epsTrend": {"current": 0.0, "7daysAgo": 34.1, "30daysAgo": 34.1, "60daysAgo": 34.1, "90daysAgo": 34.1}, "epsRevisions": {"upLast7days": 0, "upLast30days": 0, "downLast30days": 0, "downLast90days": {}}}, {"maxAge": 1, "period": "+5y", "endDate": null, "growth": {}, "earningsEstimate": {"avg": {}, "low": {}, "high": {}, "yearAgoEps": {}, "numberOfAnalysts": {}, "growth": {}}, "revenueEstimate": {"avg": {}, "low": {}, "high": {}, "numberOfAnalysts": {}, "yearAgoRevenue": {}, "growth": {}}, "epsTrend": {"current": {}, "7daysAgo": {}, "30daysAgo": {}, "60daysAgo": {}, "90daysAgo": {}}, "epsRevisions": {"upLast7days": {}, "upLast30days": {}, "downLast30days": {}, "downLast90days": {}}}, {"maxAge": 1, "period": "-5y", "endDate": null, "growth": {}, "earningsEstimate": {"avg": {}, "low": {}, "high": {}, "yearAgoEps": {}, "numberOfAnalysts": {}, "growth": {}}, "revenueEstimate": {"avg": {}, "low": {}, "high": {}, "numberOfAnalysts": {}, "yearAgoRevenue": {}, "growth": {}}, "epsTrend": {"current": {}, "7daysAgo": {}, "30daysAgo": {}, "60daysAgo": {}, "90daysAgo": {}}, "epsRevisions": {"upLast7days": {}, "upLast30days": {}, "downLast30days": {}, "downLast90days": {}}}], "maxAge": 1}, "financialData": {"maxAge": 86400, "currentPrice": 173.55, "recommendationKey": "none", "grossProfits": 1634658000, "financialCurrency": "INR"}}}