{"NLCINDIA.BO": {"recommendationTrend": {"trend": [{"period": "0m", "strongBuy": 0, "buy": 0, "hold": 0, "sell": 0, "strongSell": 0}, {"period": "-1m", "strongBuy": 0, "buy": 0, "hold": 0, "sell": 0, "strongSell": 0}, {"period": "-2m", "strongBuy": 0, "buy": 0, "hold": 0, "sell": 0, "strongSell": 0}, {"period": "-3m", "strongBuy": 0, "buy": 0, "hold": 0, "sell": 0, "strongSell": 0}], "maxAge": 86400}, "cashflowStatementHistory": {"cashflowStatements": [{"maxAge": 1, "endDate": "2020-03-31", "netIncome": 14413700000, "depreciation": 13318200000, "changeToNetincome": 16147200000, "changeToAccountReceivables": -23337900000, "changeToLiabilities": -705400000, "changeToInventory": -2788800000, "changeToOperatingActivities": -635400000, "totalCashFromOperatingActivities": 16467600000, "capitalExpenditures": -58947300000, "otherCashflowsFromInvestingActivities": 811500000, "totalCashflowsFromInvestingActivities": -58117700000, "dividendsPaid": -11826500000, "netBorrowings": 66278400000, "otherCashflowsFromFinancingActivities": -19502400000, "totalCashFromFinancingActivities": 41634800000, "changeInCash": -15300000, "issuanceOfStock": 6685300000}, {"maxAge": 1, "endDate": "2019-03-31", "netIncome": 15077100000, "depreciation": 11189000000, "changeToNetincome": 10450000000, "changeToAccountReceivables": -17493800000, "changeToLiabilities": -9368800000, "changeToInventory": 6291900000, "changeToOperatingActivities": 36700000, "totalCashFromOperatingActivities": 16200700000, "capitalExpenditures": -62655000000, "otherCashflowsFromInvestingActivities": 1277300000, "totalCashflowsFromInvestingActivities": -61190700000, "dividendsPaid": -6694100000, "netBorrowings": 73830200000, "otherCashflowsFromFinancingActivities": -14287200000, "totalCashFromFinancingActivities": 44155600000, "changeInCash": -834400000, "repurchaseOfStock": -12557600000, "issuanceOfStock": 3864300000}, {"maxAge": 1, "endDate": "2018-03-31", "netIncome": 19427600000, "depreciation": 12301600000, "changeToNetincome": 14276600000, "changeToAccountReceivables": 2337300000, "changeToLiabilities": 1518500000, "changeToInventory": -4217800000, "changeToOperatingActivities": -324800000, "totalCashFromOperatingActivities": 45333600000, "capitalExpenditures": -46462900000, "otherCashflowsFromInvestingActivities": 439900000, "totalCashflowsFromInvestingActivities": -45930600000, "dividendsPaid": -6490000000, "netBorrowings": 17367200000, "otherCashflowsFromFinancingActivities": -9895000000, "totalCashFromFinancingActivities": 982200000, "changeInCash": 385100000, "repurchaseOfStock": -12557600000, "issuanceOfStock": 3864300000}, {"maxAge": 1, "endDate": "2017-03-31", "netIncome": 24470000000, "depreciation": 10434400000, "changeToNetincome": 6425500000, "changeToAccountReceivables": -23715100000, "changeToLiabilities": 5147900000, "changeToInventory": -9641600000, "changeToOperatingActivities": -868300000, "totalCashFromOperatingActivities": 12252800000, "capitalExpenditures": -42325900000, "investments": -4722500000, "otherCashflowsFromInvestingActivities": 3635800000, "totalCashflowsFromInvestingActivities": -43318200000, "dividendsPaid": -15909400000, "netBorrowings": 35551500000, "otherCashflowsFromFinancingActivities": -7781500000, "totalCashFromFinancingActivities": -677800000, "changeInCash": -31743200000, "repurchaseOfStock": -14796100000, "issuanceOfStock": 2257700000}], "maxAge": 86400}, "institutionOwnership": {"ownershipList": [], "maxAge": 1}, "balanceSheetHistoryQuarterly": {"balanceSheetStatements": [{"maxAge": 1, "endDate": "2020-06-30", "totalStockholderEquity": 129051300000, "netTangibleAssets": 128986800000}, {"maxAge": 1, "endDate": "2020-03-31", "cash": 169600000, "netReceivables": 96875500000, "inventory": 16837500000, "otherCurrentAssets": 16105400000, "totalCurrentAssets": 130865700000, "longTermInvestments": 135100000, "propertyPlantEquipment": 366368000000, "intangibleAssets": 64500000, "otherAssets": 37448000000, "totalAssets": 534881300000, "accountsPayable": 32876900000, "shortLongTermDebt": 22616700000, "otherCurrentLiab": 1214600000, "longTermDebt": 189431900000, "otherLiab": 67828900000, "deferredLongTermLiab": 18628800000, "minorityInterest": 17673700000, "totalCurrentLiabilities": 130860900000, "totalLiab": 388156300000, "commonStock": 13866400000, "retainedEarnings": 109886400000, "treasuryStock": 5298500000, "otherStockholderEquity": 5298500000, "totalStockholderEquity": 129051300000, "netTangibleAssets": 128986800000}, {"maxAge": 1, "endDate": "2019-12-31", "totalStockholderEquity": 131675700000, "netTangibleAssets": 131616700000}, {"maxAge": 1, "endDate": "2019-09-30", "cash": 4744400000, "netReceivables": 73826200000, "inventory": 15816200000, "otherCurrentAssets": 19372500000, "totalCurrentAssets": 113759300000, "longTermInvestments": 128200000, "propertyPlantEquipment": 342916300000, "intangibleAssets": 59000000, "otherAssets": 35464100000, "totalAssets": 492326900000, "accountsPayable": 28418100000, "shortLongTermDebt": 18771300000, "otherCurrentLiab": 11087300000, "longTermDebt": 184266300000, "otherLiab": 64042800000, "deferredLongTermLiab": 17002100000, "minorityInterest": 14464900000, "totalCurrentLiabilities": 97858200000, "totalLiab": 346186300000, "commonStock": 13866400000, "retainedEarnings": 94997000000, "treasuryStock": 22812300000, "otherStockholderEquity": 22812300000, "totalStockholderEquity": 131675700000, "netTangibleAssets": 131616700000}], "maxAge": 86400}, "earningsHistory": {"history": [{"maxAge": 1, "epsActual": {}, "epsEstimate": {}, "epsDifference": {}, "surprisePercent": {}, "quarter": {}, "period": "-4q"}, {"maxAge": 1, "epsActual": {}, "epsEstimate": {}, "epsDifference": {}, "surprisePercent": {}, "quarter": {}, "period": "-3q"}, {"maxAge": 1, "epsActual": {}, "epsEstimate": {}, "epsDifference": {}, "surprisePercent": {}, "quarter": {}, "period": "-2q"}, {"maxAge": 1, "epsActual": {}, "epsEstimate": {}, "epsDifference": {}, "surprisePercent": {}, "quarter": {}, "period": "-1q"}], "maxAge": 86400}, "indexTrend": {"maxAge": 1, "symbol": "SP5", "peRatio": 19.7411, "pegRatio": 1.34172, "estimates": [{"period": "0q", "growth": 0.549}, {"period": "+1q", "growth": 0.431}, {"period": "0y", "growth": 0.305}, {"period": "+1y", "growth": 0.109}, {"period": "+5y", "growth": 0.120865}, {"period": "-5y"}]}, "industryTrend": {"maxAge": 1, "symbol": null, "estimates": []}, "insiderTransactions": {"transactions": [{"maxAge": 1, "shares": 20853522, "filerUrl": "", "transactionText": "", "filerName": "President of India", "filerRelation": "Promoter", "moneyText": "", "startDate": "2020-02-03", "ownership": "D"}, {"maxAge": 1, "shares": 2046045, "filerUrl": "", "transactionText": "", "filerName": "President of India", "filerRelation": "Promoter", "moneyText": "", "startDate": "2019-10-10", "ownership": "D"}, {"maxAge": 1, "shares": 14664119, "filerUrl": "", "transactionText": "", "filerName": "President of India", "filerRelation": "Promoter", "moneyText": "", "startDate": "2019-07-22", "ownership": "D"}, {"maxAge": 1, "shares": 9831731, "filerUrl": "", "transactionText": "", "filerName": "President of India", "filerRelation": "Promoter", "moneyText": "", "startDate": "2019-03-25", "ownership": "D"}, {"maxAge": 1, "shares": 24916866, "filerUrl": "", "transactionText": "", "filerName": "President of India", "filerRelation": "Promoter", "moneyText": "", "startDate": "2019-02-21", "ownership": "D"}, {"maxAge": 1, "shares": 112611825, "filerUrl": "", "transactionText": "", "filerName": "President of India", "filerRelation": "Promoter", "moneyText": "", "startDate": "2018-12-04", "ownership": "D"}, {"maxAge": 1, "shares": 1457876, "filerUrl": "", "transactionText": "", "filerName": "President of India", "filerRelation": "Promoter", "moneyText": "", "startDate": "2018-06-29", "ownership": "D"}, {"maxAge": 1, "shares": 3974665, "filerUrl": "", "transactionText": "", "filerName": "President of India", "filerRelation": "Promoter", "moneyText": "", "startDate": "2017-11-23", "ownership": "D"}, {"maxAge": 1, "shares": 386080, "filerUrl": "", "transactionText": "", "filerName": "President of India", "filerRelation": "Promoter", "moneyText": "", "startDate": "2017-11-10", "ownership": "D"}, {"maxAge": 1, "shares": 76428421, "filerUrl": "", "transactionText": "", "filerName": "President of India", "filerRelation": "Promoter", "moneyText": "", "startDate": "2017-10-26", "ownership": "D"}, {"maxAge": 1, "shares": 144546266, "filerUrl": "", "transactionText": "", "filerName": "President of India", "filerRelation": "Promoter", "moneyText": "", "startDate": "2017-03-24", "ownership": "D"}, {"maxAge": 1, "shares": 59701260, "filerUrl": "", "transactionText": "", "filerName": "President of India", "filerRelation": "Promoter", "moneyText": "", "startDate": "2013-08-06", "ownership": "D"}], "maxAge": 1}, "quoteType": {"exchange": "BSE", "quoteType": "EQUITY", "symbol": "NLCINDIA.BO", "underlyingSymbol": "NLCINDIA.BO", "shortName": "NLC India Limited", "longName": "NLC India Limited", "firstTradeDateEpochUtc": "1995-11-28 09:15:00", "timeZoneFullName": "Asia/Kolkata", "timeZoneShortName": "IST", "uuid": "e7eb8865-0f05-37d7-b4c1-d69896b68941", "gmtOffSetMilliseconds": 19800000, "maxAge": 1}, "incomeStatementHistory": {"incomeStatementHistory": [{"maxAge": 1, "endDate": "2020-03-31", "totalRevenue": 103205600000, "costOfRevenue": 16187200000, "grossProfit": 87018400000, "researchDevelopment": {}, "sellingGeneralAdministrative": 28766700000, "nonRecurring": {}, "otherOperatingExpenses": 11725200000, "totalOperatingExpenses": 70020600000, "operatingIncome": 33185000000, "totalOtherIncomeExpenseNet": -9725700000, "ebit": 33185000000, "interestExpense": -11743800000, "incomeBeforeTax": 23459300000, "incomeTaxExpense": 8929500000, "minorityInterest": 17673700000, "netIncomeFromContinuingOps": 14529800000, "discontinuedOperations": {}, "extraordinaryItems": {}, "effectOfAccountingCharges": {}, "otherItems": {}, "netIncome": 14413700000, "netIncomeApplicableToCommonShares": 14413700000}, {"maxAge": 1, "endDate": "2019-03-31", "totalRevenue": 98709300000, "costOfRevenue": 19947800000, "grossProfit": 78761500000, "researchDevelopment": {}, "sellingGeneralAdministrative": 30288400000, "nonRecurring": {}, "otherOperatingExpenses": 17715100000, "totalOperatingExpenses": 79158900000, "operatingIncome": 19550400000, "totalOtherIncomeExpenseNet": 6063600000, "ebit": 19550400000, "interestExpense": -6999200000, "incomeBeforeTax": 25614000000, "incomeTaxExpense": 10240500000, "minorityInterest": 11017500000, "netIncomeFromContinuingOps": 15373500000, "discontinuedOperations": {}, "extraordinaryItems": {}, "effectOfAccountingCharges": {}, "otherItems": {}, "netIncome": 15077100000, "netIncomeApplicableToCommonShares": 15077100000}, {"maxAge": 1, "endDate": "2018-03-31", "totalRevenue": 112883900000, "costOfRevenue": 17312700000, "grossProfit": 95571200000, "researchDevelopment": {}, "sellingGeneralAdministrative": 31645500000, "nonRecurring": {}, "otherOperatingExpenses": 18149200000, "totalOperatingExpenses": 79423600000, "operatingIncome": 33460300000, "totalOtherIncomeExpenseNet": -5253600000, "ebit": 33460300000, "interestExpense": -5478600000, "incomeBeforeTax": 28206700000, "incomeTaxExpense": 8638900000, "minorityInterest": 6856800000, "netIncomeFromContinuingOps": 19567800000, "discontinuedOperations": {}, "extraordinaryItems": {}, "effectOfAccountingCharges": {}, "otherItems": {}, "netIncome": 19427600000, "netIncomeApplicableToCommonShares": 19427600000}, {"maxAge": 1, "endDate": "2017-03-31", "totalRevenue": 111857300000, "costOfRevenue": 10906900000, "grossProfit": 100950400000, "researchDevelopment": {}, "sellingGeneralAdministrative": 23435800000, "nonRecurring": {}, "otherOperatingExpenses": 29753600000, "totalOperatingExpenses": 74531600000, "operatingIncome": 37325700000, "totalOtherIncomeExpenseNet": -14432900000, "ebit": 37325700000, "interestExpense": -5882800000, "incomeBeforeTax": 22892800000, "incomeTaxExpense": -1673800000, "minorityInterest": 6740800000, "netIncomeFromContinuingOps": 24566600000, "discontinuedOperations": {}, "extraordinaryItems": {}, "effectOfAccountingCharges": {}, "otherItems": {}, "netIncome": 24470000000, "netIncomeApplicableToCommonShares": 24470000000}], "maxAge": 86400}, "fundOwnership": {"ownershipList": [{"maxAge": 1, "reportDate": "2020-08-31", "organization": "WisdomTree Tr-WisdomTree Emerging Markets Small Cap Dividend Fund", "pctHeld": 0.0015, "position": 2041353, "value": 106660694}, {"maxAge": 1, "reportDate": "2020-08-31", "organization": "WisdomTree Tr-Wisdom Tree Emerging Markets High Dividend  Fd", "pctHeld": 0.0007, "position": 999868, "value": 52243103}, {"maxAge": 1, "reportDate": "2020-07-31", "organization": "DFA Emerging Markets Core Equity Portfolio", "pctHeld": 0.0005, "position": 749864, "value": 35806006}, {"maxAge": 1, "reportDate": "2020-07-31", "organization": "DFA Emerging Markets Small Cap Series", "pctHeld": 0.0005, "position": 664476, "value": 31728729}, {"maxAge": 1, "reportDate": "2020-08-31", "organization": "WisdomTree Tr-WisdomTree India Earnings Fd", "pctHeld": 0.0004, "position": 528997, "value": 27640093}, {"maxAge": 1, "reportDate": "2020-07-31", "organization": "DFA Investment Dimensions-Emerging Markets Social Core Equity", "pctHeld": 0.0001, "position": 88191, "value": 4211120}, {"maxAge": 1, "reportDate": "2020-07-31", "organization": "DFA T.A. World Ex U.S. Core Equity Portfolio", "pctHeld": 0.0001, "position": 77823, "value": 3716048}], "maxAge": 1}, "summaryDetail": {"maxAge": 1, "priceHint": 2, "previousClose": 47.6, "open": 47.55, "dayLow": 47.4, "dayHigh": 48.6, "regularMarketPreviousClose": 47.6, "regularMarketOpen": 47.55, "regularMarketDayLow": 47.4, "regularMarketDayHigh": 48.6, "trailingPE": 4.353984, "forwardPE": 5.6726193, "volume": 226123, "regularMarketVolume": 226123, "averageVolume": 95213, "averageVolume10days": 89651, "averageDailyVolume10Day": 89651, "bid": 0.0, "ask": 47.65, "bidSize": 0, "askSize": 0, "marketCap": 66073399296, "fiftyTwoWeekLow": 35.05, "fiftyTwoWeekHigh": 62.55, "fiftyDayAverage": 54.515152, "twoHundredDayAverage": 51.78897, "trailingAnnualDividendRate": 7.06, "trailingAnnualDividendYield": 0.14831933, "currency": "INR", "fromCurrency": null, "lastMarket": null, "algorithm": null, "tradeable": false}, "sectorTrend": {"maxAge": 1, "symbol": null, "estimates": []}, "incomeStatementHistoryQuarterly": {"incomeStatementHistory": [{"maxAge": 1, "endDate": "2020-06-30", "totalRevenue": 26990000000, "costOfRevenue": 4390500000, "grossProfit": 22599500000, "researchDevelopment": {}, "sellingGeneralAdministrative": 7099200000, "nonRecurring": {}, "otherOperatingExpenses": 2221700000, "totalOperatingExpenses": 17726400000, "operatingIncome": 9263600000, "totalOtherIncomeExpenseNet": -3947400000, "ebit": 9263600000, "interestExpense": -3615800000, "incomeBeforeTax": 5316200000, "incomeTaxExpense": 1881400000, "minorityInterest": {}, "netIncomeFromContinuingOps": 3434800000, "discontinuedOperations": {}, "extraordinaryItems": {}, "effectOfAccountingCharges": {}, "otherItems": {}, "netIncome": 3379100000, "netIncomeApplicableToCommonShares": 3379100000}, {"maxAge": 1, "endDate": "2020-03-31", "totalRevenue": 30693300000, "costOfRevenue": 3534000000, "grossProfit": 27159300000, "researchDevelopment": {}, "sellingGeneralAdministrative": 8169500000, "nonRecurring": {}, "otherOperatingExpenses": 4425300000, "totalOperatingExpenses": 20625200000, "operatingIncome": 10068100000, "totalOtherIncomeExpenseNet": -2277900000, "ebit": 10068100000, "interestExpense": -3546500000, "incomeBeforeTax": 7790200000, "incomeTaxExpense": 2809000000, "minorityInterest": 17673700000, "netIncomeFromContinuingOps": 4981200000, "discontinuedOperations": {}, "extraordinaryItems": {}, "effectOfAccountingCharges": {}, "otherItems": {}, "netIncome": 4869900000, "netIncomeApplicableToCommonShares": 4869900000}, {"maxAge": 1, "endDate": "2019-12-31", "totalRevenue": 27426000000, "costOfRevenue": 4618600000, "grossProfit": 22807400000, "researchDevelopment": {}, "sellingGeneralAdministrative": 6809800000, "nonRecurring": {}, "otherOperatingExpenses": 2208800000, "totalOperatingExpenses": 16951400000, "operatingIncome": 10474600000, "totalOtherIncomeExpenseNet": -3182600000, "ebit": 10474600000, "interestExpense": -2828200000, "incomeBeforeTax": 7292000000, "incomeTaxExpense": 3290500000, "minorityInterest": 17673700000, "netIncomeFromContinuingOps": 4001500000, "discontinuedOperations": {}, "extraordinaryItems": {}, "effectOfAccountingCharges": {}, "otherItems": {}, "netIncome": 3987500000, "netIncomeApplicableToCommonShares": 3987500000}, {"maxAge": 1, "endDate": "2019-09-30", "totalRevenue": 24264200000, "costOfRevenue": 3459300000, "grossProfit": 20804900000, "researchDevelopment": {}, "sellingGeneralAdministrative": 7586000000, "nonRecurring": {}, "otherOperatingExpenses": 2847500000, "totalOperatingExpenses": 16785700000, "operatingIncome": 7478500000, "totalOtherIncomeExpenseNet": -2790000000, "ebit": 7478500000, "interestExpense": -2865800000, "incomeBeforeTax": 4688500000, "incomeTaxExpense": 1979100000, "minorityInterest": 14464900000, "netIncomeFromContinuingOps": 2709400000, "discontinuedOperations": {}, "extraordinaryItems": {}, "effectOfAccountingCharges": {}, "otherItems": {}, "netIncome": 2657400000, "netIncomeApplicableToCommonShares": 2657400000}], "maxAge": 86400}, "cashflowStatementHistoryQuarterly": {"cashflowStatements": [{"maxAge": 1, "endDate": "2020-06-30", "netIncome": 3379100000, "changeToLiabilities": 0}, {"maxAge": 1, "endDate": "2020-03-31", "netIncome": 4869900000, "changeToLiabilities": 0}, {"maxAge": 1, "endDate": "2019-12-31", "netIncome": 3987500000, "changeToLiabilities": 0}, {"maxAge": 1, "endDate": "2019-09-30", "netIncome": 2657400000, "changeToLiabilities": 0}], "maxAge": 86400}, "insiderHolders": {"holders": [{"maxAge": 1, "name": "President of India", "relation": "Promoter", "url": "", "transactionDescription": "Sale", "latestTransDate": "2020-02-03", "positionDirect": 1098221224, "positionDirectDate": "2020-02-03"}], "maxAge": 1}, "earnings": {"maxAge": 86400, "earningsChart": {"quarterly": [], "earningsDate": []}, "financialsChart": {"yearly": [{"date": 2017, "revenue": 111857300000, "earnings": 24470000000}, {"date": 2018, "revenue": 112883900000, "earnings": 19427600000}, {"date": 2019, "revenue": 98709300000, "earnings": 15077100000}, {"date": 2020, "revenue": 103205600000, "earnings": 14413700000}], "quarterly": [{"date": "3Q2019", "revenue": 24264200000, "earnings": 2657400000}, {"date": "4Q2019", "revenue": 27426000000, "earnings": 3987500000}, {"date": "1Q2020", "revenue": 30693300000, "earnings": 4869900000}, {"date": "2Q2020", "revenue": 26990000000, "earnings": 3379100000}]}, "financialCurrency": "INR"}, "calendarEvents": {"maxAge": 1, "earnings": {"earningsDate": []}}, "upgradeDowngradeHistory": {"history": [], "maxAge": 86400}, "price": {"maxAge": 1, "regularMarketChangePercent": 0.0010504844, "regularMarketChange": 0.05000305, "regularMarketTime": "2021-04-30 15:53:45", "priceHint": 2, "regularMarketPrice": 47.65, "regularMarketDayHigh": 48.6, "regularMarketDayLow": 47.4, "regularMarketVolume": 226123, "averageDailyVolume10Day": 89651, "averageDailyVolume3Month": 95213, "regularMarketPreviousClose": 47.6, "regularMarketSource": "FREE_REALTIME", "regularMarketOpen": 47.55, "exchange": "BSE", "exchangeName": "BSE", "exchangeDataDelayedBy": 0, "marketState": "CLOSED", "quoteType": "EQUITY", "symbol": "NLCINDIA.BO", "underlyingSymbol": null, "shortName": "NLC India Limited", "longName": "NLC India Limited", "currency": "INR", "quoteSourceName": "Delayed Quote", "currencySymbol": "\u20b9", "fromCurrency": null, "lastMarket": null, "marketCap": 66073399296}, "balanceSheetHistory": {"balanceSheetStatements": [{"maxAge": 1, "endDate": "2020-03-31", "cash": 169600000, "netReceivables": 96875500000, "inventory": 16837500000, "otherCurrentAssets": 16105400000, "totalCurrentAssets": 130865700000, "longTermInvestments": 135100000, "propertyPlantEquipment": 366368000000, "intangibleAssets": 64500000, "otherAssets": 37448000000, "totalAssets": 534881300000, "accountsPayable": 32876900000, "shortLongTermDebt": 22616700000, "otherCurrentLiab": 1214600000, "longTermDebt": 189431900000, "otherLiab": 67828900000, "deferredLongTermLiab": 18628800000, "minorityInterest": 17673700000, "totalCurrentLiabilities": 130860900000, "totalLiab": 388156300000, "commonStock": 13866400000, "retainedEarnings": 109886400000, "treasuryStock": 5298500000, "otherStockholderEquity": 5298500000, "totalStockholderEquity": 129051300000, "netTangibleAssets": 128986800000}, {"maxAge": 1, "endDate": "2019-03-31", "cash": 184900000, "netReceivables": 71240100000, "inventory": 17201000000, "otherCurrentAssets": 15985500000, "totalCurrentAssets": 104879300000, "longTermInvestments": 126900000, "propertyPlantEquipment": 313894400000, "intangibleAssets": 63700000, "otherAssets": 33838600000, "totalAssets": 452802900000, "accountsPayable": 33290600000, "shortLongTermDebt": 16745800000, "otherCurrentLiab": 1937700000, "longTermDebt": 143772900000, "otherLiab": 60861400000, "deferredLongTermLiab": 15939000000, "minorityInterest": 11017500000, "totalCurrentLiabilities": 109456600000, "totalLiab": 314090900000, "commonStock": 13866400000, "retainedEarnings": 107363200000, "treasuryStock": 6464900000, "otherStockholderEquity": 6464900000, "totalStockholderEquity": 127694500000, "netTangibleAssets": 127630800000}, {"maxAge": 1, "endDate": "2018-03-31", "cash": 1019300000, "netReceivables": 65824800000, "inventory": 20894200000, "otherCurrentAssets": 13395600000, "totalCurrentAssets": 101361100000, "longTermInvestments": 126900000, "propertyPlantEquipment": 249564500000, "intangibleAssets": 63700000, "otherAssets": 33287400000, "totalAssets": 384403600000, "accountsPayable": 20735600000, "shortLongTermDebt": 17045000000, "otherCurrentLiab": 4744900000, "longTermDebt": 93803400000, "otherLiab": 74068900000, "deferredLongTermLiab": 12674000000, "minorityInterest": 6856800000, "totalCurrentLiabilities": 76154800000, "totalLiab": 244027100000, "commonStock": 15285700000, "retainedEarnings": 111427000000, "treasuryStock": 6807000000, "otherStockholderEquity": 6807000000, "totalStockholderEquity": 133519700000, "netTangibleAssets": 133456000000}, {"maxAge": 1, "endDate": "2017-03-31", "cash": 634200000, "shortTermInvestments": 629000000, "netReceivables": 63126600000, "inventory": 23360000000, "otherCurrentAssets": 10407200000, "totalCurrentAssets": 98350000000, "longTermInvestments": 126900000, "propertyPlantEquipment": 210695400000, "intangibleAssets": 26400000, "otherAssets": 25672200000, "totalAssets": 334870900000, "accountsPayable": 12577000000, "shortLongTermDebt": 8168500000, "otherCurrentLiab": 9902100000, "longTermDebt": 85365600000, "otherLiab": 59435000000, "deferredLongTermLiab": 3943400000, "minorityInterest": 6740800000, "totalCurrentLiabilities": 62064700000, "totalLiab": 206865300000, "commonStock": 15285700000, "retainedEarnings": 100055300000, "treasuryStock": 5923800000, "otherStockholderEquity": 5923800000, "totalStockholderEquity": 121264800000, "netTangibleAssets": 121238400000}], "maxAge": 86400}, "earningsTrend": {"trend": [{"maxAge": 1, "period": "0q", "endDate": null, "growth": {}, "earningsEstimate": {"avg": 0.0, "low": 0.0, "high": 0.0, "yearAgoEps": {}, "numberOfAnalysts": 0, "growth": {}}, "revenueEstimate": {"avg": 0, "low": 0, "high": 0, "numberOfAnalysts": 0, "yearAgoRevenue": {}, "growth": {}}, "epsTrend": {"current": 0.0, "7daysAgo": 0.0, "30daysAgo": 0.0, "60daysAgo": 0.0, "90daysAgo": 0.0}, "epsRevisions": {"upLast7days": 0, "upLast30days": 0, "downLast30days": 0, "downLast90days": {}}}, {"maxAge": 1, "period": "+1q", "endDate": null, "growth": {}, "earningsEstimate": {"avg": 0.0, "low": 0.0, "high": 0.0, "yearAgoEps": {}, "numberOfAnalysts": 0, "growth": {}}, "revenueEstimate": {"avg": 0, "low": 0, "high": 0, "numberOfAnalysts": 0, "yearAgoRevenue": {}, "growth": {}}, "epsTrend": {"current": 0.0, "7daysAgo": 0.0, "30daysAgo": 0.0, "60daysAgo": 0.0, "90daysAgo": 0.0}, "epsRevisions": {"upLast7days": 0, "upLast30days": 0, "downLast30days": 0, "downLast90days": {}}}, {"maxAge": 1, "period": "0y", "endDate": null, "growth": {}, "earningsEstimate": {"avg": 0.0, "low": 0.0, "high": 0.0, "yearAgoEps": {}, "numberOfAnalysts": 0, "growth": {}}, "revenueEstimate": {"avg": 0, "low": 0, "high": 0, "numberOfAnalysts": 0, "yearAgoRevenue": {}, "growth": {}}, "epsTrend": {"current": 0.0, "7daysAgo": 0.0, "30daysAgo": 0.0, "60daysAgo": 0.0, "90daysAgo": 0.0}, "epsRevisions": {"upLast7days": 0, "upLast30days": 0, "downLast30days": 0, "downLast90days": {}}}, {"maxAge": 1, "period": "+1y", "endDate": null, "growth": {}, "earningsEstimate": {"avg": 0.0, "low": 0.0, "high": 0.0, "yearAgoEps": {}, "numberOfAnalysts": 0, "growth": {}}, "revenueEstimate": {"avg": 0, "low": 0, "high": 0, "numberOfAnalysts": 0, "yearAgoRevenue": {}, "growth": {}}, "epsTrend": {"current": 0.0, "7daysAgo": 0.0, "30daysAgo": 0.0, "60daysAgo": 0.0, "90daysAgo": 0.0}, "epsRevisions": {"upLast7days": 0, "upLast30days": 0, "downLast30days": 0, "downLast90days": {}}}, {"maxAge": 1, "period": "+5y", "endDate": null, "growth": 0.11, "earningsEstimate": {"avg": {}, "low": {}, "high": {}, "yearAgoEps": {}, "numberOfAnalysts": {}, "growth": {}}, "revenueEstimate": {"avg": {}, "low": {}, "high": {}, "numberOfAnalysts": {}, "yearAgoRevenue": {}, "growth": {}}, "epsTrend": {"current": {}, "7daysAgo": {}, "30daysAgo": {}, "60daysAgo": {}, "90daysAgo": {}}, "epsRevisions": {"upLast7days": {}, "upLast30days": {}, "downLast30days": {}, "downLast90days": {}}}, {"maxAge": 1, "period": "-5y", "endDate": null, "growth": {}, "earningsEstimate": {"avg": {}, "low": {}, "high": {}, "yearAgoEps": {}, "numberOfAnalysts": {}, "growth": {}}, "revenueEstimate": {"avg": {}, "low": {}, "high": {}, "numberOfAnalysts": {}, "yearAgoRevenue": {}, "growth": {}}, "epsTrend": {"current": {}, "7daysAgo": {}, "30daysAgo": {}, "60daysAgo": {}, "90daysAgo": {}}, "epsRevisions": {"upLast7days": {}, "upLast30days": {}, "downLast30days": {}, "downLast90days": {}}}], "maxAge": 1}, "financialData": {"maxAge": 86400, "currentPrice": 47.65, "targetHighPrice": 122.0, "targetLowPrice": 122.0, "targetMeanPrice": 122.0, "targetMedianPrice": 122.0, "recommendationKey": "none", "numberOfAnalystOpinions": 1, "grossProfits": 87018400000, "financialCurrency": "INR"}}}