{"NLCINDIA.NS": {"assetProfile": {"address1": "Block-1", "address2": "Cuddalore District", "city": "Neyveli", "zip": "607801", "country": "India", "phone": "91 41 4225 2205", "fax": "91 41 4225 2645", "website": "http://www.nlcindia.com", "industry": "Utilities\u2014Regulated Electric", "sector": "Utilities", "longBusinessSummary": "NLC India Limited operates an energy company in India. It operates in two segments, Lignite Mining and Power Generation. The company is involved in the generation of power through thermal, wind, and solar photo voltaic power plants. It operates five thermal power stations with an aggregate installed capacity of 3240 MW; and 34 wind turbine generators with capacity of 1.50 MW each, as well as commissioned 440 MW solar photo voltaic power plant in Neyveli. The company also mines for lignite. It operates three open cast lignite mines in Neyveli, State of Tamil Nadu; and one open cast lignite mine in Barsingsar, State of Rajasthan with a total capacity of 30.60 MTPA, as well as coal excavation from Talabira II and III coal opencast mines at Odisha with a mining capacity of 20.0 MTPA. The company sells its raw lignite to small scale industries for use it as fuel in their production activities. NLC India Limited was formerly known as Neyveli Lignite Corporation Limited and changed its name to NLC India Limited in April 2016. The company was founded in 1956 and is based in Neyveli, India.", "fullTimeEmployees": 12486, "companyOfficers": [{"maxAge": 1, "name": "Mr. Rakesh  Kumar", "age": 58, "title": "Chairman & MD", "yearBorn": 1962, "fiscalYear": 2020, "totalPay": 6959661, "exercisedValue": 0, "unexercisedValue": 0}, {"maxAge": 1, "name": "Mr. Jaikumar  Srinivasan", "title": "CFO, Director of Fin. & Director", "fiscalYear": 2020, "totalPay": 3506275, "exercisedValue": 0, "unexercisedValue": 0}, {"maxAge": 1, "name": "Mr. R.  Vikraman", "age": 58, "title": "Director of Human Resource & Director", "yearBorn": 1962, "fiscalYear": 2020, "totalPay": 7614386, "exercisedValue": 0, "unexercisedValue": 0}, {"maxAge": 1, "name": "Mr. Nadella Naga Maheswar Rao", "age": 59, "title": "Director of Planning & Projects and Director", "yearBorn": 1961, "fiscalYear": 2020, "totalPay": 5843071, "exercisedValue": 0, "unexercisedValue": 0}, {"maxAge": 1, "name": "Mr. Shaji  John", "age": 57, "title": "Director of Power & Director", "yearBorn": 1963, "fiscalYear": 2020, "totalPay": 5854140, "exercisedValue": 0, "unexercisedValue": 0}, {"maxAge": 1, "name": "Mr. Prabhakar  Chowki", "age": 58, "title": "Director of Mines & Director", "yearBorn": 1962, "fiscalYear": 2020, "totalPay": 4989323, "exercisedValue": 0, "unexercisedValue": 0}, {"maxAge": 1, "name": "Mr. K.  Viswanath", "age": 54, "title": "Compliance Officer & Company Sec.", "yearBorn": 1966, "exercisedValue": 0, "unexercisedValue": 0}, {"maxAge": 1, "name": "Mr. Mukesh  Agrawal", "title": "Chief Gen. Mang. of Fin./CO", "exercisedValue": 0, "unexercisedValue": 0}, {"maxAge": 1, "name": "Mr. Kaushal Kishore Anand", "title": "Exec. Director of Safety", "exercisedValue": 0, "unexercisedValue": 0}, {"maxAge": 1, "name": "Mr. K. Mohan Reddy", "title": "Chief Gen. Mang.", "exercisedValue": 0, "unexercisedValue": 0}], "compensationAsOfEpochDate": "2020-12-31 05:30:00", "maxAge": 86400}, "cashflowStatementHistory": {"cashflowStatements": [{"maxAge": 1, "endDate": "2020-03-31", "netIncome": 14413700000, "depreciation": 13318200000, "changeToNetincome": 16147200000, "changeToAccountReceivables": -23337900000, "changeToLiabilities": -705400000, "changeToInventory": -2788800000, "changeToOperatingActivities": -635400000, "totalCashFromOperatingActivities": 16467600000, "capitalExpenditures": -58947300000, "otherCashflowsFromInvestingActivities": 811500000, "totalCashflowsFromInvestingActivities": -58117700000, "dividendsPaid": -11826500000, "netBorrowings": 66278400000, "otherCashflowsFromFinancingActivities": -19502400000, "totalCashFromFinancingActivities": 41634800000, "changeInCash": -15300000, "issuanceOfStock": 6685300000}, {"maxAge": 1, "endDate": "2019-03-31", "netIncome": 15077100000, "depreciation": 11189000000, "changeToNetincome": 10450000000, "changeToAccountReceivables": -17493800000, "changeToLiabilities": -9368800000, "changeToInventory": 6291900000, "changeToOperatingActivities": 36700000, "totalCashFromOperatingActivities": 16200700000, "capitalExpenditures": -62655000000, "otherCashflowsFromInvestingActivities": 1277300000, "totalCashflowsFromInvestingActivities": -61190700000, "dividendsPaid": -6694100000, "netBorrowings": 73830200000, "otherCashflowsFromFinancingActivities": -14287200000, "totalCashFromFinancingActivities": 44155600000, "changeInCash": -834400000, "repurchaseOfStock": -12557600000, "issuanceOfStock": 3864300000}, {"maxAge": 1, "endDate": "2018-03-31", "netIncome": 19427600000, "depreciation": 12301600000, "changeToNetincome": 14276600000, "changeToAccountReceivables": 2337300000, "changeToLiabilities": 1518500000, "changeToInventory": -4217800000, "changeToOperatingActivities": -324800000, "totalCashFromOperatingActivities": 45333600000, "capitalExpenditures": -46462900000, "otherCashflowsFromInvestingActivities": 439900000, "totalCashflowsFromInvestingActivities": -45930600000, "dividendsPaid": -6490000000, "netBorrowings": 17367200000, "otherCashflowsFromFinancingActivities": -9895000000, "totalCashFromFinancingActivities": 982200000, "changeInCash": 385100000, "repurchaseOfStock": -12557600000, "issuanceOfStock": 3864300000}, {"maxAge": 1, "endDate": "2017-03-31", "netIncome": 24470000000, "depreciation": 10434400000, "changeToNetincome": 6425500000, "changeToAccountReceivables": -23715100000, "changeToLiabilities": 5147900000, "changeToInventory": -9641600000, "changeToOperatingActivities": -868300000, "totalCashFromOperatingActivities": 12252800000, "capitalExpenditures": -42325900000, "investments": -4722500000, "otherCashflowsFromInvestingActivities": 3635800000, "totalCashflowsFromInvestingActivities": -43318200000, "dividendsPaid": -15909400000, "netBorrowings": 35551500000, "otherCashflowsFromFinancingActivities": -7781500000, "totalCashFromFinancingActivities": -677800000, "changeInCash": -31743200000, "repurchaseOfStock": -14796100000, "issuanceOfStock": 2257700000}], "maxAge": 86400}, "institutionOwnership": {"maxAge": 1, "ownershipList": []}, "majorHoldersBreakdown": {"maxAge": 1, "insidersPercentHeld": 0.82236, "institutionsPercentHeld": 0.11350001, "institutionsFloatPercentHeld": 0.63893, "institutionsCount": 16}, "balanceSheetHistoryQuarterly": {"balanceSheetStatements": [{"maxAge": 1, "endDate": "2020-12-31", "totalStockholderEquity": 133199900000, "netTangibleAssets": 133147500000}, {"maxAge": 1, "endDate": "2020-09-30", "cash": 4767000000, "shortTermInvestments": 722500000, "netReceivables": 105462200000, "inventory": 16928000000, "otherCurrentAssets": 21093200000, "totalCurrentAssets": 148972900000, "longTermInvestments": 428300000, "propertyPlantEquipment": 370836000000, "intangibleAssets": 52400000, "otherAssets": 30444800000, "totalAssets": 550734400000, "accountsPayable": 28179100000, "shortLongTermDebt": 22163500000, "otherCurrentLiab": 14995900000, "longTermDebt": 187462800000, "otherLiab": 64965200000, "deferredLongTermLiab": 20162400000, "minorityInterest": 17764200000, "totalCurrentLiabilities": 147306900000, "totalLiab": 399770300000, "commonStock": 13866400000, "retainedEarnings": 96233700000, "treasuryStock": 23099800000, "otherStockholderEquity": 23099800000, "totalStockholderEquity": 133199900000, "netTangibleAssets": 133147500000}, {"maxAge": 1, "endDate": "2020-06-30", "totalStockholderEquity": 129051300000, "netTangibleAssets": 128986800000}, {"maxAge": 1, "endDate": "2020-03-31", "cash": 169600000, "netReceivables": 96875500000, "inventory": 16837500000, "otherCurrentAssets": 16105400000, "totalCurrentAssets": 130865700000, "longTermInvestments": 135100000, "propertyPlantEquipment": 366368000000, "intangibleAssets": 64500000, "otherAssets": 37448000000, "totalAssets": 534881300000, "accountsPayable": 32876900000, "shortLongTermDebt": 22616700000, "otherCurrentLiab": 1214600000, "longTermDebt": 189431900000, "otherLiab": 67828900000, "deferredLongTermLiab": 18628800000, "minorityInterest": 17673700000, "totalCurrentLiabilities": 130860900000, "totalLiab": 388156300000, "commonStock": 13866400000, "retainedEarnings": 109886400000, "treasuryStock": 5298500000, "otherStockholderEquity": 5298500000, "totalStockholderEquity": 129051300000, "netTangibleAssets": 128986800000}], "maxAge": 86400}, "indexTrend": {"maxAge": 1, "symbol": "SP5", "peRatio": 19.7411, "pegRatio": 1.34172, "estimates": [{"period": "0q", "growth": 0.549}, {"period": "+1q", "growth": 0.431}, {"period": "0y", "growth": 0.305}, {"period": "+1y", "growth": 0.109}, {"period": "+5y", "growth": 0.120865}, {"period": "-5y"}]}, "defaultKeyStatistics": {"maxAge": 1, "priceHint": 2, "enterpriseValue": 365568491520, "profitMargins": 0.10395, "floatShares": 244605845, "sharesOutstanding": 1386640000, "heldPercentInsiders": 0.82236, "heldPercentInstitutions": 0.11350001, "beta": 0.627227, "category": null, "bookValue": 116.888, "priceToBook": 0.40722743, "fundFamily": null, "legalType": null, "lastFiscalYearEnd": "2020-03-31 05:30:00", "nextFiscalYearEnd": "2022-03-31 05:30:00", "mostRecentQuarter": "2020-12-31 05:30:00", "earningsQuarterlyGrowth": -0.571, "netIncomeToCommon": 10473600000, "trailingEps": 7.822, "lastSplitFactor": null, "enterpriseToRevenue": 3.628, "enterpriseToEbitda": 8.175, "52WeekChange": 0.079365134, "SandP52WeekChange": 0.48148263, "lastDividendValue": 1.0, "lastDividendDate": 1613520000}, "summaryProfile": {"address1": "Block-1", "address2": "Cuddalore District", "city": "Neyveli", "zip": "607801", "country": "India", "phone": "91 41 4225 2205", "fax": "91 41 4225 2645", "website": "http://www.nlcindia.com", "industry": "Utilities\u2014Regulated Electric", "sector": "Utilities", "longBusinessSummary": "NLC India Limited operates an energy company in India. It operates in two segments, Lignite Mining and Power Generation. The company is involved in the generation of power through thermal, wind, and solar photo voltaic power plants. It operates five thermal power stations with an aggregate installed capacity of 3240 MW; and 34 wind turbine generators with capacity of 1.50 MW each, as well as commissioned 440 MW solar photo voltaic power plant in Neyveli. The company also mines for lignite. It operates three open cast lignite mines in Neyveli, State of Tamil Nadu; and one open cast lignite mine in Barsingsar, State of Rajasthan with a total capacity of 30.60 MTPA, as well as coal excavation from Talabira II and III coal opencast mines at Odisha with a mining capacity of 20.0 MTPA. The company sells its raw lignite to small scale industries for use it as fuel in their production activities. NLC India Limited was formerly known as Neyveli Lignite Corporation Limited and changed its name to NLC India Limited in April 2016. The company was founded in 1956 and is based in Neyveli, India.", "fullTimeEmployees": 12486, "companyOfficers": [], "maxAge": 86400}, "netSharePurchaseActivity": {"maxAge": 1, "period": "6m", "buyInfoCount": 0, "buyInfoShares": 0, "sellInfoCount": 0, "netInfoCount": 0, "netInfoShares": 0, "netPercentInsiderShares": 0.0, "totalInsiderShares": 1066451392}, "insiderTransactions": {"transactions": [{"maxAge": 1, "shares": 20853522, "filerUrl": "", "transactionText": "", "filerName": "President of India", "filerRelation": "Promoter", "moneyText": "", "startDate": "2020-02-03", "ownership": "D"}, {"maxAge": 1, "shares": 2046045, "filerUrl": "", "transactionText": "", "filerName": "President of India", "filerRelation": "Promoter", "moneyText": "", "startDate": "2019-10-10", "ownership": "D"}, {"maxAge": 1, "shares": 14664119, "filerUrl": "", "transactionText": "", "filerName": "President of India", "filerRelation": "Promoter", "moneyText": "", "startDate": "2019-07-22", "ownership": "D"}, {"maxAge": 1, "shares": 9831731, "filerUrl": "", "transactionText": "", "filerName": "President of India", "filerRelation": "Promoter", "moneyText": "", "startDate": "2019-03-25", "ownership": "D"}, {"maxAge": 1, "shares": 24916866, "filerUrl": "", "transactionText": "", "filerName": "President of India", "filerRelation": "Promoter", "moneyText": "", "startDate": "2019-02-21", "ownership": "D"}, {"maxAge": 1, "shares": 112611825, "filerUrl": "", "transactionText": "", "filerName": "President of India", "filerRelation": "Promoter", "moneyText": "", "startDate": "2018-12-04", "ownership": "D"}, {"maxAge": 1, "shares": 1457876, "filerUrl": "", "transactionText": "", "filerName": "President of India", "filerRelation": "Promoter", "moneyText": "", "startDate": "2018-06-29", "ownership": "D"}, {"maxAge": 1, "shares": 3974665, "filerUrl": "", "transactionText": "", "filerName": "President of India", "filerRelation": "Promoter", "moneyText": "", "startDate": "2017-11-23", "ownership": "D"}, {"maxAge": 1, "shares": 386080, "filerUrl": "", "transactionText": "", "filerName": "President of India", "filerRelation": "Promoter", "moneyText": "", "startDate": "2017-11-10", "ownership": "D"}, {"maxAge": 1, "shares": 76428421, "filerUrl": "", "transactionText": "", "filerName": "President of India", "filerRelation": "Promoter", "moneyText": "", "startDate": "2017-10-26", "ownership": "D"}, {"maxAge": 1, "shares": 144546266, "filerUrl": "", "transactionText": "", "filerName": "President of India", "filerRelation": "Promoter", "moneyText": "", "startDate": "2017-03-24", "ownership": "D"}, {"maxAge": 1, "shares": 59701260, "filerUrl": "", "transactionText": "", "filerName": "President of India", "filerRelation": "Promoter", "moneyText": "", "startDate": "2013-08-06", "ownership": "D"}], "maxAge": 1}, "quoteType": {"exchange": "NSI", "quoteType": "EQUITY", "symbol": "NLCINDIA.NS", "underlyingSymbol": "NLCINDIA.NS", "shortName": "NLC INDIA LTD", "longName": "NLC India Limited", "firstTradeDateEpochUtc": "2000-08-23 09:15:00", "timeZoneFullName": "Asia/Kolkata", "timeZoneShortName": "IST", "uuid": "670c1fe3-1637-30c6-a101-cacdd3843e82", "messageBoardId": "finmb_8081460", "gmtOffSetMilliseconds": 19800000, "maxAge": 1}, "incomeStatementHistory": {"incomeStatementHistory": [{"maxAge": 1, "endDate": "2020-03-31", "totalRevenue": 103205600000, "costOfRevenue": 16187200000, "grossProfit": 87018400000, "researchDevelopment": {}, "sellingGeneralAdministrative": 28766700000, "nonRecurring": {}, "otherOperatingExpenses": 11725200000, "totalOperatingExpenses": 70020600000, "operatingIncome": 33185000000, "totalOtherIncomeExpenseNet": -9725700000, "ebit": 33185000000, "interestExpense": -11743800000, "incomeBeforeTax": 23459300000, "incomeTaxExpense": 8929500000, "minorityInterest": 17673700000, "netIncomeFromContinuingOps": 14529800000, "discontinuedOperations": {}, "extraordinaryItems": {}, "effectOfAccountingCharges": {}, "otherItems": {}, "netIncome": 14413700000, "netIncomeApplicableToCommonShares": 14413700000}, {"maxAge": 1, "endDate": "2019-03-31", "totalRevenue": 98709300000, "costOfRevenue": 19947800000, "grossProfit": 78761500000, "researchDevelopment": {}, "sellingGeneralAdministrative": 30288400000, "nonRecurring": {}, "otherOperatingExpenses": 17715100000, "totalOperatingExpenses": 79158900000, "operatingIncome": 19550400000, "totalOtherIncomeExpenseNet": 6063600000, "ebit": 19550400000, "interestExpense": -6999200000, "incomeBeforeTax": 25614000000, "incomeTaxExpense": 10240500000, "minorityInterest": 11017500000, "netIncomeFromContinuingOps": 15373500000, "discontinuedOperations": {}, "extraordinaryItems": {}, "effectOfAccountingCharges": {}, "otherItems": {}, "netIncome": 15077100000, "netIncomeApplicableToCommonShares": 15077100000}, {"maxAge": 1, "endDate": "2018-03-31", "totalRevenue": 112883900000, "costOfRevenue": 17312700000, "grossProfit": 95571200000, "researchDevelopment": {}, "sellingGeneralAdministrative": 31645500000, "nonRecurring": {}, "otherOperatingExpenses": 18149200000, "totalOperatingExpenses": 79423600000, "operatingIncome": 33460300000, "totalOtherIncomeExpenseNet": -5253600000, "ebit": 33460300000, "interestExpense": -5478600000, "incomeBeforeTax": 28206700000, "incomeTaxExpense": 8638900000, "minorityInterest": 6856800000, "netIncomeFromContinuingOps": 19567800000, "discontinuedOperations": {}, "extraordinaryItems": {}, "effectOfAccountingCharges": {}, "otherItems": {}, "netIncome": 19427600000, "netIncomeApplicableToCommonShares": 19427600000}, {"maxAge": 1, "endDate": "2017-03-31", "totalRevenue": 111857300000, "costOfRevenue": 10906900000, "grossProfit": 100950400000, "researchDevelopment": {}, "sellingGeneralAdministrative": 23435800000, "nonRecurring": {}, "otherOperatingExpenses": 29753600000, "totalOperatingExpenses": 74531600000, "operatingIncome": 37325700000, "totalOtherIncomeExpenseNet": -14432900000, "ebit": 37325700000, "interestExpense": -5882800000, "incomeBeforeTax": 22892800000, "incomeTaxExpense": -1673800000, "minorityInterest": 6740800000, "netIncomeFromContinuingOps": 24566600000, "discontinuedOperations": {}, "extraordinaryItems": {}, "effectOfAccountingCharges": {}, "otherItems": {}, "netIncome": 24470000000, "netIncomeApplicableToCommonShares": 24470000000}], "maxAge": 86400}, "fundOwnership": {"maxAge": 1, "ownershipList": [{"maxAge": 1, "reportDate": "2021-02-28", "organization": "WisdomTree Tr-WisdomTree Emerging Markets Small Cap Dividend Fund", "pctHeld": 0.0015, "position": 2115602, "value": 111809565}, {"maxAge": 1, "reportDate": "2021-02-28", "organization": "WisdomTree Tr-Wisdom Tree Emerging Markets High Dividend  Fd", "pctHeld": 0.00059999997, "position": 898680, "value": 47495238}, {"maxAge": 1, "reportDate": "2021-01-31", "organization": "DFA Emerging Markets Core Equity Portfolio", "pctHeld": 0.0005, "position": 749864, "value": 38468023}, {"maxAge": 1, "reportDate": "2021-01-31", "organization": "DFA Emerging Markets Small Cap Series", "pctHeld": 0.0005, "position": 685573, "value": 35169894}, {"maxAge": 1, "reportDate": "2021-02-28", "organization": "WisdomTree Tr-WisdomTree India Earnings Fd", "pctHeld": 0.0002, "position": 304905, "value": 16114229}, {"maxAge": 1, "reportDate": "2021-01-31", "organization": "DFA Investment Dimensions-Emerging Markets Social Core Equity", "pctHeld": 0.0001, "position": 88191, "value": 4524198}, {"maxAge": 1, "reportDate": "2021-01-31", "organization": "DFA T.A. World Ex U.S. Core Equity Portfolio", "pctHeld": 0.0001, "position": 77823, "value": 3992319}]}, "summaryDetail": {"maxAge": 1, "priceHint": 2, "previousClose": 47.55, "open": 47.4, "dayLow": 47.4, "dayHigh": 48.55, "regularMarketPreviousClose": 47.55, "regularMarketOpen": 47.4, "regularMarketDayLow": 47.4, "regularMarketDayHigh": 48.55, "dividendRate": 1.0, "dividendYield": 0.021, "exDividendDate": "2021-02-17 05:30:00", "payoutRatio": 0.9347, "fiveYearAvgDividendYield": 7.99, "beta": 0.627227, "trailingPE": 6.0854, "volume": 1332539, "regularMarketVolume": 1332539, "averageVolume": 1874910, "averageVolume10days": 728971, "averageDailyVolume10Day": 728971, "bid": 0.0, "ask": 0.0, "bidSize": 0, "askSize": 0, "marketCap": 66073079808, "fiftyTwoWeekLow": 40.15, "fiftyTwoWeekHigh": 59.8, "priceToSalesTrailing12Months": 0.6557556, "fiftyDayAverage": 49.141666, "twoHundredDayAverage": 51.76276, "trailingAnnualDividendRate": 1.0, "trailingAnnualDividendYield": 0.021030495, "currency": "INR", "fromCurrency": null, "toCurrency": null, "lastMarket": null, "algorithm": null, "tradeable": false}, "incomeStatementHistoryQuarterly": {"incomeStatementHistory": [{"maxAge": 1, "endDate": "2020-12-31", "totalRevenue": 22148600000, "costOfRevenue": 4045100000, "grossProfit": 18103500000, "researchDevelopment": {}, "sellingGeneralAdministrative": 6360600000, "nonRecurring": {}, "otherOperatingExpenses": 2887500000, "totalOperatingExpenses": 17147100000, "operatingIncome": 5001500000, "totalOtherIncomeExpenseNet": -2119900000, "ebit": 5001500000, "interestExpense": -3153200000, "incomeBeforeTax": 2881600000, "incomeTaxExpense": 1050100000, "minorityInterest": {}, "netIncomeFromContinuingOps": 1831500000, "discontinuedOperations": {}, "extraordinaryItems": {}, "effectOfAccountingCharges": {}, "otherItems": {}, "netIncome": 1711800000, "netIncomeApplicableToCommonShares": 1711800000}, {"maxAge": 1, "endDate": "2020-09-30", "totalRevenue": 20926800000, "costOfRevenue": 2876400000, "grossProfit": 18050400000, "researchDevelopment": {}, "sellingGeneralAdministrative": 6697900000, "nonRecurring": {}, "otherOperatingExpenses": 1997700000, "totalOperatingExpenses": 15413600000, "operatingIncome": 5513200000, "totalOtherIncomeExpenseNet": -2622900000, "ebit": 5513200000, "interestExpense": -3296800000, "incomeBeforeTax": 2890300000, "incomeTaxExpense": 2270500000, "minorityInterest": 17764200000, "netIncomeFromContinuingOps": 619800000, "discontinuedOperations": {}, "extraordinaryItems": {}, "effectOfAccountingCharges": {}, "otherItems": {}, "netIncome": 512800000, "netIncomeApplicableToCommonShares": 512800000}, {"maxAge": 1, "endDate": "2020-06-30", "totalRevenue": 26990000000, "costOfRevenue": 4390500000, "grossProfit": 22599500000, "researchDevelopment": {}, "sellingGeneralAdministrative": 7099200000, "nonRecurring": {}, "otherOperatingExpenses": 2221700000, "totalOperatingExpenses": 17726400000, "operatingIncome": 9263600000, "totalOtherIncomeExpenseNet": -3947400000, "ebit": 9263600000, "interestExpense": -3615800000, "incomeBeforeTax": 5316200000, "incomeTaxExpense": 1881400000, "minorityInterest": 17764200000, "netIncomeFromContinuingOps": 3434800000, "discontinuedOperations": {}, "extraordinaryItems": {}, "effectOfAccountingCharges": {}, "otherItems": {}, "netIncome": 3379100000, "netIncomeApplicableToCommonShares": 3379100000}, {"maxAge": 1, "endDate": "2020-03-31", "totalRevenue": 30693300000, "costOfRevenue": 3534000000, "grossProfit": 27159300000, "researchDevelopment": {}, "sellingGeneralAdministrative": 8169500000, "nonRecurring": {}, "otherOperatingExpenses": 4425300000, "totalOperatingExpenses": 20625200000, "operatingIncome": 10068100000, "totalOtherIncomeExpenseNet": -2277900000, "ebit": 10068100000, "interestExpense": -3546500000, "incomeBeforeTax": 7790200000, "incomeTaxExpense": 2809000000, "minorityInterest": 17673700000, "netIncomeFromContinuingOps": 4981200000, "discontinuedOperations": {}, "extraordinaryItems": {}, "effectOfAccountingCharges": {}, "otherItems": {}, "netIncome": 4869900000, "netIncomeApplicableToCommonShares": 4869900000}], "maxAge": 86400}, "cashflowStatementHistoryQuarterly": {"cashflowStatements": [{"maxAge": 1, "endDate": "2020-12-31", "netIncome": 1711800000, "changeToLiabilities": 0}, {"maxAge": 1, "endDate": "2020-09-30", "netIncome": 512800000, "changeToLiabilities": 0}, {"maxAge": 1, "endDate": "2020-06-30", "netIncome": 3379100000, "changeToLiabilities": 0}, {"maxAge": 1, "endDate": "2020-03-31", "netIncome": 4869900000, "changeToLiabilities": 0}], "maxAge": 86400}, "insiderHolders": {"holders": [{"maxAge": 1, "name": "President of India", "relation": "Promoter", "url": "", "transactionDescription": "Sale", "latestTransDate": "2020-02-03", "positionDirect": 1098221224, "positionDirectDate": "2020-02-03"}], "maxAge": 1}, "calendarEvents": {"maxAge": 1, "earnings": {"earningsDate": []}, "exDividendDate": "2021-02-17 05:30:00"}, "price": {"maxAge": 1, "regularMarketChangePercent": 0.0010515087, "regularMarketChange": 0.049999237, "regularMarketTime": "2021-04-30 15:30:01", "priceHint": 2, "regularMarketPrice": 47.6, "regularMarketDayHigh": 48.55, "regularMarketDayLow": 47.4, "regularMarketVolume": 1332539, "averageDailyVolume10Day": 728971, "averageDailyVolume3Month": 1874910, "regularMarketPreviousClose": 47.55, "regularMarketSource": "FREE_REALTIME", "regularMarketOpen": 47.4, "exchange": "NSI", "exchangeName": "NSE", "exchangeDataDelayedBy": 15, "marketState": "CLOSED", "quoteType": "EQUITY", "symbol": "NLCINDIA.NS", "underlyingSymbol": null, "shortName": "NLC INDIA LTD", "longName": "NLC India Limited", "currency": "INR", "quoteSourceName": "Delayed Quote", "currencySymbol": "\u20b9", "fromCurrency": null, "toCurrency": null, "lastMarket": null, "marketCap": 66073079808}, "balanceSheetHistory": {"balanceSheetStatements": [{"maxAge": 1, "endDate": "2020-03-31", "cash": 169600000, "netReceivables": 96875500000, "inventory": 16837500000, "otherCurrentAssets": 16105400000, "totalCurrentAssets": 130865700000, "longTermInvestments": 135100000, "propertyPlantEquipment": 366368000000, "intangibleAssets": 64500000, "otherAssets": 37448000000, "totalAssets": 534881300000, "accountsPayable": 32876900000, "shortLongTermDebt": 22616700000, "otherCurrentLiab": 1214600000, "longTermDebt": 189431900000, "otherLiab": 67828900000, "deferredLongTermLiab": 18628800000, "minorityInterest": 17673700000, "totalCurrentLiabilities": 130860900000, "totalLiab": 388156300000, "commonStock": 13866400000, "retainedEarnings": 109886400000, "treasuryStock": 5298500000, "otherStockholderEquity": 5298500000, "totalStockholderEquity": 129051300000, "netTangibleAssets": 128986800000}, {"maxAge": 1, "endDate": "2019-03-31", "cash": 184900000, "netReceivables": 71240100000, "inventory": 17201000000, "otherCurrentAssets": 15985500000, "totalCurrentAssets": 104879300000, "longTermInvestments": 126900000, "propertyPlantEquipment": 313894400000, "intangibleAssets": 63700000, "otherAssets": 33838600000, "totalAssets": 452802900000, "accountsPayable": 33290600000, "shortLongTermDebt": 16745800000, "otherCurrentLiab": 1937700000, "longTermDebt": 143772900000, "otherLiab": 60861400000, "deferredLongTermLiab": 15939000000, "minorityInterest": 11017500000, "totalCurrentLiabilities": 109456600000, "totalLiab": 314090900000, "commonStock": 13866400000, "retainedEarnings": 107363200000, "treasuryStock": 6464900000, "otherStockholderEquity": 6464900000, "totalStockholderEquity": 127694500000, "netTangibleAssets": 127630800000}, {"maxAge": 1, "endDate": "2018-03-31", "cash": 1019300000, "netReceivables": 65824800000, "inventory": 20894200000, "otherCurrentAssets": 13395600000, "totalCurrentAssets": 101361100000, "longTermInvestments": 126900000, "propertyPlantEquipment": 249564500000, "intangibleAssets": 63700000, "otherAssets": 33287400000, "totalAssets": 384403600000, "accountsPayable": 20735600000, "shortLongTermDebt": 17045000000, "otherCurrentLiab": 4744900000, "longTermDebt": 93803400000, "otherLiab": 74068900000, "deferredLongTermLiab": 12674000000, "minorityInterest": 6856800000, "totalCurrentLiabilities": 76154800000, "totalLiab": 244027100000, "commonStock": 15285700000, "retainedEarnings": 111427000000, "treasuryStock": 6807000000, "otherStockholderEquity": 6807000000, "totalStockholderEquity": 133519700000, "netTangibleAssets": 133456000000}, {"maxAge": 1, "endDate": "2017-03-31", "cash": 634200000, "shortTermInvestments": 629000000, "netReceivables": 63126600000, "inventory": 23360000000, "otherCurrentAssets": 10407200000, "totalCurrentAssets": 98350000000, "longTermInvestments": 126900000, "propertyPlantEquipment": 210695400000, "intangibleAssets": 26400000, "otherAssets": 25672200000, "totalAssets": 334870900000, "accountsPayable": 12577000000, "shortLongTermDebt": 8168500000, "otherCurrentLiab": 9902100000, "longTermDebt": 85365600000, "otherLiab": 59435000000, "deferredLongTermLiab": 3943400000, "minorityInterest": 6740800000, "totalCurrentLiabilities": 62064700000, "totalLiab": 206865300000, "commonStock": 15285700000, "retainedEarnings": 100055300000, "treasuryStock": 5923800000, "otherStockholderEquity": 5923800000, "totalStockholderEquity": 121264800000, "netTangibleAssets": 121238400000}], "maxAge": 86400}, "financialData": {"maxAge": 86400, "currentPrice": 47.6, "recommendationKey": "none", "totalCash": 5489500160, "totalCashPerShare": 4.233, "ebitda": 44718276608, "totalDebt": 291630088192, "totalRevenue": 100758700032, "debtToEquity": 193.178, "revenuePerShare": 75.25, "grossProfits": 87018400000, "earningsGrowth": -0.543, "revenueGrowth": -0.192, "grossMargins": 0.85266, "ebitdaMargins": 0.44382, "operatingMargins": 0.29622, "profitMargins": 0.10395, "financialCurrency": "INR"}}}