{"NMDC.BO": {"recommendationTrend": {"trend": [{"period": "0m", "strongBuy": 0, "buy": 0, "hold": 0, "sell": 0, "strongSell": 0}, {"period": "-1m", "strongBuy": 0, "buy": 0, "hold": 0, "sell": 0, "strongSell": 0}, {"period": "-2m", "strongBuy": 0, "buy": 0, "hold": 0, "sell": 0, "strongSell": 0}, {"period": "-3m", "strongBuy": 0, "buy": 0, "hold": 0, "sell": 0, "strongSell": 0}], "maxAge": 86400}, "cashflowStatementHistory": {"cashflowStatements": [{"maxAge": 1, "endDate": "2020-03-31", "netIncome": 35732900000, "depreciation": 2949300000, "changeToNetincome": 3449200000, "changeToAccountReceivables": -10109800000, "changeToLiabilities": 231100000, "changeToInventory": -573400000, "changeToOperatingActivities": -10419600000, "totalCashFromOperatingActivities": 21259700000, "capitalExpenditures": -24034900000, "investments": 17657100000, "otherCashflowsFromInvestingActivities": 4064500000, "totalCashflowsFromInvestingActivities": -3127600000, "dividendsPaid": -16196000000, "netBorrowings": 2014200000, "otherCashflowsFromFinancingActivities": -3351300000, "totalCashFromFinancingActivities": -17533100000, "changeInCash": 599000000}, {"maxAge": 1, "endDate": "2019-03-31", "netIncome": 46188400000, "depreciation": 2790400000, "changeToNetincome": 65100000, "changeToAccountReceivables": -2013200000, "changeToLiabilities": 431500000, "changeToInventory": -944800000, "changeToOperatingActivities": -6502000000, "totalCashFromOperatingActivities": 40015400000, "capitalExpenditures": -20059600000, "investments": 9290300000, "otherCashflowsFromInvestingActivities": 4932800000, "totalCashflowsFromInvestingActivities": -7892300000, "dividendsPaid": -16895700000, "netBorrowings": -1359400000, "otherCashflowsFromFinancingActivities": -3789900000, "totalCashFromFinancingActivities": -32010300000, "changeInCash": 112800000, "repurchaseOfStock": -9965300000}, {"maxAge": 1, "endDate": "2018-03-31", "netIncome": 38084600000, "depreciation": 2566300000, "changeToNetincome": 1550100000, "changeToAccountReceivables": -7661400000, "changeToLiabilities": -392600000, "changeToInventory": -316500000, "changeToOperatingActivities": -67700000, "totalCashFromOperatingActivities": 33762800000, "capitalExpenditures": -20578000000, "investments": -2442900000, "otherCashflowsFromInvestingActivities": 4372100000, "totalCashflowsFromInvestingActivities": -18648800000, "dividendsPaid": -23922500000, "netBorrowings": 5000900000, "otherCashflowsFromFinancingActivities": 3349900000, "totalCashFromFinancingActivities": -15571700000, "changeInCash": -457800000, "repurchaseOfStock": -9965300000}, {"maxAge": 1, "endDate": "2017-03-31", "netIncome": 25438600000, "depreciation": 1966500000, "changeToNetincome": -1114500000, "changeToAccountReceivables": -5489100000, "changeToLiabilities": -1256200000, "changeToInventory": 820100000, "changeToOperatingActivities": 719900000, "totalCashFromOperatingActivities": 21085300000, "capitalExpenditures": -23190600000, "investments": 61132500000, "otherCashflowsFromInvestingActivities": 13771400000, "totalCashflowsFromInvestingActivities": 51713300000, "dividendsPaid": -14614100000, "netBorrowings": -14969500000, "otherCashflowsFromFinancingActivities": 31693900000, "totalCashFromFinancingActivities": -72493200000, "changeInCash": 305400000, "repurchaseOfStock": -74603500000}], "maxAge": 86400}, "institutionOwnership": {"ownershipList": [], "maxAge": 1}, "balanceSheetHistoryQuarterly": {"balanceSheetStatements": [{"maxAge": 1, "endDate": "2020-06-30", "totalStockholderEquity": 276730700000, "netTangibleAssets": 270948800000}, {"maxAge": 1, "endDate": "2020-03-31", "cash": 1055700000, "shortTermInvestments": 23289300000, "netReceivables": 26066400000, "inventory": 7235100000, "otherCurrentAssets": 15833900000, "totalCurrentAssets": 73480400000, "longTermInvestments": 9101000000, "propertyPlantEquipment": 187611700000, "goodWill": 938900000, "intangibleAssets": 4843000000, "otherAssets": 36969300000, "deferredLongTermAssetCharges": 3970700000, "totalAssets": 312944300000, "accountsPayable": 2259000000, "otherCurrentLiab": 15468100000, "otherLiab": 8279600000, "minorityInterest": 80500000, "totalCurrentLiabilities": 27795200000, "totalLiab": 36133100000, "commonStock": 3061900000, "retainedEarnings": 269857400000, "treasuryStock": 3811400000, "otherStockholderEquity": 3811400000, "totalStockholderEquity": 276730700000, "netTangibleAssets": 270948800000}, {"maxAge": 1, "endDate": "2019-12-31", "totalStockholderEquity": 279312900000, "netTangibleAssets": 276772900000}, {"maxAge": 1, "endDate": "2019-09-30", "cash": 39284100000, "shortTermInvestments": 8447000000, "netReceivables": 23057500000, "inventory": 6330300000, "otherCurrentAssets": 5291700000, "totalCurrentAssets": 82410600000, "longTermInvestments": 8661800000, "propertyPlantEquipment": 176165500000, "goodWill": 938900000, "intangibleAssets": 1601100000, "otherAssets": 37815100000, "deferredLongTermAssetCharges": 5712100000, "totalAssets": 307593000000, "accountsPayable": 2139900000, "otherCurrentLiab": 18040000000, "otherLiab": 7969000000, "minorityInterest": 131200000, "totalCurrentLiabilities": 20179900000, "totalLiab": 28148900000, "commonStock": 3061900000, "treasuryStock": 276251000000, "otherStockholderEquity": 276251000000, "totalStockholderEquity": 279312900000, "netTangibleAssets": 276772900000}], "maxAge": 86400}, "earningsHistory": {"history": [{"maxAge": 1, "epsActual": 2.34, "epsEstimate": 2.5, "epsDifference": -0.16, "surprisePercent": -0.064, "quarter": "2017-12-31", "period": "-4q"}, {"maxAge": 1, "epsActual": 3.5, "epsEstimate": 2.78, "epsDifference": 0.72, "surprisePercent": 0.259, "quarter": "2018-03-31", "period": "-3q"}, {"maxAge": 1, "epsActual": 3.08, "epsEstimate": 2.57, "epsDifference": 0.51, "surprisePercent": 0.198, "quarter": "2018-06-30", "period": "-2q"}, {"maxAge": 1, "epsActual": 2.01, "epsEstimate": 2.88, "epsDifference": -0.87, "surprisePercent": -0.30200002, "quarter": "2018-09-30", "period": "-1q"}], "maxAge": 86400}, "indexTrend": {"maxAge": 1, "symbol": "SP5", "peRatio": 19.7411, "pegRatio": 1.34172, "estimates": [{"period": "0q", "growth": 0.549}, {"period": "+1q", "growth": 0.431}, {"period": "0y", "growth": 0.305}, {"period": "+1y", "growth": 0.109}, {"period": "+5y", "growth": 0.120865}, {"period": "-5y"}]}, "industryTrend": {"maxAge": 1, "symbol": null, "estimates": []}, "insiderTransactions": {"transactions": [{"maxAge": 1, "shares": 80582119, "filerUrl": "", "transactionText": "", "filerName": "President of India", "filerRelation": "Promoter", "moneyText": "", "startDate": "2020-02-03", "ownership": "D"}, {"maxAge": 1, "shares": 78535839, "filerUrl": "", "transactionText": "", "filerName": "President of India", "filerRelation": "Promoter", "moneyText": "", "startDate": "2019-03-07", "ownership": "D"}, {"maxAge": 1, "shares": 15910928, "filerUrl": "", "transactionText": "", "filerName": "President of India", "filerRelation": "Promoter", "moneyText": "", "startDate": "2018-01-10", "ownership": "D"}, {"maxAge": 1, "shares": 63643713, "filerUrl": "", "transactionText": "", "filerName": "President of India", "filerRelation": "Promoter", "moneyText": "", "startDate": "2018-01-09", "ownership": "D"}, {"maxAge": 1, "shares": 800820388, "filerUrl": "", "transactionText": "", "filerName": "President of India", "filerRelation": "Promoter", "moneyText": "", "startDate": "2016-10-07", "ownership": "D"}, {"maxAge": 1, "shares": 79839172, "filerUrl": "", "transactionText": "", "filerName": "Life Insurance Corporation of India", "filerRelation": "Institution- Corporation", "moneyText": "", "startDate": "2015-04-11", "ownership": "D"}, {"maxAge": 1, "shares": 396471600, "filerUrl": "", "transactionText": "", "filerName": "President of India", "filerRelation": "Promoter", "moneyText": "", "startDate": "2012-12-12", "ownership": "D"}], "maxAge": 1}, "quoteType": {"exchange": "BSE", "quoteType": "EQUITY", "symbol": "NMDC.BO", "underlyingSymbol": "NMDC.BO", "shortName": "NMDC LTD.", "longName": "NMDC Limited", "firstTradeDateEpochUtc": "1997-08-28 09:15:00", "timeZoneFullName": "Asia/Kolkata", "timeZoneShortName": "IST", "uuid": "7a134274-eded-3344-9513-7995cfce9bf9", "gmtOffSetMilliseconds": 19800000, "maxAge": 1}, "incomeStatementHistory": {"incomeStatementHistory": [{"maxAge": 1, "endDate": "2020-03-31", "totalRevenue": 116992200000, "costOfRevenue": 25937700000, "grossProfit": 91054500000, "researchDevelopment": {}, "sellingGeneralAdministrative": 15698300000, "nonRecurring": {}, "otherOperatingExpenses": 15335500000, "totalOperatingExpenses": 59914200000, "operatingIncome": 57078000000, "totalOtherIncomeExpenseNet": 3786700000, "ebit": 57078000000, "interestExpense": -98800000, "incomeBeforeTax": 60864700000, "incomeTaxExpense": 25127200000, "minorityInterest": 80500000, "netIncomeFromContinuingOps": 35737500000, "discontinuedOperations": -7900000, "extraordinaryItems": {}, "effectOfAccountingCharges": {}, "otherItems": {}, "netIncome": 35732900000, "netIncomeApplicableToCommonShares": 35732900000}, {"maxAge": 1, "endDate": "2019-03-31", "totalRevenue": 121526700000, "costOfRevenue": 25101600000, "grossProfit": 96425100000, "researchDevelopment": {}, "sellingGeneralAdministrative": 13429700000, "nonRecurring": {}, "otherOperatingExpenses": 13734000000, "totalOperatingExpenses": 55055700000, "operatingIncome": 66471000000, "totalOtherIncomeExpenseNet": 5278000000, "ebit": 66471000000, "interestExpense": -403200000, "incomeBeforeTax": 71749000000, "incomeTaxExpense": 25565300000, "minorityInterest": 138900000, "netIncomeFromContinuingOps": 46183700000, "discontinuedOperations": -4200000, "extraordinaryItems": {}, "effectOfAccountingCharges": {}, "otherItems": {}, "netIncome": 46188400000, "netIncomeApplicableToCommonShares": 46188400000}, {"maxAge": 1, "endDate": "2018-03-31", "totalRevenue": 116149000000, "costOfRevenue": 26129500000, "grossProfit": 90019500000, "researchDevelopment": {}, "sellingGeneralAdministrative": 15640100000, "nonRecurring": {}, "otherOperatingExpenses": 16346900000, "totalOperatingExpenses": 60682800000, "operatingIncome": 55466200000, "totalOtherIncomeExpenseNet": 6346800000, "ebit": 55466200000, "interestExpense": -371000000, "incomeBeforeTax": 61813000000, "incomeTaxExpense": 23733400000, "minorityInterest": 148900000, "netIncomeFromContinuingOps": 38079600000, "discontinuedOperations": -4400000, "extraordinaryItems": {}, "effectOfAccountingCharges": {}, "otherItems": {}, "netIncome": 38084600000, "netIncomeApplicableToCommonShares": 38084600000}, {"maxAge": 1, "endDate": "2017-03-31", "totalRevenue": 88281400000, "costOfRevenue": 20930800000, "grossProfit": 67350600000, "researchDevelopment": {}, "sellingGeneralAdministrative": 15003100000, "nonRecurring": {}, "otherOperatingExpenses": 16395000000, "totalOperatingExpenses": 54295400000, "operatingIncome": 33986000000, "totalOtherIncomeExpenseNet": 8486500000, "ebit": 33986000000, "interestExpense": -207800000, "incomeBeforeTax": 42472500000, "incomeTaxExpense": 17040400000, "minorityInterest": 153900000, "netIncomeFromContinuingOps": 25432100000, "discontinuedOperations": -5000000, "extraordinaryItems": {}, "effectOfAccountingCharges": {}, "otherItems": {}, "netIncome": 25438600000, "netIncomeApplicableToCommonShares": 25438600000}], "maxAge": 86400}, "fundOwnership": {"ownershipList": [{"maxAge": 1, "reportDate": "2020-07-31", "organization": "Vanguard International Stock Index-Total Intl Stock Indx", "pctHeld": 0.0043, "position": 13305868, "value": 1114366445}, {"maxAge": 1, "reportDate": "2020-07-31", "organization": "Vanguard International Stock Index-Emerging Markets Stk", "pctHeld": 0.0033000002, "position": 9963556, "value": 834447815}, {"maxAge": 1, "reportDate": "2020-06-30", "organization": "Matthews International  Fds-Matthews India Fd", "pctHeld": 0.00090000004, "position": 2844621, "value": 230698763}, {"maxAge": 1, "reportDate": "2020-08-31", "organization": "WisdomTree Tr-WisdomTree India Earnings Fd", "pctHeld": 0.00090000004, "position": 2624598, "value": 255110925}, {"maxAge": 1, "reportDate": "2020-08-31", "organization": "WisdomTree Tr-Wisdom Tree Emerging Markets High Dividend  Fd", "pctHeld": 0.0005, "position": 1524953, "value": 148225431}, {"maxAge": 1, "reportDate": "2020-07-31", "organization": "Vanguard Intl Equity Index Fds-FTSE All World ex U.S. Index Fund", "pctHeld": 0.0005, "position": 1396472, "value": 116954530}, {"maxAge": 1, "reportDate": "2020-06-30", "organization": "PIMCO Equity Series-PIMCO RAE Emerging Markets Fd", "pctHeld": 0.0004, "position": 1364577, "value": 110667194}, {"maxAge": 1, "reportDate": "2020-06-30", "organization": "Wasatch Global  Value Fund", "pctHeld": 0.0004, "position": 1200000, "value": 97320000}, {"maxAge": 1, "reportDate": "2020-05-31", "organization": "Schwab Strategic Tr-Schwab Emerging Markets Equity ETF", "pctHeld": 0.00029999999, "position": 898346, "value": 72945695}, {"maxAge": 1, "reportDate": "2020-06-30", "organization": "Great-West Fund Inc.Great-West Emerging Markets Equity Fd", "pctHeld": 0.0002, "position": 650082, "value": 52721650}], "maxAge": 1}, "summaryDetail": {"maxAge": 1, "priceHint": 2, "previousClose": 154.0, "open": 154.0, "dayLow": 153.35, "dayHigh": 158.7, "regularMarketPreviousClose": 154.0, "regularMarketOpen": 154.0, "regularMarketDayLow": 153.35, "regularMarketDayHigh": 158.7, "trailingPE": 16.264368, "forwardPE": 17.932026, "volume": 819307, "regularMarketVolume": 819307, "averageVolume": 572837, "averageVolume10days": 430442, "averageDailyVolume10Day": 430442, "bid": 155.65, "ask": 0.0, "bidSize": 0, "askSize": 0, "marketCap": 476576940032, "fiftyTwoWeekLow": 62.0, "fiftyTwoWeekHigh": 158.7, "fiftyDayAverage": 116.87727, "twoHundredDayAverage": 96.81323, "trailingAnnualDividendRate": 5.29, "trailingAnnualDividendYield": 0.03435065, "currency": "INR", "fromCurrency": null, "lastMarket": null, "algorithm": null, "tradeable": false}, "sectorTrend": {"maxAge": 1, "symbol": null, "estimates": []}, "incomeStatementHistoryQuarterly": {"incomeStatementHistory": [{"maxAge": 1, "endDate": "2020-06-30", "totalRevenue": 19375000000, "costOfRevenue": 4172500000, "grossProfit": 15202500000, "researchDevelopment": {}, "sellingGeneralAdministrative": 3743400000, "nonRecurring": {}, "otherOperatingExpenses": 2425200000, "totalOperatingExpenses": 10915000000, "operatingIncome": 8460000000, "totalOtherIncomeExpenseNet": -879800000, "ebit": 8460000000, "interestExpense": -93200000, "incomeBeforeTax": 7580200000, "incomeTaxExpense": 2266700000, "minorityInterest": {}, "netIncomeFromContinuingOps": 5313500000, "discontinuedOperations": -4300000, "extraordinaryItems": {}, "effectOfAccountingCharges": {}, "otherItems": {}, "netIncome": 5310100000, "netIncomeApplicableToCommonShares": 5310100000}, {"maxAge": 1, "endDate": "2020-03-31", "totalRevenue": 31873400000, "costOfRevenue": 8932300000, "grossProfit": 22941100000, "researchDevelopment": {}, "sellingGeneralAdministrative": 3117800000, "nonRecurring": {}, "otherOperatingExpenses": 4944500000, "totalOperatingExpenses": 17664800000, "operatingIncome": 14208600000, "totalOtherIncomeExpenseNet": 265100000, "ebit": 14208600000, "interestExpense": -93200000, "incomeBeforeTax": 14473700000, "incomeTaxExpense": 11312200000, "minorityInterest": 80500000, "netIncomeFromContinuingOps": 3161500000, "discontinuedOperations": -3300000, "extraordinaryItems": {}, "effectOfAccountingCharges": {}, "otherItems": {}, "netIncome": 3153900000, "netIncomeApplicableToCommonShares": 3153900000}, {"maxAge": 1, "endDate": "2019-12-31", "totalRevenue": 30063800000, "costOfRevenue": 6017600000, "grossProfit": 24046200000, "researchDevelopment": {}, "sellingGeneralAdministrative": 4535100000, "nonRecurring": {}, "otherOperatingExpenses": 3610000000, "totalOperatingExpenses": 14809600000, "operatingIncome": 15254200000, "totalOtherIncomeExpenseNet": 1396300000, "ebit": 15254200000, "interestExpense": -97600000, "incomeBeforeTax": 16650500000, "incomeTaxExpense": 2706900000, "minorityInterest": 80500000, "netIncomeFromContinuingOps": 13943600000, "discontinuedOperations": -2100000, "extraordinaryItems": {}, "effectOfAccountingCharges": {}, "otherItems": {}, "netIncome": 13944000000, "netIncomeApplicableToCommonShares": 13944000000}, {"maxAge": 1, "endDate": "2019-09-30", "totalRevenue": 22417600000, "costOfRevenue": 4705400000, "grossProfit": 17712200000, "researchDevelopment": {}, "sellingGeneralAdministrative": 3606900000, "nonRecurring": {}, "otherOperatingExpenses": 3520400000, "totalOperatingExpenses": 12809500000, "operatingIncome": 9608100000, "totalOtherIncomeExpenseNet": 1080000000, "ebit": 9608100000, "interestExpense": -97200000, "incomeBeforeTax": 10688100000, "incomeTaxExpense": 3770700000, "minorityInterest": 131200000, "netIncomeFromContinuingOps": 6917400000, "discontinuedOperations": -1100000, "extraordinaryItems": {}, "effectOfAccountingCharges": {}, "otherItems": {}, "netIncome": 6919400000, "netIncomeApplicableToCommonShares": 6919400000}], "maxAge": 86400}, "cashflowStatementHistoryQuarterly": {"cashflowStatements": [{"maxAge": 1, "endDate": "2020-06-30", "netIncome": 5310100000, "changeToLiabilities": 0}, {"maxAge": 1, "endDate": "2020-03-31", "netIncome": 3153900000, "changeToLiabilities": 0}, {"maxAge": 1, "endDate": "2019-12-31", "netIncome": 13944000000, "changeToLiabilities": 0}, {"maxAge": 1, "endDate": "2019-09-30", "netIncome": 6919400000, "changeToLiabilities": 0}], "maxAge": 86400}, "insiderHolders": {"holders": [{"maxAge": 1, "name": "Life Insurance Corporation of India", "relation": "Institution- Corporation", "url": "", "transactionDescription": "Acquisition", "latestTransDate": "2015-04-11", "positionDirect": 401407008, "positionDirectDate": "2015-04-11"}, {"maxAge": 1, "name": "President of India", "relation": "Promoter", "url": "", "transactionDescription": "Sale", "latestTransDate": "2020-02-03", "positionDirect": 2132453593, "positionDirectDate": "2020-02-03"}], "maxAge": 1}, "earnings": {"maxAge": 86400, "earningsChart": {"quarterly": [{"date": "4Q2017", "actual": 2.34, "estimate": 2.5}, {"date": "1Q2018", "actual": 3.5, "estimate": 2.78}, {"date": "2Q2018", "actual": 3.08, "estimate": 2.57}, {"date": "3Q2018", "actual": 2.01, "estimate": 2.88}], "currentQuarterEstimateDate": "4Q", "currentQuarterEstimateYear": 2018, "earningsDate": ["2020-11-09 05:30:S", "2020-11-13 05:30:S"]}, "financialsChart": {"yearly": [{"date": 2017, "revenue": 88281400000, "earnings": 25438600000}, {"date": 2018, "revenue": 116149000000, "earnings": 38084600000}, {"date": 2019, "revenue": 121526700000, "earnings": 46188400000}, {"date": 2020, "revenue": 116992200000, "earnings": 35732900000}], "quarterly": [{"date": "3Q2019", "revenue": 22417600000, "earnings": 6919400000}, {"date": "4Q2019", "revenue": 30063800000, "earnings": 13944000000}, {"date": "1Q2020", "revenue": 31873400000, "earnings": 3153900000}, {"date": "2Q2020", "revenue": 19375000000, "earnings": 5310100000}]}, "financialCurrency": "INR"}, "calendarEvents": {"maxAge": 1, "earnings": {"earningsDate": ["2020-11-09 05:30:S", "2020-11-13 05:30:S"], "revenueAverage": 10000000000, "revenueLow": 10000000000, "revenueHigh": 10000000000}}, "upgradeDowngradeHistory": {"history": [], "maxAge": 86400}, "price": {"maxAge": 1, "regularMarketChangePercent": 0.010714246, "regularMarketChange": 1.6499939, "regularMarketTime": "2021-04-30 15:59:13", "priceHint": 2, "regularMarketPrice": 155.65, "regularMarketDayHigh": 158.7, "regularMarketDayLow": 153.35, "regularMarketVolume": 819307, "averageDailyVolume10Day": 430442, "averageDailyVolume3Month": 572837, "regularMarketPreviousClose": 154.0, "regularMarketSource": "FREE_REALTIME", "regularMarketOpen": 154.0, "exchange": "BSE", "exchangeName": "BSE", "exchangeDataDelayedBy": 0, "marketState": "CLOSED", "quoteType": "EQUITY", "symbol": "NMDC.BO", "underlyingSymbol": null, "shortName": "NMDC LTD.", "longName": "NMDC Limited", "currency": "INR", "quoteSourceName": "Delayed Quote", "currencySymbol": "\u20b9", "fromCurrency": null, "lastMarket": null, "marketCap": 476576940032}, "balanceSheetHistory": {"balanceSheetStatements": [{"maxAge": 1, "endDate": "2020-03-31", "cash": 1055700000, "shortTermInvestments": 23289300000, "netReceivables": 26066400000, "inventory": 7235100000, "otherCurrentAssets": 15833900000, "totalCurrentAssets": 73480400000, "longTermInvestments": 9101000000, "propertyPlantEquipment": 187611700000, "goodWill": 938900000, "intangibleAssets": 4843000000, "otherAssets": 36969300000, "deferredLongTermAssetCharges": 3970700000, "totalAssets": 312944300000, "accountsPayable": 2259000000, "otherCurrentLiab": 15468100000, "otherLiab": 8279600000, "minorityInterest": 80500000, "totalCurrentLiabilities": 27795200000, "totalLiab": 36133100000, "commonStock": 3061900000, "retainedEarnings": 269857400000, "treasuryStock": 3811400000, "otherStockholderEquity": 3811400000, "totalStockholderEquity": 276730700000, "netTangibleAssets": 270948800000}, {"maxAge": 1, "endDate": "2019-03-31", "cash": 456700000, "shortTermInvestments": 40924100000, "netReceivables": 16404900000, "inventory": 6661700000, "otherCurrentAssets": 15325500000, "totalCurrentAssets": 79772900000, "longTermInvestments": 8588700000, "propertyPlantEquipment": 170174100000, "goodWill": 938900000, "intangibleAssets": 2200100000, "otherAssets": 37237600000, "deferredLongTermAssetCharges": 5827300000, "totalAssets": 298912300000, "accountsPayable": 2027900000, "otherCurrentLiab": 23050400000, "otherLiab": 7685200000, "minorityInterest": 138900000, "totalCurrentLiabilities": 30648200000, "totalLiab": 38333400000, "commonStock": 3061900000, "retainedEarnings": 253643800000, "treasuryStock": 3734300000, "otherStockholderEquity": 3734300000, "totalStockholderEquity": 260440000000, "netTangibleAssets": 257301000000}, {"maxAge": 1, "endDate": "2018-03-31", "cash": 343900000, "shortTermInvestments": 50212900000, "netReceivables": 16827000000, "inventory": 5716900000, "otherCurrentAssets": 15542400000, "totalCurrentAssets": 88643100000, "longTermInvestments": 6727300000, "propertyPlantEquipment": 156946700000, "goodWill": 938900000, "intangibleAssets": 2137100000, "otherAssets": 31520100000, "deferredLongTermAssetCharges": 3857100000, "totalAssets": 286913200000, "accountsPayable": 1596400000, "otherCurrentLiab": 24241000000, "otherLiab": 7141200000, "minorityInterest": 148900000, "totalCurrentLiabilities": 35449000000, "totalLiab": 42590200000, "commonStock": 3163900000, "retainedEarnings": 237898200000, "treasuryStock": 3112000000, "otherStockholderEquity": 3112000000, "totalStockholderEquity": 244174100000, "netTangibleAssets": 241098100000}, {"maxAge": 1, "endDate": "2017-03-31", "cash": 801700000, "shortTermInvestments": 48339700000, "netReceivables": 12172500000, "inventory": 5400400000, "otherCurrentAssets": 13047500000, "totalCurrentAssets": 79761800000, "longTermInvestments": 5692400000, "propertyPlantEquipment": 135888400000, "goodWill": 938900000, "intangibleAssets": 2678500000, "otherAssets": 32876600000, "deferredLongTermAssetCharges": 4533600000, "totalAssets": 257836600000, "accountsPayable": 1989000000, "otherCurrentLiab": 15430800000, "otherLiab": 6113200000, "minorityInterest": 153900000, "totalCurrentLiabilities": 25747400000, "totalLiab": 31860600000, "commonStock": 3163900000, "retainedEarnings": 219995900000, "treasuryStock": 2662300000, "otherStockholderEquity": 2662300000, "totalStockholderEquity": 225822100000, "netTangibleAssets": 222204700000}], "maxAge": 86400}, "earningsTrend": {"trend": [{"maxAge": 1, "period": "0q", "endDate": "2018-12-31", "growth": {}, "earningsEstimate": {"avg": 0.0, "low": 0.0, "high": 0.0, "yearAgoEps": 2.34, "numberOfAnalysts": 0, "growth": {}}, "revenueEstimate": {"avg": 10000000000, "low": 10000000000, "high": 10000000000, "numberOfAnalysts": 1, "yearAgoRevenue": 24690300000, "growth": -0.595}, "epsTrend": {"current": 0.0, "7daysAgo": 0.0, "30daysAgo": 0.0, "60daysAgo": 0.0, "90daysAgo": 0.0}, "epsRevisions": {"upLast7days": 0, "upLast30days": 0, "downLast30days": 0, "downLast90days": {}}}, {"maxAge": 1, "period": "+1q", "endDate": "2019-03-31", "growth": {}, "earningsEstimate": {"avg": 0.0, "low": 0.0, "high": 0.0, "yearAgoEps": 3.5, "numberOfAnalysts": 0, "growth": {}}, "revenueEstimate": {"avg": 31685000000, "low": 31685000000, "high": 31685000000, "numberOfAnalysts": 1, "yearAgoRevenue": 38830100000, "growth": -0.184}, "epsTrend": {"current": 0.0, "7daysAgo": 0.0, "30daysAgo": 0.0, "60daysAgo": 0.0, "90daysAgo": 0.0}, "epsRevisions": {"upLast7days": 0, "upLast30days": 0, "downLast30days": 0, "downLast90days": {}}}, {"maxAge": 1, "period": "0y", "endDate": "2019-03-31", "growth": {}, "earningsEstimate": {"avg": 0.0, "low": 0.0, "high": 0.0, "yearAgoEps": {}, "numberOfAnalysts": 0, "growth": {}}, "revenueEstimate": {"avg": 119307000000, "low": 106807000000, "high": 141082000000, "numberOfAnalysts": 12, "yearAgoRevenue": 116149000000, "growth": 0.027}, "epsTrend": {"current": 0.0, "7daysAgo": 13.3, "30daysAgo": 13.3, "60daysAgo": 13.3, "90daysAgo": 13.3}, "epsRevisions": {"upLast7days": 0, "upLast30days": 1, "downLast30days": 1, "downLast90days": {}}}, {"maxAge": 1, "period": "+1y", "endDate": "2020-03-31", "growth": {}, "earningsEstimate": {"avg": 0.0, "low": 0.0, "high": 0.0, "yearAgoEps": {}, "numberOfAnalysts": 0, "growth": {}}, "revenueEstimate": {"avg": 126600000000, "low": 96200000000, "high": 155263000000, "numberOfAnalysts": 12, "yearAgoRevenue": 119307000000, "growth": 0.061}, "epsTrend": {"current": 0.0, "7daysAgo": 13.29, "30daysAgo": 13.29, "60daysAgo": 13.29, "90daysAgo": 13.29}, "epsRevisions": {"upLast7days": 0, "upLast30days": 1, "downLast30days": 1, "downLast90days": {}}}, {"maxAge": 1, "period": "+5y", "endDate": null, "growth": -0.043, "earningsEstimate": {"avg": {}, "low": {}, "high": {}, "yearAgoEps": {}, "numberOfAnalysts": {}, "growth": {}}, "revenueEstimate": {"avg": {}, "low": {}, "high": {}, "numberOfAnalysts": {}, "yearAgoRevenue": {}, "growth": {}}, "epsTrend": {"current": {}, "7daysAgo": {}, "30daysAgo": {}, "60daysAgo": {}, "90daysAgo": {}}, "epsRevisions": {"upLast7days": {}, "upLast30days": {}, "downLast30days": {}, "downLast90days": {}}}, {"maxAge": 1, "period": "-5y", "endDate": null, "growth": {}, "earningsEstimate": {"avg": {}, "low": {}, "high": {}, "yearAgoEps": {}, "numberOfAnalysts": {}, "growth": {}}, "revenueEstimate": {"avg": {}, "low": {}, "high": {}, "numberOfAnalysts": {}, "yearAgoRevenue": {}, "growth": {}}, "epsTrend": {"current": {}, "7daysAgo": {}, "30daysAgo": {}, "60daysAgo": {}, "90daysAgo": {}}, "epsRevisions": {"upLast7days": {}, "upLast30days": {}, "downLast30days": {}, "downLast90days": {}}}], "maxAge": 1}, "financialData": {"maxAge": 86400, "currentPrice": 155.65, "targetHighPrice": 163.0, "targetLowPrice": 86.0, "targetMeanPrice": 129.0, "targetMedianPrice": 128.5, "recommendationKey": "none", "numberOfAnalystOpinions": 18, "grossProfits": 91054500000, "financialCurrency": "INR"}}}