{"NMDC.NS": {"assetProfile": {"address1": "Khanij Bhavan", "address2": "10-3-311/A, Castle Hills Masab Tank", "city": "Hyderabad", "zip": "500028", "country": "India", "phone": "91 40 2353 8713", "fax": "91 40 2353 8711", "website": "http://www.nmdc.co.in", "industry": "Steel", "sector": "Basic Materials", "longBusinessSummary": "NMDC Limited, together with its subsidiaries, explores for and produces iron ore in India. The company also explores for a range of minerals, such as copper, rock phosphate, lime stone, dolomite, gypsum, bentonite, magnesite, diamond, tin, tungsten, graphite, beach sands, etc., as well as coal and gold ores. In addition, it produces and sells sponge iron; and generates and sells wind power. The company primarily holds interests in the Bailadila iron ore mines located in Kirandul Complex and Bacheli Complex, Chattisgarh; Donimalai iron ore mines located in various regions, including Kudremukh, Donimalai, Bababudan, Kumaraswamy, and Ramandurg in Karnataka; and a diamond mining project located in Panna, Madhya Pradesh. It also exports its iron ore to Japan and South Korea. The company was formerly known as National Mineral Development Corporation Limited. NMDC Limited was founded in 1958 and is headquartered in Hyderabad, India.", "fullTimeEmployees": 5739, "companyOfficers": [{"maxAge": 1, "name": "Mr. Sumit  Deb", "age": 57, "title": "Chairman, MD & Director of Personnel", "yearBorn": 1963, "fiscalYear": 2020, "totalPay": 4478000, "exercisedValue": 0, "unexercisedValue": 0}, {"maxAge": 1, "name": "Mr. Amitava  Mukherjee", "title": "Director of Fin. & Director", "fiscalYear": 2020, "totalPay": 4446000, "exercisedValue": 0, "unexercisedValue": 0}, {"maxAge": 1, "name": "Mr. Alok Kumar Mehta", "title": "Director of Commercial & Director", "fiscalYear": 2020, "totalPay": 5526000, "exercisedValue": 0, "unexercisedValue": 0}, {"maxAge": 1, "name": "Mr. Pradip Kumar Satpathy", "age": 59, "title": "Production Director & Director", "yearBorn": 1961, "fiscalYear": 2020, "totalPay": 8246000, "exercisedValue": 0, "unexercisedValue": 0}, {"maxAge": 1, "name": "Mr. Somnath  Nandi", "title": "Director of Technical & Director", "exercisedValue": 0, "unexercisedValue": 0}, {"maxAge": 1, "name": "Mr. V. V. S. Sundaram", "title": "Gen. Mang. of Personnel & Admin.", "exercisedValue": 0, "unexercisedValue": 0}, {"maxAge": 1, "name": "Mr. A. S. Pardha Saradhi", "title": "Compliance Officer & Company Sec.", "exercisedValue": 0, "unexercisedValue": 0}, {"maxAge": 1, "name": "Mr. V. Ajit Kumar", "title": "Chief Gen. Mang. of Slurry Pipeline Project", "exercisedValue": 0, "unexercisedValue": 0}, {"maxAge": 1, "name": "Mr. M. Jayapal Reddy", "title": "Chief Gen. Mang. of Resource Planning", "exercisedValue": 0, "unexercisedValue": 0}, {"maxAge": 1, "name": "Mr. K.S.N.  Murthy", "title": "Chief Gen. Mang. of Estate", "exercisedValue": 0, "unexercisedValue": 0}], "compensationAsOfEpochDate": "2020-12-31 05:30:00", "maxAge": 86400}, "recommendationTrend": {"trend": [{"period": "0m", "strongBuy": 0, "buy": 0, "hold": 0, "sell": 0, "strongSell": 0}, {"period": "-1m", "strongBuy": 4, "buy": 4, "hold": 4, "sell": 4, "strongSell": 3}, {"period": "-2m", "strongBuy": 4, "buy": 4, "hold": 4, "sell": 4, "strongSell": 3}, {"period": "-3m", "strongBuy": 4, "buy": 5, "hold": 3, "sell": 4, "strongSell": 3}], "maxAge": 86400}, "cashflowStatementHistory": {"cashflowStatements": [{"maxAge": 1, "endDate": "2020-03-31", "netIncome": 35732900000, "depreciation": 2949300000, "changeToNetincome": 3449200000, "changeToAccountReceivables": -10109800000, "changeToLiabilities": 231100000, "changeToInventory": -573400000, "changeToOperatingActivities": -10419600000, "totalCashFromOperatingActivities": 21259700000, "capitalExpenditures": -24034900000, "investments": 17657100000, "otherCashflowsFromInvestingActivities": 4064500000, "totalCashflowsFromInvestingActivities": -3127600000, "dividendsPaid": -16196000000, "netBorrowings": 2014200000, "otherCashflowsFromFinancingActivities": -3351300000, "totalCashFromFinancingActivities": -17533100000, "changeInCash": 599000000}, {"maxAge": 1, "endDate": "2019-03-31", "netIncome": 46188400000, "depreciation": 2790400000, "changeToNetincome": 65100000, "changeToAccountReceivables": -2013200000, "changeToLiabilities": 431500000, "changeToInventory": -944800000, "changeToOperatingActivities": -6502000000, "totalCashFromOperatingActivities": 40015400000, "capitalExpenditures": -20059600000, "investments": 9290300000, "otherCashflowsFromInvestingActivities": 4932800000, "totalCashflowsFromInvestingActivities": -7892300000, "dividendsPaid": -16895700000, "netBorrowings": -1359400000, "otherCashflowsFromFinancingActivities": -3789900000, "totalCashFromFinancingActivities": -32010300000, "changeInCash": 112800000, "repurchaseOfStock": -9965300000}, {"maxAge": 1, "endDate": "2018-03-31", "netIncome": 38084600000, "depreciation": 2566300000, "changeToNetincome": 1550100000, "changeToAccountReceivables": -7661400000, "changeToLiabilities": -392600000, "changeToInventory": -316500000, "changeToOperatingActivities": -67700000, "totalCashFromOperatingActivities": 33762800000, "capitalExpenditures": -20578000000, "investments": -2442900000, "otherCashflowsFromInvestingActivities": 4372100000, "totalCashflowsFromInvestingActivities": -18648800000, "dividendsPaid": -23922500000, "netBorrowings": 5000900000, "otherCashflowsFromFinancingActivities": 3349900000, "totalCashFromFinancingActivities": -15571700000, "changeInCash": -457800000, "repurchaseOfStock": -9965300000}, {"maxAge": 1, "endDate": "2017-03-31", "netIncome": 25438600000, "depreciation": 1966500000, "changeToNetincome": -1114500000, "changeToAccountReceivables": -5489100000, "changeToLiabilities": -1256200000, "changeToInventory": 820100000, "changeToOperatingActivities": 719900000, "totalCashFromOperatingActivities": 21085300000, "capitalExpenditures": -23190600000, "investments": 61132500000, "otherCashflowsFromInvestingActivities": 13771400000, "totalCashflowsFromInvestingActivities": 51713300000, "dividendsPaid": -14614100000, "netBorrowings": -14969500000, "otherCashflowsFromFinancingActivities": 31693900000, "totalCashFromFinancingActivities": -72493200000, "changeInCash": 305400000, "repurchaseOfStock": -74603500000}], "maxAge": 86400}, "indexTrend": {"maxAge": 1, "symbol": "SP5", "peRatio": 19.7411, "pegRatio": 1.34172, "estimates": [{"period": "0q", "growth": 0.549}, {"period": "+1q", "growth": 0.431}, {"period": "0y", "growth": 0.305}, {"period": "+1y", "growth": 0.109}, {"period": "+5y", "growth": 0.120865}, {"period": "-5y"}]}, "defaultKeyStatistics": {"maxAge": 1, "priceHint": 2, "enterpriseValue": 440082694144, "forwardPE": 12.390613, "profitMargins": 0.32081002, "floatShares": 967464061, "sharesOutstanding": 2930609920, "heldPercentInsiders": 0.68541, "heldPercentInstitutions": 0.19934, "beta": 1.182275, "category": null, "bookValue": 94.443, "priceToBook": 1.6491429, "fundFamily": null, "legalType": null, "lastFiscalYearEnd": "2020-03-31 05:30:00", "nextFiscalYearEnd": "2022-03-31 05:30:00", "mostRecentQuarter": "2020-12-31 05:30:00", "earningsQuarterlyGrowth": 0.547, "netIncomeToCommon": 37582299136, "trailingEps": 12.267, "forwardEps": 12.57, "pegRatio": 1.31, "lastSplitFactor": "3:1", "lastSplitDate": "2008-05-21 05:30:00", "enterpriseToRevenue": 3.758, "enterpriseToEbitda": 7.208, "52WeekChange": 1.0850067, "SandP52WeekChange": 0.48148263, "lastDividendValue": 7.76, "lastDividendDate": 1616371200}, "industryTrend": {"maxAge": 1, "symbol": null, "estimates": []}, "quoteType": {"exchange": "NSI", "quoteType": "EQUITY", "symbol": "NMDC.NS", "underlyingSymbol": "NMDC.NS", "shortName": "NMDC LTD", "longName": "NMDC Limited", "firstTradeDateEpochUtc": "2008-03-03 09:15:00", "timeZoneFullName": "Asia/Kolkata", "timeZoneShortName": "IST", "uuid": "7a3cb0ee-03cd-31bc-a187-6abda84aebff", "messageBoardId": "finmb_9531876", "gmtOffSetMilliseconds": 19800000, "maxAge": 1}, "incomeStatementHistory": {"incomeStatementHistory": [{"maxAge": 1, "endDate": "2020-03-31", "totalRevenue": 116992200000, "costOfRevenue": 25937700000, "grossProfit": 91054500000, "researchDevelopment": {}, "sellingGeneralAdministrative": 15698300000, "nonRecurring": {}, "otherOperatingExpenses": 15335500000, "totalOperatingExpenses": 59914200000, "operatingIncome": 57078000000, "totalOtherIncomeExpenseNet": 3786700000, "ebit": 57078000000, "interestExpense": -98800000, "incomeBeforeTax": 60864700000, "incomeTaxExpense": 25127200000, "minorityInterest": 80500000, "netIncomeFromContinuingOps": 35737500000, "discontinuedOperations": -7900000, "extraordinaryItems": {}, "effectOfAccountingCharges": {}, "otherItems": {}, "netIncome": 35732900000, "netIncomeApplicableToCommonShares": 35732900000}, {"maxAge": 1, "endDate": "2019-03-31", "totalRevenue": 121526700000, "costOfRevenue": 25101600000, "grossProfit": 96425100000, "researchDevelopment": {}, "sellingGeneralAdministrative": 13429700000, "nonRecurring": {}, "otherOperatingExpenses": 13734000000, "totalOperatingExpenses": 55055700000, "operatingIncome": 66471000000, "totalOtherIncomeExpenseNet": 5278000000, "ebit": 66471000000, "interestExpense": -403200000, "incomeBeforeTax": 71749000000, "incomeTaxExpense": 25565300000, "minorityInterest": 138900000, "netIncomeFromContinuingOps": 46183700000, "discontinuedOperations": -4200000, "extraordinaryItems": {}, "effectOfAccountingCharges": {}, "otherItems": {}, "netIncome": 46188400000, "netIncomeApplicableToCommonShares": 46188400000}, {"maxAge": 1, "endDate": "2018-03-31", "totalRevenue": 116149000000, "costOfRevenue": 26129500000, "grossProfit": 90019500000, "researchDevelopment": {}, "sellingGeneralAdministrative": 15640100000, "nonRecurring": {}, "otherOperatingExpenses": 16346900000, "totalOperatingExpenses": 60682800000, "operatingIncome": 55466200000, "totalOtherIncomeExpenseNet": 6346800000, "ebit": 55466200000, "interestExpense": -371000000, "incomeBeforeTax": 61813000000, "incomeTaxExpense": 23733400000, "minorityInterest": 148900000, "netIncomeFromContinuingOps": 38079600000, "discontinuedOperations": -4400000, "extraordinaryItems": {}, "effectOfAccountingCharges": {}, "otherItems": {}, "netIncome": 38084600000, "netIncomeApplicableToCommonShares": 38084600000}, {"maxAge": 1, "endDate": "2017-03-31", "totalRevenue": 88281400000, "costOfRevenue": 20930800000, "grossProfit": 67350600000, "researchDevelopment": {}, "sellingGeneralAdministrative": 15003100000, "nonRecurring": {}, "otherOperatingExpenses": 16395000000, "totalOperatingExpenses": 54295400000, "operatingIncome": 33986000000, "totalOtherIncomeExpenseNet": 8486500000, "ebit": 33986000000, "interestExpense": -207800000, "incomeBeforeTax": 42472500000, "incomeTaxExpense": 17040400000, "minorityInterest": 153900000, "netIncomeFromContinuingOps": 25432100000, "discontinuedOperations": -5000000, "extraordinaryItems": {}, "effectOfAccountingCharges": {}, "otherItems": {}, "netIncome": 25438600000, "netIncomeApplicableToCommonShares": 25438600000}], "maxAge": 86400}, "fundOwnership": {"maxAge": 1, "ownershipList": [{"maxAge": 1, "reportDate": "2021-01-31", "organization": "Vanguard International Stock Index-Total Intl Stock Indx", "pctHeld": 0.0037, "position": 10873143, "value": 1143854643}, {"maxAge": 1, "reportDate": "2021-01-31", "organization": "Vanguard International Stock Index-Emerging Markets Stk", "pctHeld": 0.0036000002, "position": 10574117, "value": 1112397108}, {"maxAge": 1, "reportDate": "2021-02-28", "organization": "WisdomTree Tr-Wisdom Tree Emerging Markets High Dividend  Fd", "pctHeld": 0.0008, "position": 2208715, "value": 280506805}, {"maxAge": 1, "reportDate": "2020-12-31", "organization": "PIMCO Equity Series-PIMCO RAE Emerging Markets Fd", "pctHeld": 0.0007, "position": 2104451, "value": 240854416}, {"maxAge": 1, "reportDate": "2021-02-28", "organization": "WisdomTree Tr-WisdomTree India Earnings Fd", "pctHeld": 0.0007, "position": 2006568, "value": 254834136}, {"maxAge": 1, "reportDate": "2021-01-31", "organization": "Vanguard Intl Equity Index Fds-FTSE All World ex U.S. Index Fund", "pctHeld": 0.0005, "position": 1396472, "value": 146908854}, {"maxAge": 1, "reportDate": "2020-12-31", "organization": "Wasatch Global  Value Fund", "pctHeld": 0.0004, "position": 1300000, "value": 148785000}, {"maxAge": 1, "reportDate": "2021-02-28", "organization": "Schwab Strategic Tr-Schwab Emerging Markets Equity ETF", "pctHeld": 0.0004, "position": 1026501, "value": 130365627}, {"maxAge": 1, "reportDate": "2021-03-31", "organization": "VanEck Vectors ETF Tr-India Growth Leaders ETF", "pctHeld": 0.0002, "position": 491632, "value": 66542391}, {"maxAge": 1, "reportDate": "2021-01-31", "organization": "DFA Emerging Markets Series", "pctHeld": 0.0001, "position": 397000, "value": 41764400}]}, "summaryDetail": {"maxAge": 1, "priceHint": 2, "previousClose": 154.0, "open": 154.0, "dayLow": 152.75, "dayHigh": 158.7, "regularMarketPreviousClose": 154.0, "regularMarketOpen": 154.0, "regularMarketDayLow": 152.75, "regularMarketDayHigh": 158.7, "dividendRate": 7.76, "dividendYield": 0.0504, "exDividendDate": "2021-03-22 05:30:00", "payoutRatio": 0.431, "fiveYearAvgDividendYield": 5.82, "beta": 1.182275, "trailingPE": 12.696666, "forwardPE": 12.390613, "volume": 16666879, "regularMarketVolume": 16666879, "averageVolume": 12615238, "averageVolume10days": 10645756, "averageDailyVolume10Day": 10645756, "bid": 0.0, "ask": 0.0, "bidSize": 0, "askSize": 0, "marketCap": 456442511360, "fiftyTwoWeekLow": 69.85, "fiftyTwoWeekHigh": 158.7, "priceToSalesTrailing12Months": 3.897943, "fiftyDayAverage": 137.70555, "twoHundredDayAverage": 115.516205, "trailingAnnualDividendRate": 0.0, "trailingAnnualDividendYield": 0.0, "currency": "INR", "fromCurrency": null, "toCurrency": null, "lastMarket": null, "algorithm": null, "tradeable": false}, "insiderHolders": {"holders": [{"maxAge": 1, "name": "Life Insurance Corporation of India", "relation": "Institution- Corporation", "url": "", "transactionDescription": "Acquisition", "latestTransDate": "2015-04-11", "positionDirect": 401407008, "positionDirectDate": "2015-04-11"}, {"maxAge": 1, "name": "President of India", "relation": "Promoter", "url": "", "transactionDescription": "Sale", "latestTransDate": "2020-02-03", "positionDirect": 2132453593, "positionDirectDate": "2020-02-03"}], "maxAge": 1}, "calendarEvents": {"maxAge": 1, "earnings": {"earningsDate": [], "earningsAverage": 2.5, "earningsLow": 2.4, "earningsHigh": 2.6, "revenueAverage": 23933800000, "revenueLow": 22716000000, "revenueHigh": 24637000000}, "exDividendDate": "2021-03-22 05:30:00"}, "price": {"maxAge": 1, "regularMarketChangePercent": 0.011363637, "regularMarketChange": 1.75, "regularMarketTime": "2021-04-30 15:30:02", "priceHint": 2, "regularMarketPrice": 155.75, "regularMarketDayHigh": 158.7, "regularMarketDayLow": 152.75, "regularMarketVolume": 16666879, "averageDailyVolume10Day": 10645756, "averageDailyVolume3Month": 12615238, "regularMarketPreviousClose": 154.0, "regularMarketSource": "FREE_REALTIME", "regularMarketOpen": 154.0, "exchange": "NSI", "exchangeName": "NSE", "exchangeDataDelayedBy": 15, "marketState": "CLOSED", "quoteType": "EQUITY", "symbol": "NMDC.NS", "underlyingSymbol": null, "shortName": "NMDC LTD", "longName": "NMDC Limited", "currency": "INR", "quoteSourceName": "Delayed Quote", "currencySymbol": "\u20b9", "fromCurrency": null, "toCurrency": null, "lastMarket": null, "marketCap": 456442511360}, "balanceSheetHistory": {"balanceSheetStatements": [{"maxAge": 1, "endDate": "2020-03-31", "cash": 1055700000, "shortTermInvestments": 23289300000, "netReceivables": 26066400000, "inventory": 7235100000, "otherCurrentAssets": 15833900000, "totalCurrentAssets": 73480400000, "longTermInvestments": 9101000000, "propertyPlantEquipment": 187611700000, "goodWill": 938900000, "intangibleAssets": 4843000000, "otherAssets": 36969300000, "deferredLongTermAssetCharges": 3970700000, "totalAssets": 312944300000, "accountsPayable": 2259000000, "otherCurrentLiab": 15468100000, "otherLiab": 8279600000, "minorityInterest": 80500000, "totalCurrentLiabilities": 27795200000, "totalLiab": 36133100000, "commonStock": 3061900000, "retainedEarnings": 269857400000, "treasuryStock": 3811400000, "otherStockholderEquity": 3811400000, "totalStockholderEquity": 276730700000, "netTangibleAssets": 270948800000}, {"maxAge": 1, "endDate": "2019-03-31", "cash": 456700000, "shortTermInvestments": 40924100000, "netReceivables": 16404900000, "inventory": 6661700000, "otherCurrentAssets": 15325500000, "totalCurrentAssets": 79772900000, "longTermInvestments": 8588700000, "propertyPlantEquipment": 170174100000, "goodWill": 938900000, "intangibleAssets": 2200100000, "otherAssets": 37237600000, "deferredLongTermAssetCharges": 5827300000, "totalAssets": 298912300000, "accountsPayable": 2027900000, "otherCurrentLiab": 23050400000, "otherLiab": 7685200000, "minorityInterest": 138900000, "totalCurrentLiabilities": 30648200000, "totalLiab": 38333400000, "commonStock": 3061900000, "retainedEarnings": 253643800000, "treasuryStock": 3734300000, "otherStockholderEquity": 3734300000, "totalStockholderEquity": 260440000000, "netTangibleAssets": 257301000000}, {"maxAge": 1, "endDate": "2018-03-31", "cash": 343900000, "shortTermInvestments": 50212900000, "netReceivables": 16827000000, "inventory": 5716900000, "otherCurrentAssets": 15542400000, "totalCurrentAssets": 88643100000, "longTermInvestments": 6727300000, "propertyPlantEquipment": 156946700000, "goodWill": 938900000, "intangibleAssets": 2137100000, "otherAssets": 31520100000, "deferredLongTermAssetCharges": 3857100000, "totalAssets": 286913200000, "accountsPayable": 1596400000, "otherCurrentLiab": 24241000000, "otherLiab": 7141200000, "minorityInterest": 148900000, "totalCurrentLiabilities": 35449000000, "totalLiab": 42590200000, "commonStock": 3163900000, "retainedEarnings": 237898200000, "treasuryStock": 3112000000, "otherStockholderEquity": 3112000000, "totalStockholderEquity": 244174100000, "netTangibleAssets": 241098100000}, {"maxAge": 1, "endDate": "2017-03-31", "cash": 801700000, "shortTermInvestments": 48339700000, "netReceivables": 12172500000, "inventory": 5400400000, "otherCurrentAssets": 13047500000, "totalCurrentAssets": 79761800000, "longTermInvestments": 5692400000, "propertyPlantEquipment": 135888400000, "goodWill": 938900000, "intangibleAssets": 2678500000, "otherAssets": 32876600000, "deferredLongTermAssetCharges": 4533600000, "totalAssets": 257836600000, "accountsPayable": 1989000000, "otherCurrentLiab": 15430800000, "otherLiab": 6113200000, "minorityInterest": 153900000, "totalCurrentLiabilities": 25747400000, "totalLiab": 31860600000, "commonStock": 3163900000, "retainedEarnings": 219995900000, "treasuryStock": 2662300000, "otherStockholderEquity": 2662300000, "totalStockholderEquity": 225822100000, "netTangibleAssets": 222204700000}], "maxAge": 86400}, "earningsTrend": {"trend": [{"maxAge": 1, "period": "0q", "endDate": "2017-12-31", "growth": 0.016, "earningsEstimate": {"avg": 2.5, "low": 2.4, "high": 2.6, "yearAgoEps": 2.46, "numberOfAnalysts": 2, "growth": 0.016}, "revenueEstimate": {"avg": 23933800000, "low": 22716000000, "high": 24637000000, "numberOfAnalysts": 9, "yearAgoRevenue": 24978600000, "growth": -0.042}, "epsTrend": {"current": 2.5, "7daysAgo": 2.5, "30daysAgo": 0.0, "60daysAgo": 0.0, "90daysAgo": 0.0}, "epsRevisions": {"upLast7days": 0, "upLast30days": 0, "downLast30days": 0, "downLast90days": {}}}, {"maxAge": 1, "period": "+1q", "endDate": "2018-03-31", "growth": {}, "earningsEstimate": {"avg": 0.0, "low": 0.0, "high": 0.0, "yearAgoEps": 0.98, "numberOfAnalysts": 0, "growth": {}}, "revenueEstimate": {"avg": 32466000000, "low": 32466000000, "high": 32466000000, "numberOfAnalysts": 1, "yearAgoRevenue": 28713200000, "growth": 0.131}, "epsTrend": {"current": 0.0, "7daysAgo": 0.0, "30daysAgo": 0.0, "60daysAgo": 0.0, "90daysAgo": 0.0}, "epsRevisions": {"upLast7days": 0, "upLast30days": 0, "downLast30days": 0, "downLast90days": {}}}, {"maxAge": 1, "period": "0y", "endDate": "2018-03-31", "growth": 0.666, "earningsEstimate": {"avg": 12.03, "low": 10.6, "high": 14.4, "yearAgoEps": 7.22, "numberOfAnalysts": 18, "growth": 0.666}, "revenueEstimate": {"avg": 109574000000, "low": 97899000000, "high": 119857000000, "numberOfAnalysts": 18, "yearAgoRevenue": 88277600000, "growth": 0.241}, "epsTrend": {"current": 12.03, "7daysAgo": 12.09, "30daysAgo": 12.61, "60daysAgo": 11.79, "90daysAgo": 11.67}, "epsRevisions": {"upLast7days": 0, "upLast30days": 3, "downLast30days": 0, "downLast90days": {}}}, {"maxAge": 1, "period": "+1y", "endDate": "2019-03-31", "growth": 0.045, "earningsEstimate": {"avg": 12.57, "low": 9.7, "high": 16.0, "yearAgoEps": 12.03, "numberOfAnalysts": 18, "growth": 0.045}, "revenueEstimate": {"avg": 116697000000, "low": 99800000000, "high": 134269000000, "numberOfAnalysts": 18, "yearAgoRevenue": 109574000000, "growth": 0.065}, "epsTrend": {"current": 12.57, "7daysAgo": 12.51, "30daysAgo": 13.05, "60daysAgo": 11.9, "90daysAgo": 11.71}, "epsRevisions": {"upLast7days": 0, "upLast30days": 3, "downLast30days": 0, "downLast90days": {}}}, {"maxAge": 1, "period": "+5y", "endDate": null, "growth": 0.081, "earningsEstimate": {"avg": {}, "low": {}, "high": {}, "yearAgoEps": {}, "numberOfAnalysts": {}, "growth": {}}, "revenueEstimate": {"avg": {}, "low": {}, "high": {}, "numberOfAnalysts": {}, "yearAgoRevenue": {}, "growth": {}}, "epsTrend": {"current": {}, "7daysAgo": {}, "30daysAgo": {}, "60daysAgo": {}, "90daysAgo": {}}, "epsRevisions": {"upLast7days": {}, "upLast30days": {}, "downLast30days": {}, "downLast90days": {}}}, {"maxAge": 1, "period": "-5y", "endDate": null, "growth": -0.17774999, "earningsEstimate": {"avg": {}, "low": {}, "high": {}, "yearAgoEps": {}, "numberOfAnalysts": {}, "growth": {}}, "revenueEstimate": {"avg": {}, "low": {}, "high": {}, "numberOfAnalysts": {}, "yearAgoRevenue": {}, "growth": {}}, "epsTrend": {"current": {}, "7daysAgo": {}, "30daysAgo": {}, "60daysAgo": {}, "90daysAgo": {}}, "epsRevisions": {"upLast7days": {}, "upLast30days": {}, "downLast30days": {}, "downLast90days": {}}}], "maxAge": 1}, "institutionOwnership": {"maxAge": 1, "ownershipList": []}, "majorHoldersBreakdown": {"maxAge": 1, "insidersPercentHeld": 0.68541, "institutionsPercentHeld": 0.19934, "institutionsFloatPercentHeld": 0.63365, "institutionsCount": 89}, "balanceSheetHistoryQuarterly": {"balanceSheetStatements": [{"maxAge": 1, "endDate": "2020-12-31", "totalStockholderEquity": 288847200000, "netTangibleAssets": 283120600000}, {"maxAge": 1, "endDate": "2020-09-30", "cash": 27466100000, "shortTermInvestments": 9186000000, "netReceivables": 20772900000, "inventory": 7266200000, "otherCurrentAssets": 12724500000, "totalCurrentAssets": 77415700000, "longTermInvestments": 8442000000, "propertyPlantEquipment": 190406200000, "goodWill": 938900000, "intangibleAssets": 4787700000, "otherAssets": 41736700000, "deferredLongTermAssetCharges": 3898100000, "totalAssets": 323727200000, "accountsPayable": 1751800000, "otherCurrentLiab": 19272900000, "longTermDebt": 5238000000, "otherLiab": 8471900000, "minorityInterest": 88200000, "totalCurrentLiabilities": 21024700000, "totalLiab": 34791800000, "commonStock": 3061900000, "treasuryStock": 285785300000, "otherStockholderEquity": 285785300000, "totalStockholderEquity": 288847200000, "netTangibleAssets": 283120600000}, {"maxAge": 1, "endDate": "2020-06-30", "totalStockholderEquity": 276730700000, "netTangibleAssets": 270948800000}, {"maxAge": 1, "endDate": "2020-03-31", "cash": 1055700000, "shortTermInvestments": 23289300000, "netReceivables": 26066400000, "inventory": 7235100000, "otherCurrentAssets": 15833900000, "totalCurrentAssets": 73480400000, "longTermInvestments": 9101000000, "propertyPlantEquipment": 187611700000, "goodWill": 938900000, "intangibleAssets": 4843000000, "otherAssets": 36969300000, "deferredLongTermAssetCharges": 3970700000, "totalAssets": 312944300000, "accountsPayable": 2259000000, "otherCurrentLiab": 15468100000, "otherLiab": 8279600000, "minorityInterest": 80500000, "totalCurrentLiabilities": 27795200000, "totalLiab": 36133100000, "commonStock": 3061900000, "retainedEarnings": 269857400000, "treasuryStock": 3811400000, "otherStockholderEquity": 3811400000, "totalStockholderEquity": 276730700000, "netTangibleAssets": 270948800000}], "maxAge": 86400}, "earningsHistory": {"history": [{"maxAge": 1, "epsActual": 2.46, "epsEstimate": 2.7, "epsDifference": -0.24, "surprisePercent": -0.088999994, "quarter": "2016-12-31", "period": "-4q"}, {"maxAge": 1, "epsActual": 0.98, "epsEstimate": 2.8, "epsDifference": -1.82, "surprisePercent": -0.65, "quarter": "2017-03-31", "period": "-3q"}, {"maxAge": 1, "epsActual": 3.06, "epsEstimate": 2.6, "epsDifference": 0.46, "surprisePercent": 0.177, "quarter": "2017-06-30", "period": "-2q"}, {"maxAge": 1, "epsActual": 2.67, "epsEstimate": 2.5, "epsDifference": 0.17, "surprisePercent": 0.068, "quarter": "2017-09-30", "period": "-1q"}], "maxAge": 86400}, "summaryProfile": {"address1": "Khanij Bhavan", "address2": "10-3-311/A, Castle Hills Masab Tank", "city": "Hyderabad", "zip": "500028", "country": "India", "phone": "91 40 2353 8713", "fax": "91 40 2353 8711", "website": "http://www.nmdc.co.in", "industry": "Steel", "sector": "Basic Materials", "longBusinessSummary": "NMDC Limited, together with its subsidiaries, explores for and produces iron ore in India. The company also explores for a range of minerals, such as copper, rock phosphate, lime stone, dolomite, gypsum, bentonite, magnesite, diamond, tin, tungsten, graphite, beach sands, etc., as well as coal and gold ores. In addition, it produces and sells sponge iron; and generates and sells wind power. The company primarily holds interests in the Bailadila iron ore mines located in Kirandul Complex and Bacheli Complex, Chattisgarh; Donimalai iron ore mines located in various regions, including Kudremukh, Donimalai, Bababudan, Kumaraswamy, and Ramandurg in Karnataka; and a diamond mining project located in Panna, Madhya Pradesh. It also exports its iron ore to Japan and South Korea. The company was formerly known as National Mineral Development Corporation Limited. NMDC Limited was founded in 1958 and is headquartered in Hyderabad, India.", "fullTimeEmployees": 5739, "companyOfficers": [], "maxAge": 86400}, "netSharePurchaseActivity": {"maxAge": 1, "period": "6m", "buyInfoCount": 0, "buyInfoShares": 0, "sellInfoCount": 0, "netInfoCount": 0, "netInfoShares": 0, "netPercentInsiderShares": 0.0, "totalInsiderShares": 2097850496}, "insiderTransactions": {"transactions": [{"maxAge": 1, "shares": 80582119, "filerUrl": "", "transactionText": "", "filerName": "President of India", "filerRelation": "Promoter", "moneyText": "", "startDate": "2020-02-03", "ownership": "D"}, {"maxAge": 1, "shares": 78535839, "filerUrl": "", "transactionText": "", "filerName": "President of India", "filerRelation": "Promoter", "moneyText": "", "startDate": "2019-03-07", "ownership": "D"}, {"maxAge": 1, "shares": 15910928, "filerUrl": "", "transactionText": "", "filerName": "President of India", "filerRelation": "Promoter", "moneyText": "", "startDate": "2018-01-10", "ownership": "D"}, {"maxAge": 1, "shares": 63643713, "filerUrl": "", "transactionText": "", "filerName": "President of India", "filerRelation": "Promoter", "moneyText": "", "startDate": "2018-01-09", "ownership": "D"}, {"maxAge": 1, "shares": 800820388, "filerUrl": "", "transactionText": "", "filerName": "President of India", "filerRelation": "Promoter", "moneyText": "", "startDate": "2016-10-07", "ownership": "D"}, {"maxAge": 1, "shares": 79839172, "filerUrl": "", "transactionText": "", "filerName": "Life Insurance Corporation of India", "filerRelation": "Institution- Corporation", "moneyText": "", "startDate": "2015-04-11", "ownership": "D"}, {"maxAge": 1, "shares": 396471600, "filerUrl": "", "transactionText": "", "filerName": "President of India", "filerRelation": "Promoter", "moneyText": "", "startDate": "2012-12-12", "ownership": "D"}], "maxAge": 1}, "sectorTrend": {"maxAge": 1, "symbol": null, "estimates": []}, "incomeStatementHistoryQuarterly": {"incomeStatementHistory": [{"maxAge": 1, "endDate": "2020-12-31", "totalRevenue": 43551000000, "costOfRevenue": 7314800000, "grossProfit": 36236200000, "researchDevelopment": {}, "sellingGeneralAdministrative": 4966100000, "nonRecurring": {}, "otherOperatingExpenses": 3602400000, "totalOperatingExpenses": 16489200000, "operatingIncome": 27061800000, "totalOtherIncomeExpenseNet": 1539800000, "ebit": 27061800000, "interestExpense": -16400000, "incomeBeforeTax": 28601600000, "incomeTaxExpense": 7020100000, "minorityInterest": {}, "netIncomeFromContinuingOps": 21581500000, "discontinuedOperations": -3500000, "extraordinaryItems": {}, "effectOfAccountingCharges": {}, "otherItems": {}, "netIncome": 21578100000, "netIncomeApplicableToCommonShares": 21578100000}, {"maxAge": 1, "endDate": "2020-09-30", "totalRevenue": 22298900000, "costOfRevenue": 4866700000, "grossProfit": 17432200000, "researchDevelopment": {}, "sellingGeneralAdministrative": 3927600000, "nonRecurring": {}, "otherOperatingExpenses": 3216200000, "totalOperatingExpenses": 12546800000, "operatingIncome": 9752100000, "totalOtherIncomeExpenseNet": 668400000, "ebit": 9752100000, "interestExpense": -17200000, "incomeBeforeTax": 10420500000, "incomeTaxExpense": 2892000000, "minorityInterest": 88200000, "netIncomeFromContinuingOps": 7528500000, "discontinuedOperations": -5400000, "extraordinaryItems": {}, "effectOfAccountingCharges": {}, "otherItems": {}, "netIncome": 7523700000, "netIncomeApplicableToCommonShares": 7523700000}, {"maxAge": 1, "endDate": "2020-06-30", "totalRevenue": 19375000000, "costOfRevenue": 4172500000, "grossProfit": 15202500000, "researchDevelopment": {}, "sellingGeneralAdministrative": 3743400000, "nonRecurring": {}, "otherOperatingExpenses": 2425200000, "totalOperatingExpenses": 10915000000, "operatingIncome": 8460000000, "totalOtherIncomeExpenseNet": -879800000, "ebit": 8460000000, "interestExpense": -93200000, "incomeBeforeTax": 7580200000, "incomeTaxExpense": 2266700000, "minorityInterest": 88200000, "netIncomeFromContinuingOps": 5313500000, "discontinuedOperations": -4300000, "extraordinaryItems": {}, "effectOfAccountingCharges": {}, "otherItems": {}, "netIncome": 5310100000, "netIncomeApplicableToCommonShares": 5310100000}, {"maxAge": 1, "endDate": "2020-03-31", "totalRevenue": 31873400000, "costOfRevenue": 8932300000, "grossProfit": 22941100000, "researchDevelopment": {}, "sellingGeneralAdministrative": 3117800000, "nonRecurring": {}, "otherOperatingExpenses": 4944500000, "totalOperatingExpenses": 17664800000, "operatingIncome": 14208600000, "totalOtherIncomeExpenseNet": 265100000, "ebit": 14208600000, "interestExpense": -93200000, "incomeBeforeTax": 14473700000, "incomeTaxExpense": 11312200000, "minorityInterest": 80500000, "netIncomeFromContinuingOps": 3161500000, "discontinuedOperations": -3300000, "extraordinaryItems": {}, "effectOfAccountingCharges": {}, "otherItems": {}, "netIncome": 3153900000, "netIncomeApplicableToCommonShares": 3153900000}], "maxAge": 86400}, "cashflowStatementHistoryQuarterly": {"cashflowStatements": [{"maxAge": 1, "endDate": "2020-12-31", "netIncome": 21578100000, "changeToLiabilities": 0}, {"maxAge": 1, "endDate": "2020-09-30", "netIncome": 7523700000, "changeToLiabilities": 0}, {"maxAge": 1, "endDate": "2020-06-30", "netIncome": 5310100000, "changeToLiabilities": 0}, {"maxAge": 1, "endDate": "2020-03-31", "netIncome": 3153900000, "changeToLiabilities": 0}], "maxAge": 86400}, "earnings": {"maxAge": 86400, "earningsChart": {"quarterly": [{"date": "4Q2016", "actual": 2.46, "estimate": 2.7}, {"date": "1Q2017", "actual": 0.98, "estimate": 2.8}, {"date": "2Q2017", "actual": 3.06, "estimate": 2.6}, {"date": "3Q2017", "actual": 2.67, "estimate": 2.5}], "currentQuarterEstimate": 2.5, "currentQuarterEstimateDate": "4Q", "currentQuarterEstimateYear": 2017, "earningsDate": []}, "financialsChart": {"yearly": [{"date": 2017, "revenue": 88281400000, "earnings": 25438600000}, {"date": 2018, "revenue": 116149000000, "earnings": 38084600000}, {"date": 2019, "revenue": 121526700000, "earnings": 46188400000}, {"date": 2020, "revenue": 116992200000, "earnings": 35732900000}], "quarterly": [{"date": "1Q2020", "revenue": 31873400000, "earnings": 3153900000}, {"date": "2Q2020", "revenue": 19375000000, "earnings": 5310100000}, {"date": "3Q2020", "revenue": 22298900000, "earnings": 7523700000}, {"date": "4Q2020", "revenue": 43551000000, "earnings": 21578100000}]}, "financialCurrency": "INR"}, "financialData": {"maxAge": 86400, "currentPrice": 155.75, "targetHighPrice": 215.0, "targetLowPrice": 94.0, "targetMeanPrice": 146.05, "targetMedianPrice": 142.5, "recommendationMean": 2.7, "recommendationKey": "hold", "numberOfAnalystOpinions": 20, "totalCash": 36652101632, "totalCashPerShare": 11.975, "ebitda": 61050974208, "totalDebt": 5295200256, "totalRevenue": 117098299392, "debtToEquity": 1.833, "revenuePerShare": 38.248, "grossProfits": 91054500000, "earningsGrowth": 0.549, "revenueGrowth": 0.449, "grossMargins": 0.78406, "ebitdaMargins": 0.52136004, "operatingMargins": 0.49515998, "profitMargins": 0.32081002, "financialCurrency": "INR"}}}