{"NOIDATOLL.NS": {"assetProfile": {"address1": "Toll Plaza", "address2": "DND Flyway", "city": "Noida", "zip": "201301", "country": "India", "phone": "91 12 0251 6495", "website": "http://www.ntbcl.com", "industry": "Infrastructure Operations", "sector": "Industrials", "longBusinessSummary": "Noida Toll Bridge Company Limited develops, establishes, constructs, operates, and maintains Delhi Noida toll bridge on a build-own-operate-transfer basis in India. It also provides space advertisement and offices. The company was incorporated in 1996 and is based in Noida, India.", "fullTimeEmployees": 20, "companyOfficers": [{"maxAge": 1, "name": "Mr. Rajiv  Jain", "age": 55, "title": "Chief Exec. Officer", "yearBorn": 1965, "fiscalYear": 2020, "totalPay": 4805041, "exercisedValue": 0, "unexercisedValue": 0}, {"maxAge": 1, "name": "Mr. Amit  Agrawal", "age": 37, "title": "Chief Financial Officer", "yearBorn": 1983, "fiscalYear": 2020, "totalPay": 1151206, "exercisedValue": 0, "unexercisedValue": 0}, {"maxAge": 1, "name": "Mr. Gagan  Singhal ACS", "age": 38, "title": "Company Sec. & Compliance Officer", "yearBorn": 1982, "fiscalYear": 2020, "totalPay": 1240400, "exercisedValue": 0, "unexercisedValue": 0}], "compensationAsOfEpochDate": "2020-12-31 05:30:00", "maxAge": 86400}, "recommendationTrend": {"trend": [{"period": "0m", "strongBuy": 0, "buy": 0, "hold": 0, "sell": 0, "strongSell": 0}, {"period": "-1m", "strongBuy": 0, "buy": 0, "hold": 0, "sell": 0, "strongSell": 0}, {"period": "-2m", "strongBuy": 0, "buy": 0, "hold": 0, "sell": 0, "strongSell": 0}, {"period": "-3m", "strongBuy": 0, "buy": 0, "hold": 0, "sell": 0, "strongSell": 0}], "maxAge": 86400}, "cashflowStatementHistory": {"cashflowStatements": [{"maxAge": 1, "endDate": "2020-03-31", "netIncome": -303691000, "depreciation": 419816000, "changeToNetincome": 4439000, "changeToAccountReceivables": 11529000, "changeToLiabilities": 0, "changeToOperatingActivities": -27108000, "totalCashFromOperatingActivities": 104985000, "capitalExpenditures": -72000, "totalCashflowsFromInvestingActivities": -30000, "otherCashflowsFromFinancingActivities": -241000, "totalCashFromFinancingActivities": -241000, "changeInCash": 104714000}, {"maxAge": 1, "endDate": "2019-03-31", "netIncome": -358988000, "depreciation": 432851000, "changeToNetincome": -128733000, "changeToAccountReceivables": 1082000, "changeToLiabilities": 0, "changeToOperatingActivities": 61498000, "totalCashFromOperatingActivities": 7710000, "capitalExpenditures": -72000, "totalCashflowsFromInvestingActivities": 4341000, "netBorrowings": 4261000, "otherCashflowsFromFinancingActivities": -5750000, "totalCashFromFinancingActivities": -1489000, "changeInCash": 10562000}, {"maxAge": 1, "endDate": "2018-03-31", "netIncome": -578178000, "depreciation": 422701000, "changeToNetincome": 87261000, "changeToAccountReceivables": -20754000, "changeToLiabilities": 0, "changeToInventory": 47000, "changeToOperatingActivities": 58444000, "totalCashFromOperatingActivities": -30479000, "capitalExpenditures": -30289000, "otherCashflowsFromInvestingActivities": 50374000, "totalCashflowsFromInvestingActivities": 23645000, "netBorrowings": 65482000, "otherCashflowsFromFinancingActivities": -64821000, "totalCashFromFinancingActivities": 661000, "changeInCash": -6173000}, {"maxAge": 1, "endDate": "2017-03-31", "netIncome": 22826000, "depreciation": 379596000, "changeToNetincome": -84870000, "changeToAccountReceivables": -34473000, "changeToLiabilities": 0, "changeToInventory": -6726000, "changeToOperatingActivities": 55248000, "totalCashFromOperatingActivities": 331601000, "capitalExpenditures": -324883000, "otherCashflowsFromInvestingActivities": 50374000, "totalCashflowsFromInvestingActivities": -324349000, "dividendsPaid": -279296000, "netBorrowings": 128300000, "otherCashflowsFromFinancingActivities": -114054000, "totalCashFromFinancingActivities": -265050000, "changeInCash": -257798000}], "maxAge": 86400}, "indexTrend": {"maxAge": 1, "symbol": "SP5", "peRatio": 19.7411, "pegRatio": 1.34172, "estimates": [{"period": "0q", "growth": 0.549}, {"period": "+1q", "growth": 0.431}, {"period": "0y", "growth": 0.305}, {"period": "+1y", "growth": 0.109}, {"period": "+5y", "growth": 0.120865}, {"period": "-5y"}]}, "defaultKeyStatistics": {"maxAge": 1, "priceHint": 2, "enterpriseValue": 1714215040, "profitMargins": 0.0, "floatShares": 118084869, "sharesOutstanding": 186195008, "heldPercentInsiders": 0.36631, "heldPercentInstitutions": 0.02421, "beta": 0.333942, "category": null, "bookValue": 17.721, "priceToBook": 0.33575982, "fundFamily": null, "legalType": null, "lastFiscalYearEnd": "2020-03-31 05:30:00", "nextFiscalYearEnd": "2022-03-31 05:30:00", "mostRecentQuarter": "2020-12-31 05:30:00", "netIncomeToCommon": -371020992, "trailingEps": -1.99, "lastSplitFactor": null, "enterpriseToRevenue": 14.448, "enterpriseToEbitda": 62.678, "52WeekChange": 0.75, "SandP52WeekChange": 0.48148263, "lastDividendValue": 1.5, "lastDividendDate": 1474416000}, "industryTrend": {"maxAge": 1, "symbol": null, "estimates": []}, "quoteType": {"exchange": "NSI", "quoteType": "EQUITY", "symbol": "NOIDATOLL.NS", "underlyingSymbol": "NOIDATOLL.NS", "shortName": "NOIDA TOLL BRIDGE", "longName": "Noida Toll Bridge Company Limited", "firstTradeDateEpochUtc": "2002-12-06 09:15:00", "timeZoneFullName": "Asia/Kolkata", "timeZoneShortName": "IST", "uuid": "9ab5868b-bf5e-3865-bbd2-a7226913f1e8", "messageBoardId": "finmb_9455861", "gmtOffSetMilliseconds": 19800000, "maxAge": 1}, "incomeStatementHistory": {"incomeStatementHistory": [{"maxAge": 1, "endDate": "2020-03-31", "totalRevenue": 246922000, "costOfRevenue": 146991000, "grossProfit": 99931000, "researchDevelopment": {}, "sellingGeneralAdministrative": 282000, "nonRecurring": {}, "otherOperatingExpenses": -4934000, "totalOperatingExpenses": 562155000, "operatingIncome": -315233000, "totalOtherIncomeExpenseNet": 11542000, "ebit": -315233000, "interestExpense": {}, "incomeBeforeTax": -303691000, "incomeTaxExpense": 0, "minorityInterest": -182000, "netIncomeFromContinuingOps": -303691000, "discontinuedOperations": {}, "extraordinaryItems": {}, "effectOfAccountingCharges": {}, "otherItems": {}, "netIncome": -303691000, "netIncomeApplicableToCommonShares": -303691000}, {"maxAge": 1, "endDate": "2019-03-31", "totalRevenue": 203637000, "costOfRevenue": 182294000, "grossProfit": 21343000, "researchDevelopment": {}, "sellingGeneralAdministrative": 325000, "nonRecurring": {}, "otherOperatingExpenses": 68520000, "totalOperatingExpenses": 683990000, "operatingIncome": -480353000, "totalOtherIncomeExpenseNet": -78922000, "ebit": -480353000, "interestExpense": -54051000, "incomeBeforeTax": -559275000, "incomeTaxExpense": -200582000, "minorityInterest": -182000, "netIncomeFromContinuingOps": -358693000, "discontinuedOperations": {}, "extraordinaryItems": {}, "effectOfAccountingCharges": {}, "otherItems": {}, "netIncome": -358988000, "netIncomeApplicableToCommonShares": -358988000}, {"maxAge": 1, "endDate": "2018-03-31", "totalRevenue": 162774000, "costOfRevenue": 191140000, "grossProfit": -28366000, "researchDevelopment": {}, "sellingGeneralAdministrative": 1136000, "nonRecurring": {}, "otherOperatingExpenses": 57946000, "totalOperatingExpenses": 672923000, "operatingIncome": -510149000, "totalOtherIncomeExpenseNet": -63314000, "ebit": -510149000, "interestExpense": -58386000, "incomeBeforeTax": -573463000, "incomeTaxExpense": 5272000, "minorityInterest": -306000, "netIncomeFromContinuingOps": -578735000, "discontinuedOperations": {}, "extraordinaryItems": {}, "effectOfAccountingCharges": {}, "otherItems": {}, "netIncome": -578178000, "netIncomeApplicableToCommonShares": -578178000}, {"maxAge": 1, "endDate": "2017-03-31", "totalRevenue": 870454000, "costOfRevenue": 294441000, "grossProfit": 576013000, "researchDevelopment": {}, "sellingGeneralAdministrative": 8356000, "nonRecurring": {}, "otherOperatingExpenses": 110425000, "totalOperatingExpenses": 792818000, "operatingIncome": 77636000, "totalOtherIncomeExpenseNet": -42843000, "ebit": 77636000, "interestExpense": -56983000, "incomeBeforeTax": 34793000, "incomeTaxExpense": 11967000, "minorityInterest": -306000, "netIncomeFromContinuingOps": 22826000, "discontinuedOperations": {}, "extraordinaryItems": {}, "effectOfAccountingCharges": {}, "otherItems": {}, "netIncome": 22826000, "netIncomeApplicableToCommonShares": 22826000}], "maxAge": 86400}, "fundOwnership": {"maxAge": 1, "ownershipList": []}, "summaryDetail": {"maxAge": 1, "priceHint": 2, "previousClose": 5.8, "open": 5.9, "dayLow": 5.8, "dayHigh": 6.0, "regularMarketPreviousClose": 5.8, "regularMarketOpen": 5.9, "regularMarketDayLow": 5.8, "regularMarketDayHigh": 6.0, "exDividendDate": "2016-09-21 05:30:00", "payoutRatio": 0.0, "beta": 0.333942, "volume": 39660, "regularMarketVolume": 39660, "averageVolume": 112340, "averageVolume10days": 51568, "averageDailyVolume10Day": 51568, "bid": 0.0, "ask": 0.0, "bidSize": 0, "askSize": 0, "marketCap": 1102130304, "fiftyTwoWeekLow": 2.7, "fiftyTwoWeekHigh": 8.65, "priceToSalesTrailing12Months": 9.288841, "fiftyDayAverage": 6.598485, "twoHundredDayAverage": 6.366312, "trailingAnnualDividendRate": 0.045, "trailingAnnualDividendYield": 0.0077586207, "currency": "INR", "fromCurrency": null, "toCurrency": null, "lastMarket": null, "algorithm": null, "tradeable": false}, "insiderHolders": {"holders": [{"maxAge": 1, "name": "Bhargava (Raj Kumar)", "relation": "", "url": "", "transactionDescription": "Bought", "latestTransDate": "2010-05-17", "positionDirect": 77345, "positionDirectDate": "2010-05-17"}, {"maxAge": 1, "name": "General Insurance Corporation of India", "relation": "", "url": "", "transactionDescription": "Holding", "latestTransDate": "2011-03-31", "positionDirect": 2000000, "positionDirectDate": "2011-03-31"}, {"maxAge": 1, "name": "HDFC Asset Management Co., Ltd.", "relation": "", "url": "", "transactionDescription": "Holding", "latestTransDate": "2010-03-31", "positionDirect": 9907000, "positionDirectDate": "2010-03-31"}, {"maxAge": 1, "name": "HSBC Global Investment Funds Mauritius Ltd", "relation": "", "url": "", "transactionDescription": "Holding", "latestTransDate": "2011-03-31", "positionDirect": 8280000, "positionDirectDate": "2011-03-31"}, {"maxAge": 1, "name": "ICICI Lombard General Insurance Company", "relation": "", "url": "", "transactionDescription": "Holding", "latestTransDate": "2011-03-31", "positionDirect": 3000000, "positionDirectDate": "2011-03-31"}, {"maxAge": 1, "name": "Infrastructure Leasing & Financial Services Ltd", "relation": "", "url": "", "transactionDescription": "Holding", "latestTransDate": "2011-03-31", "positionDirect": 49095007, "positionDirectDate": "2011-03-31"}, {"maxAge": 1, "name": "Life Insurance Corporation of India", "relation": "", "url": "", "transactionDescription": "Holding", "latestTransDate": "2011-03-31", "positionDirect": 7005398, "positionDirectDate": "2011-03-31"}, {"maxAge": 1, "name": "Macedo (Monisha Prabhu)", "relation": "", "url": "", "transactionDescription": "Holding", "latestTransDate": "2015-02-23", "positionDirect": 31000, "positionDirectDate": "2015-02-23"}, {"maxAge": 1, "name": "Morgan Stanley Mauritius Company International, Ltd.", "relation": "", "url": "", "transactionDescription": "Holding", "latestTransDate": "2011-03-31", "positionDirect": 2255000, "positionDirectDate": "2011-03-31"}, {"maxAge": 1, "name": "New Okhla Industrial Development Authority", "relation": "", "url": "", "transactionDescription": "Holding", "latestTransDate": "2011-03-31", "positionDirect": 10000000, "positionDirectDate": "2011-03-31"}], "maxAge": 1}, "calendarEvents": {"maxAge": 1, "earnings": {"earningsDate": []}, "exDividendDate": "2016-09-21 05:30:00"}, "price": {"maxAge": 1, "regularMarketChangePercent": 0.025862003, "regularMarketChange": 0.14999962, "regularMarketTime": "2021-04-30 15:28:54", "priceHint": 2, "regularMarketPrice": 5.95, "regularMarketDayHigh": 6.0, "regularMarketDayLow": 5.8, "regularMarketVolume": 39660, "averageDailyVolume10Day": 51568, "averageDailyVolume3Month": 112340, "regularMarketPreviousClose": 5.8, "regularMarketSource": "FREE_REALTIME", "regularMarketOpen": 5.9, "exchange": "NSI", "exchangeName": "NSE", "exchangeDataDelayedBy": 15, "marketState": "CLOSED", "quoteType": "EQUITY", "symbol": "NOIDATOLL.NS", "underlyingSymbol": null, "shortName": "NOIDA TOLL BRIDGE", "longName": "Noida Toll Bridge Company Limited", "currency": "INR", "quoteSourceName": "Delayed Quote", "currencySymbol": "\u20b9", "fromCurrency": null, "toCurrency": null, "lastMarket": null, "marketCap": 1102130304}, "balanceSheetHistory": {"balanceSheetStatements": [{"maxAge": 1, "endDate": "2020-03-31", "cash": 115591000, "netReceivables": 59781000, "inventory": 4865000, "otherCurrentAssets": 149021000, "totalCurrentAssets": 329258000, "propertyPlantEquipment": 111662000, "intangibleAssets": 4127073000, "otherAssets": 239164000, "totalAssets": 4807157000, "accountsPayable": 65864000, "shortLongTermDebt": 474055000, "otherCurrentLiab": 195442000, "otherLiab": 346738000, "minorityInterest": -182000, "totalCurrentLiabilities": 936866000, "totalLiab": 1283604000, "commonStock": 1861950000, "retainedEarnings": 219231000, "treasuryStock": -3727000, "capitalSurplus": 1446281000, "otherStockholderEquity": -3727000, "totalStockholderEquity": 3523735000, "netTangibleAssets": -603338000}, {"maxAge": 1, "endDate": "2019-03-31", "cash": 10877000, "netReceivables": 71331000, "inventory": 6614000, "otherCurrentAssets": 157961000, "totalCurrentAssets": 246783000, "propertyPlantEquipment": 141309000, "intangibleAssets": 4517230000, "otherAssets": 240252000, "totalAssets": 5145574000, "accountsPayable": 78595000, "shortLongTermDebt": 499899000, "otherCurrentLiab": 188245000, "otherLiab": 339772000, "minorityInterest": -182000, "totalCurrentLiabilities": 978593000, "totalLiab": 1318365000, "commonStock": 1861950000, "retainedEarnings": 522922000, "treasuryStock": -3762000, "capitalSurplus": 1446281000, "otherStockholderEquity": -3762000, "totalStockholderEquity": 3827391000, "netTangibleAssets": -689839000}, {"maxAge": 1, "endDate": "2018-03-31", "cash": 315000, "netReceivables": 72432000, "inventory": 8246000, "otherCurrentAssets": 149191000, "totalCurrentAssets": 230184000, "propertyPlantEquipment": 158956000, "intangibleAssets": 4907388000, "otherAssets": 270275000, "totalAssets": 5566803000, "accountsPayable": 41404000, "shortLongTermDebt": 102539000, "otherCurrentLiab": 269058000, "longTermDebt": 347184000, "otherLiab": 434473000, "minorityInterest": -306000, "totalCurrentLiabilities": 598560000, "totalLiab": 1380217000, "commonStock": 1861950000, "retainedEarnings": 881910000, "treasuryStock": -3249000, "capitalSurplus": 1446281000, "otherStockholderEquity": -3249000, "totalStockholderEquity": 4186892000, "netTangibleAssets": -720496000}, {"maxAge": 1, "endDate": "2017-03-31", "cash": 6488000, "netReceivables": 51764000, "inventory": 8293000, "otherCurrentAssets": 150647000, "totalCurrentAssets": 217192000, "propertyPlantEquipment": 329654000, "intangibleAssets": 5060153000, "otherAssets": 324453000, "totalAssets": 5931452000, "accountsPayable": 31576000, "shortLongTermDebt": 100000000, "otherCurrentLiab": 178244000, "longTermDebt": 445808000, "otherLiab": 383225000, "totalCurrentLiabilities": 337340000, "totalLiab": 1166373000, "commonStock": 1861950000, "retainedEarnings": 1460088000, "treasuryStock": -3240000, "capitalSurplus": 1446281000, "otherStockholderEquity": -3240000, "totalStockholderEquity": 4765079000, "netTangibleAssets": -295074000}], "maxAge": 86400}, "earningsTrend": {"trend": [{"maxAge": 1, "period": "0q", "endDate": null, "growth": {}, "earningsEstimate": {"avg": 0.0, "low": 0.0, "high": 0.0, "yearAgoEps": {}, "numberOfAnalysts": 0, "growth": {}}, "revenueEstimate": {"avg": 0, "low": 0, "high": 0, "numberOfAnalysts": 0, "yearAgoRevenue": {}, "growth": {}}, "epsTrend": {"current": 0.0, "7daysAgo": 0.0, "30daysAgo": 0.0, "60daysAgo": 0.0, "90daysAgo": 0.0}, "epsRevisions": {"upLast7days": 0, "upLast30days": 0, "downLast30days": 0, "downLast90days": {}}}, {"maxAge": 1, "period": "+1q", "endDate": null, "growth": {}, "earningsEstimate": {"avg": 0.0, "low": 0.0, "high": 0.0, "yearAgoEps": {}, "numberOfAnalysts": 0, "growth": {}}, "revenueEstimate": {"avg": 0, "low": 0, "high": 0, "numberOfAnalysts": 0, "yearAgoRevenue": {}, "growth": {}}, "epsTrend": {"current": 0.0, "7daysAgo": 0.0, "30daysAgo": 0.0, "60daysAgo": 0.0, "90daysAgo": 0.0}, "epsRevisions": {"upLast7days": 0, "upLast30days": 0, "downLast30days": 0, "downLast90days": {}}}, {"maxAge": 1, "period": "0y", "endDate": null, "growth": {}, "earningsEstimate": {"avg": 0.0, "low": 0.0, "high": 0.0, "yearAgoEps": {}, "numberOfAnalysts": 0, "growth": {}}, "revenueEstimate": {"avg": 0, "low": 0, "high": 0, "numberOfAnalysts": 0, "yearAgoRevenue": {}, "growth": {}}, "epsTrend": {"current": 0.0, "7daysAgo": 0.0, "30daysAgo": 0.0, "60daysAgo": 0.0, "90daysAgo": 0.0}, "epsRevisions": {"upLast7days": 0, "upLast30days": 0, "downLast30days": 0, "downLast90days": {}}}, {"maxAge": 1, "period": "+1y", "endDate": null, "growth": {}, "earningsEstimate": {"avg": 0.0, "low": 0.0, "high": 0.0, "yearAgoEps": {}, "numberOfAnalysts": 0, "growth": {}}, "revenueEstimate": {"avg": 0, "low": 0, "high": 0, "numberOfAnalysts": 0, "yearAgoRevenue": {}, "growth": {}}, "epsTrend": {"current": 0.0, "7daysAgo": 0.0, "30daysAgo": 0.0, "60daysAgo": 0.0, "90daysAgo": 0.0}, "epsRevisions": {"upLast7days": 0, "upLast30days": 0, "downLast30days": 0, "downLast90days": {}}}, {"maxAge": 1, "period": "+5y", "endDate": null, "growth": {}, "earningsEstimate": {"avg": {}, "low": {}, "high": {}, "yearAgoEps": {}, "numberOfAnalysts": {}, "growth": {}}, "revenueEstimate": {"avg": {}, "low": {}, "high": {}, "numberOfAnalysts": {}, "yearAgoRevenue": {}, "growth": {}}, "epsTrend": {"current": {}, "7daysAgo": {}, "30daysAgo": {}, "60daysAgo": {}, "90daysAgo": {}}, "epsRevisions": {"upLast7days": {}, "upLast30days": {}, "downLast30days": {}, "downLast90days": {}}}, {"maxAge": 1, "period": "-5y", "endDate": null, "growth": 0.21256, "earningsEstimate": {"avg": {}, "low": {}, "high": {}, "yearAgoEps": {}, "numberOfAnalysts": {}, "growth": {}}, "revenueEstimate": {"avg": {}, "low": {}, "high": {}, "numberOfAnalysts": {}, "yearAgoRevenue": {}, "growth": {}}, "epsTrend": {"current": {}, "7daysAgo": {}, "30daysAgo": {}, "60daysAgo": {}, "90daysAgo": {}}, "epsRevisions": {"upLast7days": {}, "upLast30days": {}, "downLast30days": {}, "downLast90days": {}}}], "maxAge": 1}, "institutionOwnership": {"maxAge": 1, "ownershipList": []}, "majorHoldersBreakdown": {"maxAge": 1, "insidersPercentHeld": 0.36631, "institutionsPercentHeld": 0.02421, "institutionsFloatPercentHeld": 0.03821, "institutionsCount": 1}, "balanceSheetHistoryQuarterly": {"balanceSheetStatements": [{"maxAge": 1, "endDate": "2020-12-31", "totalStockholderEquity": 3299510000, "netTangibleAssets": -631950000}, {"maxAge": 1, "endDate": "2020-09-30", "cash": 133227000, "netReceivables": 55565000, "inventory": 4054000, "otherCurrentAssets": 140841000, "totalCurrentAssets": 333687000, "propertyPlantEquipment": 97205000, "intangibleAssets": 3931460000, "otherAssets": 239102000, "totalAssets": 4601454000, "accountsPayable": 64486000, "shortLongTermDebt": 589648000, "otherCurrentLiab": 111535000, "otherLiab": 358412000, "minorityInterest": -180000, "totalCurrentLiabilities": 943712000, "totalLiab": 1302124000, "commonStock": 1861950000, "treasuryStock": 1437560000, "otherStockholderEquity": 1437560000, "totalStockholderEquity": 3299510000, "netTangibleAssets": -631950000}, {"maxAge": 1, "endDate": "2020-06-30", "totalStockholderEquity": 3523736000, "netTangibleAssets": -603337000}, {"maxAge": 1, "endDate": "2020-03-31", "cash": 115591000, "netReceivables": 59781000, "inventory": 4865000, "otherCurrentAssets": 149021000, "totalCurrentAssets": 329258000, "propertyPlantEquipment": 111662000, "intangibleAssets": 4127073000, "otherAssets": 239164000, "totalAssets": 4807157000, "accountsPayable": 65864000, "shortLongTermDebt": 474055000, "otherCurrentLiab": 195442000, "otherLiab": 346738000, "minorityInterest": -182000, "totalCurrentLiabilities": 936866000, "totalLiab": 1283604000, "commonStock": 1861950000, "retainedEarnings": 219231000, "treasuryStock": -3727000, "capitalSurplus": 1446281000, "otherStockholderEquity": -3727000, "totalStockholderEquity": 3523735000, "netTangibleAssets": -603338000}], "maxAge": 86400}, "earningsHistory": {"history": [{"maxAge": 1, "epsActual": {}, "epsEstimate": {}, "epsDifference": {}, "surprisePercent": {}, "quarter": {}, "period": "-4q"}, {"maxAge": 1, "epsActual": {}, "epsEstimate": {}, "epsDifference": {}, "surprisePercent": {}, "quarter": {}, "period": "-3q"}, {"maxAge": 1, "epsActual": {}, "epsEstimate": {}, "epsDifference": {}, "surprisePercent": {}, "quarter": {}, "period": "-2q"}, {"maxAge": 1, "epsActual": {}, "epsEstimate": {}, "epsDifference": {}, "surprisePercent": {}, "quarter": {}, "period": "-1q"}], "maxAge": 86400}, "summaryProfile": {"address1": "Toll Plaza", "address2": "DND Flyway", "city": "Noida", "zip": "201301", "country": "India", "phone": "91 12 0251 6495", "website": "http://www.ntbcl.com", "industry": "Infrastructure Operations", "sector": "Industrials", "longBusinessSummary": "Noida Toll Bridge Company Limited develops, establishes, constructs, operates, and maintains Delhi Noida toll bridge on a build-own-operate-transfer basis in India. It also provides space advertisement and offices. The company was incorporated in 1996 and is based in Noida, India.", "fullTimeEmployees": 20, "companyOfficers": [], "maxAge": 86400}, "netSharePurchaseActivity": {"maxAge": 1, "period": "6m", "buyInfoCount": 0, "buyInfoShares": 0, "sellInfoCount": 0, "netInfoCount": 0, "netInfoShares": 0, "netPercentInsiderShares": 0.0, "totalInsiderShares": 68205096}, "insiderTransactions": {"transactions": [{"maxAge": 1, "shares": 0, "filerUrl": "", "transactionText": "", "filerName": "Macedo (Monisha Prabhu)", "filerRelation": "", "moneyText": "", "startDate": "2015-02-23", "ownership": "D"}, {"maxAge": 1, "shares": 0, "filerUrl": "", "transactionText": "", "filerName": "ICICI Lombard General Insurance Company", "filerRelation": "", "moneyText": "", "startDate": "2011-03-31", "ownership": "D"}, {"maxAge": 1, "shares": 0, "filerUrl": "", "transactionText": "", "filerName": "New Okhla Industrial Development Authority", "filerRelation": "", "moneyText": "", "startDate": "2011-03-31", "ownership": "D"}, {"maxAge": 1, "shares": 0, "filerUrl": "", "transactionText": "", "filerName": "Infrastructure Leasing & Financial Services Ltd", "filerRelation": "", "moneyText": "", "startDate": "2011-03-31", "ownership": "D"}, {"maxAge": 1, "shares": 0, "filerUrl": "", "transactionText": "", "filerName": "HSBC Global Investment Funds Mauritius Ltd", "filerRelation": "", "moneyText": "", "startDate": "2011-03-31", "ownership": "D"}, {"maxAge": 1, "shares": 0, "filerUrl": "", "transactionText": "", "filerName": "General Insurance Corporation of India", "filerRelation": "", "moneyText": "", "startDate": "2011-03-31", "ownership": "D"}, {"maxAge": 1, "shares": 0, "filerUrl": "", "transactionText": "", "filerName": "Morgan Stanley Mauritius Company International, Ltd.", "filerRelation": "", "moneyText": "", "startDate": "2011-03-31", "ownership": "D"}, {"maxAge": 1, "shares": 0, "filerUrl": "", "transactionText": "", "filerName": "Life Insurance Corporation of India", "filerRelation": "", "moneyText": "", "startDate": "2011-03-31", "ownership": "D"}, {"maxAge": 1, "shares": 0, "filerUrl": "", "transactionText": "", "filerName": "ICICI Lombard General Insurance Company", "filerRelation": "", "moneyText": "", "startDate": "2010-12-31", "ownership": "D"}, {"maxAge": 1, "shares": 0, "filerUrl": "", "transactionText": "", "filerName": "New Okhla Industrial Development Authority", "filerRelation": "", "moneyText": "", "startDate": "2010-12-31", "ownership": "D"}, {"maxAge": 1, "shares": 0, "filerUrl": "", "transactionText": "", "filerName": "General Insurance Corporation of India", "filerRelation": "", "moneyText": "", "startDate": "2010-12-31", "ownership": "D"}, {"maxAge": 1, "shares": 0, "filerUrl": "", "transactionText": "", "filerName": "Morgan Stanley Mauritius Company International, Ltd.", "filerRelation": "", "moneyText": "", "startDate": "2010-12-31", "ownership": "D"}, {"maxAge": 1, "shares": 1345182, "filerUrl": "", "transactionText": "", "filerName": "Life Insurance Corporation of India", "filerRelation": "", "moneyText": "", "startDate": "2010-12-31", "ownership": "D"}, {"maxAge": 1, "shares": 5377166, "filerUrl": "", "transactionText": "", "filerName": "HSBC Global Investment Funds Mauritius Ltd", "filerRelation": "", "moneyText": "", "startDate": "2010-12-31", "ownership": "D"}, {"maxAge": 1, "shares": 0, "filerUrl": "", "transactionText": "", "filerName": "Infrastructure Leasing & Financial Services Ltd", "filerRelation": "", "moneyText": "", "startDate": "2010-12-31", "ownership": "D"}, {"maxAge": 1, "shares": 20000, "value": 13000, "filerUrl": "", "transactionText": "Bought at price 0.65 per share.", "filerName": "Bhargava (Raj Kumar)", "filerRelation": "", "moneyText": "", "startDate": "2010-05-17", "ownership": "D"}, {"maxAge": 1, "shares": 0, "filerUrl": "", "transactionText": "", "filerName": "HSBC Global Investment Funds Mauritius Ltd", "filerRelation": "", "moneyText": "", "startDate": "2010-03-31", "ownership": "D"}, {"maxAge": 1, "shares": 0, "filerUrl": "", "transactionText": "", "filerName": "HDFC Asset Management Co., Ltd.", "filerRelation": "", "moneyText": "", "startDate": "2010-03-31", "ownership": "D"}, {"maxAge": 1, "shares": 0, "filerUrl": "", "transactionText": "", "filerName": "New Okhla Industrial Development Authority", "filerRelation": "", "moneyText": "", "startDate": "2010-03-31", "ownership": "D"}, {"maxAge": 1, "shares": 0, "filerUrl": "", "transactionText": "", "filerName": "Life Insurance Corporation of India", "filerRelation": "", "moneyText": "", "startDate": "2010-03-31", "ownership": "D"}, {"maxAge": 1, "shares": 0, "filerUrl": "", "transactionText": "", "filerName": "ICICI Lombard General Insurance Company", "filerRelation": "", "moneyText": "", "startDate": "2010-03-31", "ownership": "D"}, {"maxAge": 1, "shares": 0, "filerUrl": "", "transactionText": "", "filerName": "Infrastructure Leasing & Financial Services Ltd", "filerRelation": "", "moneyText": "", "startDate": "2010-03-31", "ownership": "D"}, {"maxAge": 1, "shares": 0, "filerUrl": "", "transactionText": "", "filerName": "General Insurance Corporation of India", "filerRelation": "", "moneyText": "", "startDate": "2010-03-31", "ownership": "D"}, {"maxAge": 1, "shares": 0, "filerUrl": "", "transactionText": "", "filerName": "Sundaram BNP Paribas Asset Management Company Ltd", "filerRelation": "", "moneyText": "", "startDate": "2010-03-31", "ownership": "D"}], "maxAge": 1}, "sectorTrend": {"maxAge": 1, "symbol": null, "estimates": []}, "incomeStatementHistoryQuarterly": {"incomeStatementHistory": [{"maxAge": 1, "endDate": "2020-12-31", "totalRevenue": 37156000, "costOfRevenue": 20843000, "grossProfit": 16313000, "researchDevelopment": {}, "sellingGeneralAdministrative": {}, "nonRecurring": {}, "otherOperatingExpenses": 8203000, "totalOperatingExpenses": 134436000, "operatingIncome": -97280000, "totalOtherIncomeExpenseNet": -31000, "ebit": -97280000, "interestExpense": -31000, "incomeBeforeTax": -97311000, "incomeTaxExpense": 0, "minorityInterest": {}, "netIncomeFromContinuingOps": -97311000, "discontinuedOperations": {}, "extraordinaryItems": {}, "effectOfAccountingCharges": {}, "otherItems": {}, "netIncome": -97311000, "netIncomeApplicableToCommonShares": -97311000}, {"maxAge": 1, "endDate": "2020-09-30", "totalRevenue": 19351000, "costOfRevenue": 15891000, "grossProfit": 3460000, "researchDevelopment": {}, "sellingGeneralAdministrative": {}, "nonRecurring": {}, "otherOperatingExpenses": 10808000, "totalOperatingExpenses": 132258000, "operatingIncome": -112907000, "totalOtherIncomeExpenseNet": -23000, "ebit": -112907000, "interestExpense": -23000, "incomeBeforeTax": -112930000, "incomeTaxExpense": 0, "minorityInterest": -180000, "netIncomeFromContinuingOps": -112930000, "discontinuedOperations": {}, "extraordinaryItems": {}, "effectOfAccountingCharges": {}, "otherItems": {}, "netIncome": -112930000, "netIncomeApplicableToCommonShares": -112930000}, {"maxAge": 1, "endDate": "2020-06-30", "totalRevenue": 9728000, "costOfRevenue": 13510000, "grossProfit": -3782000, "researchDevelopment": {}, "sellingGeneralAdministrative": {}, "nonRecurring": {}, "otherOperatingExpenses": 2920000, "totalOperatingExpenses": 121014000, "operatingIncome": -111286000, "totalOtherIncomeExpenseNet": -9000, "ebit": -111286000, "interestExpense": -9000, "incomeBeforeTax": -111295000, "incomeTaxExpense": 0, "minorityInterest": -180000, "netIncomeFromContinuingOps": -111295000, "discontinuedOperations": {}, "extraordinaryItems": {}, "effectOfAccountingCharges": {}, "otherItems": {}, "netIncome": -111295000, "netIncomeApplicableToCommonShares": -111295000}, {"maxAge": 1, "endDate": "2020-03-31", "totalRevenue": 52416000, "costOfRevenue": 33911000, "grossProfit": 18505000, "researchDevelopment": {}, "sellingGeneralAdministrative": 282000, "nonRecurring": {}, "otherOperatingExpenses": -23947000, "totalOperatingExpenses": 113633000, "operatingIncome": -61217000, "totalOtherIncomeExpenseNet": 11732000, "ebit": -61217000, "interestExpense": -9000, "incomeBeforeTax": -49485000, "incomeTaxExpense": 0, "minorityInterest": -182000, "netIncomeFromContinuingOps": -49485000, "discontinuedOperations": {}, "extraordinaryItems": {}, "effectOfAccountingCharges": {}, "otherItems": {}, "netIncome": -49485000, "netIncomeApplicableToCommonShares": -49485000}], "maxAge": 86400}, "cashflowStatementHistoryQuarterly": {"cashflowStatements": [{"maxAge": 1, "endDate": "2020-12-31", "netIncome": -97311000, "changeToLiabilities": 0}, {"maxAge": 1, "endDate": "2020-09-30", "netIncome": -112930000, "changeToLiabilities": 0}, {"maxAge": 1, "endDate": "2020-06-30", "netIncome": -111295000, "changeToLiabilities": 0}, {"maxAge": 1, "endDate": "2020-03-31", "netIncome": -49485000, "changeToLiabilities": 0}], "maxAge": 86400}, "earnings": {"maxAge": 86400, "earningsChart": {"quarterly": [], "earningsDate": []}, "financialsChart": {"yearly": [{"date": 2017, "revenue": 870454000, "earnings": 22826000}, {"date": 2018, "revenue": 162774000, "earnings": -578178000}, {"date": 2019, "revenue": 203637000, "earnings": -358988000}, {"date": 2020, "revenue": 246922000, "earnings": -303691000}], "quarterly": [{"date": "1Q2020", "revenue": 52416000, "earnings": -49485000}, {"date": "2Q2020", "revenue": 9728000, "earnings": -111295000}, {"date": "3Q2020", "revenue": 19351000, "earnings": -112930000}, {"date": "4Q2020", "revenue": 37156000, "earnings": -97311000}]}, "financialCurrency": "INR"}, "financialData": {"maxAge": 86400, "currentPrice": 5.95, "targetHighPrice": 38.0, "targetLowPrice": 36.0, "targetMeanPrice": 37.0, "targetMedianPrice": 37.0, "recommendationKey": "none", "numberOfAnalystOpinions": 2, "totalCash": 133227000, "totalCashPerShare": 0.716, "ebitda": 27349750, "totalDebt": 767691008, "totalRevenue": 118651000, "debtToEquity": 23.268, "revenuePerShare": 0.636, "grossProfits": 99931000, "revenueGrowth": -0.452, "grossMargins": 0.29073, "ebitdaMargins": 0.2305, "operatingMargins": -3.22534, "profitMargins": 0.0, "financialCurrency": "INR"}}}