{"NORBTEAEXP.NS": {"assetProfile": {"address1": "15-B, Hemanta Basu Sarani", "address2": "3rd Floor", "city": "Kolkata", "zip": "700001", "country": "India", "phone": "91 33 2210 0553", "fax": "91 33 2210 0541", "website": "http://www.norbentea.com", "industry": "Farm Products", "sector": "Consumer Defensive", "longBusinessSummary": "Norben Tea & Exports Limited engages in the growing, manufacturing, and selling of tea in India. It offers Indian teas, flavor teas, green teas, and teabags. The company also exports its products. Norben Tea & Exports Limited was incorporated in 1990 and is based in Kolkata, India.", "fullTimeEmployees": 91, "companyOfficers": [{"maxAge": 1, "name": "Mr. Manoj Kumar Daga", "age": 57, "title": "Chairman & MD", "yearBorn": 1963, "fiscalYear": 2020, "totalPay": 681600, "exercisedValue": 0, "unexercisedValue": 0}, {"maxAge": 1, "name": "Mrs. Dipa Chatterjee Sarkar", "title": "Chief Financial Officer", "fiscalYear": 2020, "totalPay": 528000, "exercisedValue": 0, "unexercisedValue": 0}, {"maxAge": 1, "name": "Ms. Mira  Halder", "title": "Company Sec. & Compliance Officer", "fiscalYear": 2020, "totalPay": 414000, "exercisedValue": 0, "unexercisedValue": 0}], "compensationAsOfEpochDate": "2020-12-31 05:30:00", "maxAge": 86400}, "cashflowStatementHistory": {"cashflowStatements": [{"maxAge": 1, "endDate": "2020-03-31", "netIncome": -16067689, "depreciation": 4686400, "changeToNetincome": 6449804, "changeToAccountReceivables": 1344326, "changeToLiabilities": 2508206, "changeToInventory": 1604475, "changeToOperatingActivities": 2366766, "totalCashFromOperatingActivities": 2892285, "capitalExpenditures": -8001411, "otherCashflowsFromInvestingActivities": 608984, "totalCashflowsFromInvestingActivities": -7392427, "netBorrowings": 11822217, "otherCashflowsFromFinancingActivities": -7174722, "totalCashFromFinancingActivities": 4647495, "changeInCash": 147353}, {"maxAge": 1, "endDate": "2019-03-31", "netIncome": -4493215, "depreciation": 4337503, "changeToNetincome": 5350331, "changeToAccountReceivables": -2319879, "changeToLiabilities": -544732, "changeToInventory": 180251, "changeToOperatingActivities": 2949484, "totalCashFromOperatingActivities": 5459741, "capitalExpenditures": -11747124, "otherCashflowsFromInvestingActivities": 685678, "totalCashflowsFromInvestingActivities": -10891446, "netBorrowings": 9834891, "otherCashflowsFromFinancingActivities": -5846112, "totalCashFromFinancingActivities": 3988779, "changeInCash": -1442926}, {"maxAge": 1, "endDate": "2018-03-31", "netIncome": -529033, "depreciation": 3767223, "changeToNetincome": 3373931, "changeToAccountReceivables": 808837, "changeToLiabilities": 262859, "changeToInventory": 928858, "changeToOperatingActivities": 1710167, "totalCashFromOperatingActivities": 10322841, "capitalExpenditures": -15354433, "otherCashflowsFromInvestingActivities": 1135532, "totalCashflowsFromInvestingActivities": -13982901, "netBorrowings": 9080022, "otherCashflowsFromFinancingActivities": -5126389, "totalCashFromFinancingActivities": 3953633, "changeInCash": 293572}, {"maxAge": 1, "endDate": "2017-03-31", "netIncome": 76931, "depreciation": 3550664, "changeToNetincome": 4339044, "changeToAccountReceivables": -473044, "changeToLiabilities": 697941, "changeToInventory": -1397257, "changeToOperatingActivities": -3075243, "totalCashFromOperatingActivities": 3719036, "capitalExpenditures": -13399160, "otherCashflowsFromInvestingActivities": 1117640, "totalCashflowsFromInvestingActivities": -12281520, "netBorrowings": 12329515, "otherCashflowsFromFinancingActivities": -4725044, "totalCashFromFinancingActivities": 7604471, "changeInCash": -958013}], "maxAge": 86400}, "institutionOwnership": {"maxAge": 1, "ownershipList": []}, "majorHoldersBreakdown": {"maxAge": 1, "insidersPercentHeld": 0.53486, "institutionsPercentHeld": 0.0, "institutionsFloatPercentHeld": 0.0, "institutionsCount": 0}, "balanceSheetHistoryQuarterly": {"balanceSheetStatements": [{"maxAge": 1, "endDate": "2020-12-31", "totalStockholderEquity": 150541000, "netTangibleAssets": 150541000}, {"maxAge": 1, "endDate": "2020-09-30", "cash": 2901000, "shortTermInvestments": 21000, "netReceivables": 12278000, "inventory": 7376000, "otherCurrentAssets": 887000, "totalCurrentAssets": 23463000, "propertyPlantEquipment": 194545000, "otherAssets": 15557000, "deferredLongTermAssetCharges": 8897000, "totalAssets": 233565000, "accountsPayable": 4344000, "otherCurrentLiab": 1592000, "longTermDebt": 45090000, "otherLiab": 3953000, "totalCurrentLiabilities": 33981000, "totalLiab": 83024000, "commonStock": 117500000, "retainedEarnings": 28539000, "treasuryStock": 4502000, "otherStockholderEquity": 4502000, "totalStockholderEquity": 150541000, "netTangibleAssets": 150541000}, {"maxAge": 1, "endDate": "2020-06-30", "totalStockholderEquity": 136796000, "netTangibleAssets": 136796000}, {"maxAge": 1, "endDate": "2020-03-31", "cash": 1178809, "netReceivables": 7658671, "inventory": 5553249, "otherCurrentAssets": 1263455, "totalCurrentAssets": 15778507, "propertyPlantEquipment": 194659249, "otherAssets": 16173644, "deferredLongTermAssetCharges": 8896970, "totalAssets": 226611400, "accountsPayable": 4520087, "shortLongTermDebt": 830589, "otherCurrentLiab": 403280, "longTermDebt": 51188598, "otherLiab": 3952634, "totalCurrentLiabilities": 34674356, "totalLiab": 89815588, "commonStock": 117500000, "retainedEarnings": 14793195, "treasuryStock": 4502621, "otherStockholderEquity": 4502621, "totalStockholderEquity": 136795816, "netTangibleAssets": 136795816}], "maxAge": 86400}, "indexTrend": {"maxAge": 1, "symbol": "SP5", "peRatio": 19.7411, "pegRatio": 1.34172, "estimates": [{"period": "0q", "growth": 0.549}, {"period": "+1q", "growth": 0.431}, {"period": "0y", "growth": 0.305}, {"period": "+1y", "growth": 0.109}, {"period": "+5y", "growth": 0.120865}, {"period": "-5y"}]}, "defaultKeyStatistics": {"maxAge": 1, "priceHint": 2, "enterpriseValue": 131017704, "profitMargins": 0.03517, "floatShares": 5210648, "sharesOutstanding": 11750000, "heldPercentInsiders": 0.53486, "heldPercentInstitutions": 0.0, "beta": 0.839652, "category": null, "bookValue": 12.816, "priceToBook": 0.41744694, "fundFamily": null, "legalType": null, "lastFiscalYearEnd": "2020-03-31 05:30:00", "nextFiscalYearEnd": "2022-03-31 05:30:00", "mostRecentQuarter": "2020-12-31 05:30:00", "netIncomeToCommon": 2565311, "trailingEps": 0.221, "lastSplitFactor": null, "enterpriseToRevenue": 1.796, "enterpriseToEbitda": 8.136, "52WeekChange": 0.6212121, "SandP52WeekChange": 0.48148263}, "summaryProfile": {"address1": "15-B, Hemanta Basu Sarani", "address2": "3rd Floor", "city": "Kolkata", "zip": "700001", "country": "India", "phone": "91 33 2210 0553", "fax": "91 33 2210 0541", "website": "http://www.norbentea.com", "industry": "Farm Products", "sector": "Consumer Defensive", "longBusinessSummary": "Norben Tea & Exports Limited engages in the growing, manufacturing, and selling of tea in India. It offers Indian teas, flavor teas, green teas, and teabags. The company also exports its products. Norben Tea & Exports Limited was incorporated in 1990 and is based in Kolkata, India.", "fullTimeEmployees": 91, "companyOfficers": [], "maxAge": 86400}, "netSharePurchaseActivity": {"maxAge": 1, "period": "6m", "buyInfoCount": 0, "buyInfoShares": 0, "sellInfoCount": 0, "netInfoCount": 0, "netInfoShares": 0, "netPercentInsiderShares": 0.0, "totalInsiderShares": 6342810}, "insiderTransactions": {"transactions": [{"maxAge": 1, "shares": 140000, "filerUrl": "", "transactionText": "", "filerName": "Daga (Jyoti Devi)", "filerRelation": "Promoter", "moneyText": "", "startDate": "2018-02-19", "ownership": "D"}], "maxAge": 1}, "quoteType": {"exchange": "NSI", "quoteType": "EQUITY", "symbol": "NORBTEAEXP.NS", "underlyingSymbol": "NORBTEAEXP.NS", "shortName": "NORBEN TEA & EXPOR", "longName": "Norben Tea & Exports Limited", "firstTradeDateEpochUtc": "2002-07-01 09:15:00", "timeZoneFullName": "Asia/Kolkata", "timeZoneShortName": "IST", "uuid": "2b6cfc38-af31-3e08-9707-d0f6c9655dca", "messageBoardId": "finmb_20951335", "gmtOffSetMilliseconds": 19800000, "maxAge": 1}, "incomeStatementHistory": {"incomeStatementHistory": [{"maxAge": 1, "endDate": "2020-03-31", "totalRevenue": 48743301, "costOfRevenue": 2685213, "grossProfit": 46058088, "researchDevelopment": {}, "sellingGeneralAdministrative": 34939570, "nonRecurring": {}, "otherOperatingExpenses": 15022266, "totalOperatingExpenses": 57333449, "operatingIncome": -8590148, "totalOtherIncomeExpenseNet": -6542344, "ebit": -8590148, "interestExpense": -7015681, "incomeBeforeTax": -15132492, "incomeTaxExpense": 935197, "minorityInterest": {}, "netIncomeFromContinuingOps": -16067689, "discontinuedOperations": {}, "extraordinaryItems": {}, "effectOfAccountingCharges": {}, "otherItems": {}, "netIncome": -16067689, "netIncomeApplicableToCommonShares": -16067689}, {"maxAge": 1, "endDate": "2019-03-31", "totalRevenue": 54001261, "costOfRevenue": 1030252, "grossProfit": 52971009, "researchDevelopment": {}, "sellingGeneralAdministrative": 30194952, "nonRecurring": {}, "otherOperatingExpenses": 15846888, "totalOperatingExpenses": 51409595, "operatingIncome": 2591666, "totalOtherIncomeExpenseNet": -6408544, "ebit": 2591666, "interestExpense": -5582124, "incomeBeforeTax": -3816878, "incomeTaxExpense": 676337, "minorityInterest": {}, "netIncomeFromContinuingOps": -4493215, "discontinuedOperations": {}, "extraordinaryItems": {}, "effectOfAccountingCharges": {}, "otherItems": {}, "netIncome": -4493215, "netIncomeApplicableToCommonShares": -4493215}, {"maxAge": 1, "endDate": "2018-03-31", "totalRevenue": 46438908, "costOfRevenue": 2290489, "grossProfit": 44148419, "researchDevelopment": {}, "sellingGeneralAdministrative": 29982620, "nonRecurring": {}, "otherOperatingExpenses": 8041624, "totalOperatingExpenses": 44081956, "operatingIncome": 2356952, "totalOtherIncomeExpenseNet": -3123520, "ebit": 2356952, "interestExpense": -4820876, "incomeBeforeTax": -766568, "incomeTaxExpense": -237535, "minorityInterest": {}, "netIncomeFromContinuingOps": -529033, "discontinuedOperations": {}, "extraordinaryItems": {}, "effectOfAccountingCharges": {}, "otherItems": {}, "netIncome": -529033, "netIncomeApplicableToCommonShares": -529033}, {"maxAge": 1, "endDate": "2017-03-31", "totalRevenue": 47019673, "costOfRevenue": -391599, "grossProfit": 47411272, "researchDevelopment": {}, "sellingGeneralAdministrative": 28884980, "nonRecurring": {}, "otherOperatingExpenses": 12727986, "totalOperatingExpenses": 44772031, "operatingIncome": 2247642, "totalOtherIncomeExpenseNet": -603946, "ebit": 2247642, "interestExpense": -4329427, "incomeBeforeTax": 1643696, "incomeTaxExpense": 1566765, "minorityInterest": {}, "netIncomeFromContinuingOps": 76931, "discontinuedOperations": {}, "extraordinaryItems": {}, "effectOfAccountingCharges": {}, "otherItems": {}, "netIncome": 76931, "netIncomeApplicableToCommonShares": 76931}], "maxAge": 86400}, "fundOwnership": {"maxAge": 1, "ownershipList": []}, "summaryDetail": {"maxAge": 1, "priceHint": 2, "previousClose": 5.35, "open": 5.6, "dayLow": 5.35, "dayHigh": 5.6, "regularMarketPreviousClose": 5.35, "regularMarketOpen": 5.6, "regularMarketDayLow": 5.35, "regularMarketDayHigh": 5.6, "payoutRatio": 0.0, "beta": 0.839652, "trailingPE": 24.208145, "volume": 1630, "regularMarketVolume": 1630, "averageVolume": 4703, "averageVolume10days": 909, "averageDailyVolume10Day": 909, "bid": 0.0, "ask": 0.0, "bidSize": 0, "askSize": 0, "marketCap": 62862500, "fiftyTwoWeekLow": 2.9, "fiftyTwoWeekHigh": 16.25, "priceToSalesTrailing12Months": 0.8618349, "fiftyDayAverage": 6.0235295, "twoHundredDayAverage": 7.8295774, "currency": "INR", "fromCurrency": null, "toCurrency": null, "lastMarket": null, "algorithm": null, "tradeable": false}, "incomeStatementHistoryQuarterly": {"incomeStatementHistory": [{"maxAge": 1, "endDate": "2020-12-31", "totalRevenue": 17921000, "costOfRevenue": 892000, "grossProfit": 17029000, "researchDevelopment": {}, "sellingGeneralAdministrative": 10087000, "nonRecurring": {}, "otherOperatingExpenses": 3541000, "totalOperatingExpenses": 15620000, "operatingIncome": 2301000, "totalOtherIncomeExpenseNet": -285000, "ebit": 2301000, "interestExpense": -285000, "incomeBeforeTax": 2016000, "incomeTaxExpense": 0, "minorityInterest": {}, "netIncomeFromContinuingOps": 2016000, "discontinuedOperations": {}, "extraordinaryItems": {}, "effectOfAccountingCharges": {}, "otherItems": {}, "netIncome": 2016000, "netIncomeApplicableToCommonShares": 2016000}, {"maxAge": 1, "endDate": "2020-09-30", "totalRevenue": 31196000, "costOfRevenue": -3176000, "grossProfit": 34372000, "researchDevelopment": {}, "sellingGeneralAdministrative": 14369000, "nonRecurring": {}, "otherOperatingExpenses": 5797000, "totalOperatingExpenses": 17840000, "operatingIncome": 13356000, "totalOtherIncomeExpenseNet": -3019000, "ebit": 13356000, "interestExpense": -3447000, "incomeBeforeTax": 10337000, "incomeTaxExpense": 0, "minorityInterest": {}, "netIncomeFromContinuingOps": 10337000, "discontinuedOperations": {}, "extraordinaryItems": {}, "effectOfAccountingCharges": {}, "otherItems": {}, "netIncome": 10337000, "netIncomeApplicableToCommonShares": 10337000}, {"maxAge": 1, "endDate": "2020-06-30", "totalRevenue": 15476000, "costOfRevenue": 768000, "grossProfit": 14708000, "researchDevelopment": {}, "sellingGeneralAdministrative": 6150000, "nonRecurring": {}, "otherOperatingExpenses": 3154000, "totalOperatingExpenses": 11022000, "operatingIncome": 4454000, "totalOtherIncomeExpenseNet": -1046000, "ebit": 4454000, "interestExpense": -1174000, "incomeBeforeTax": 3408000, "incomeTaxExpense": 0, "minorityInterest": {}, "netIncomeFromContinuingOps": 3408000, "discontinuedOperations": {}, "extraordinaryItems": {}, "effectOfAccountingCharges": {}, "otherItems": {}, "netIncome": 3408000, "netIncomeApplicableToCommonShares": 3408000}, {"maxAge": 1, "endDate": "2020-03-31", "totalRevenue": 8039301, "costOfRevenue": 4431213, "grossProfit": 3608088, "researchDevelopment": {}, "sellingGeneralAdministrative": 7728570, "nonRecurring": {}, "otherOperatingExpenses": 2857266, "totalOperatingExpenses": 17303449, "operatingIncome": -9264148, "totalOtherIncomeExpenseNet": -2996344, "ebit": -9264148, "interestExpense": -1377681, "incomeBeforeTax": -12260492, "incomeTaxExpense": 935197, "minorityInterest": {}, "netIncomeFromContinuingOps": -13195689, "discontinuedOperations": {}, "extraordinaryItems": {}, "effectOfAccountingCharges": {}, "otherItems": {}, "netIncome": -13195689, "netIncomeApplicableToCommonShares": -13195689}], "maxAge": 86400}, "cashflowStatementHistoryQuarterly": {"cashflowStatements": [{"maxAge": 1, "endDate": "2020-12-31", "netIncome": 2016000, "changeToLiabilities": 0}, {"maxAge": 1, "endDate": "2020-09-30", "netIncome": 10337000, "changeToLiabilities": 0}, {"maxAge": 1, "endDate": "2020-06-30", "netIncome": 3408000, "changeToLiabilities": 0}, {"maxAge": 1, "endDate": "2020-03-31", "netIncome": -13195689, "changeToLiabilities": 0}], "maxAge": 86400}, "insiderHolders": {"holders": [{"maxAge": 1, "name": "Daga (Jyoti Devi)", "relation": "Promoter", "url": "", "transactionDescription": "Acquisition", "latestTransDate": "2018-02-19", "positionDirect": 577300, "positionDirectDate": "2018-02-19"}], "maxAge": 1}, "calendarEvents": {"maxAge": 1, "earnings": {"earningsDate": []}}, "price": {"maxAge": 1, "regularMarketChangePercent": 0.0, "regularMarketChange": 0.0, "regularMarketTime": "2021-04-30 15:14:50", "priceHint": 2, "regularMarketPrice": 5.35, "regularMarketDayHigh": 5.6, "regularMarketDayLow": 5.35, "regularMarketVolume": 1630, "averageDailyVolume10Day": 909, "averageDailyVolume3Month": 4703, "regularMarketPreviousClose": 5.35, "regularMarketSource": "FREE_REALTIME", "regularMarketOpen": 5.6, "exchange": "NSI", "exchangeName": "NSE", "exchangeDataDelayedBy": 15, "marketState": "CLOSED", "quoteType": "EQUITY", "symbol": "NORBTEAEXP.NS", "underlyingSymbol": null, "shortName": "NORBEN TEA & EXPOR", "longName": "Norben Tea & Exports Limited", "currency": "INR", "quoteSourceName": "Delayed Quote", "currencySymbol": "\u20b9", "fromCurrency": null, "toCurrency": null, "lastMarket": null, "marketCap": 62862500}, "balanceSheetHistory": {"balanceSheetStatements": [{"maxAge": 1, "endDate": "2020-03-31", "cash": 1178809, "netReceivables": 7658671, "inventory": 5553249, "otherCurrentAssets": 1263455, "totalCurrentAssets": 15778507, "propertyPlantEquipment": 194659249, "otherAssets": 16173644, "deferredLongTermAssetCharges": 8896970, "totalAssets": 226611400, "accountsPayable": 4520087, "shortLongTermDebt": 830589, "otherCurrentLiab": 403280, "longTermDebt": 51188598, "otherLiab": 3952634, "totalCurrentLiabilities": 34674356, "totalLiab": 89815588, "commonStock": 117500000, "retainedEarnings": 14793195, "treasuryStock": 4502621, "otherStockholderEquity": 4502621, "totalStockholderEquity": 136795816, "netTangibleAssets": 136795816}, {"maxAge": 1, "endDate": "2019-03-31", "cash": 315844, "shortTermInvestments": 40000, "netReceivables": 9726709, "inventory": 7157724, "otherCurrentAssets": 1336105, "totalCurrentAssets": 18682253, "longTermInvestments": 715000, "propertyPlantEquipment": 191344237, "otherAssets": 16449503, "deferredLongTermAssetCharges": 9511897, "totalAssets": 226475993, "accountsPayable": 2011881, "shortLongTermDebt": 1091349, "otherCurrentLiab": 346167, "longTermDebt": 39759224, "otherLiab": 3525688, "totalCurrentLiabilities": 30159610, "totalLiab": 73444522, "commonStock": 117500000, "retainedEarnings": 31028852, "treasuryStock": 4502621, "otherStockholderEquity": 4502621, "totalStockholderEquity": 153031473, "netTangibleAssets": 153031473}, {"maxAge": 1, "endDate": "2018-03-31", "cash": 1043159, "netReceivables": 10486871, "inventory": 7337976, "otherCurrentAssets": 1650956, "totalCurrentAssets": 20610961, "propertyPlantEquipment": 184326541, "otherAssets": 15902099, "deferredLongTermAssetCharges": 9946692, "totalAssets": 220839601, "accountsPayable": 2556613, "shortLongTermDebt": 1019266, "otherCurrentLiab": 94860, "longTermDebt": 2017720, "otherLiab": 3149819, "totalCurrentLiabilities": 58027588, "totalLiab": 63195127, "commonStock": 117500000, "retainedEarnings": 35641856, "treasuryStock": 4502621, "otherStockholderEquity": 4502621, "totalStockholderEquity": 157644477, "netTangibleAssets": 157644477}, {"maxAge": 1, "endDate": "2017-03-31", "cash": 749586, "netReceivables": 13506354, "inventory": 8266835, "otherCurrentAssets": 1117844, "totalCurrentAssets": 23730324, "propertyPlantEquipment": 173203284, "otherAssets": 14009000, "deferredLongTermAssetCharges": 9064834, "totalAssets": 210942608, "accountsPayable": 2293754, "shortLongTermDebt": 1121128, "otherCurrentLiab": 465975, "longTermDebt": 20982826, "otherLiab": 2849499, "totalCurrentLiabilities": 28837800, "totalLiab": 52670125, "commonStock": 117500000, "retainedEarnings": 36269862, "treasuryStock": 4502621, "otherStockholderEquity": 4502621, "totalStockholderEquity": 158272483, "netTangibleAssets": 158272483}], "maxAge": 86400}, "financialData": {"maxAge": 86400, "currentPrice": 5.35, "recommendationKey": "none", "totalCash": 2922000, "totalCashPerShare": 0.246, "ebitda": 16102925, "totalDebt": 70495000, "totalRevenue": 72940304, "debtToEquity": 46.828, "revenuePerShare": 6.29, "grossProfits": 46058088, "revenueGrowth": 0.516, "grossMargins": 0.96002996, "ebitdaMargins": 0.22077, "operatingMargins": 0.15293, "profitMargins": 0.03517, "financialCurrency": "INR"}}}