{"NORTHLINK.BO": {"cashflowStatementHistory": {"cashflowStatements": [{"maxAge": 1, "endDate": "2020-03-31", "netIncome": 1984000, "depreciation": 1186000, "changeToNetincome": -5005000, "changeToAccountReceivables": -171000, "changeToLiabilities": 4093000, "changeToInventory": 1157000, "changeToOperatingActivities": -3812000, "totalCashFromOperatingActivities": -568000, "capitalExpenditures": -1272000, "otherCashflowsFromInvestingActivities": 5001000, "totalCashflowsFromInvestingActivities": 2585000, "netBorrowings": -4102000, "otherCashflowsFromFinancingActivities": -495000, "totalCashFromFinancingActivities": -4597000, "changeInCash": -2580000}, {"maxAge": 1, "endDate": "2019-03-31", "netIncome": -394000, "depreciation": 1375000, "changeToNetincome": -3380000, "changeToAccountReceivables": -6508000, "changeToLiabilities": -249000, "changeToInventory": -1917000, "changeToOperatingActivities": 10496000, "totalCashFromOperatingActivities": -577000, "capitalExpenditures": -5142000, "otherCashflowsFromInvestingActivities": 4446000, "totalCashflowsFromInvestingActivities": -6497000, "netBorrowings": 732000, "otherCashflowsFromFinancingActivities": -463000, "totalCashFromFinancingActivities": 269000, "changeInCash": -6805000}, {"maxAge": 1, "endDate": "2018-03-31", "netIncome": 732836, "depreciation": 1249957, "changeToNetincome": -3380000, "changeToAccountReceivables": -3055846, "changeToLiabilities": -6401049, "changeToInventory": 1501144, "changeToOperatingActivities": -2014549, "totalCashFromOperatingActivities": -7650033, "capitalExpenditures": -556638, "otherCashflowsFromInvestingActivities": -418511, "totalCashflowsFromInvestingActivities": -975149, "netBorrowings": -1990021, "otherCashflowsFromFinancingActivities": -8750652, "totalCashFromFinancingActivities": 5759327, "changeInCash": -2865855, "issuanceOfStock": 16500000}, {"maxAge": 1, "endDate": "2017-03-31", "netIncome": 693622, "depreciation": 1033415, "changeToNetincome": 528049, "changeToAccountReceivables": -3358139, "changeToLiabilities": 177213, "changeToInventory": -396116, "changeToOperatingActivities": 2536305, "totalCashFromOperatingActivities": 1494324, "capitalExpenditures": -7786990, "otherCashflowsFromInvestingActivities": 40040, "totalCashflowsFromInvestingActivities": -6775689, "netBorrowings": 1998471, "otherCashflowsFromFinancingActivities": 7350674, "totalCashFromFinancingActivities": 14849145, "changeInCash": 9567784, "issuanceOfStock": 5500000}], "maxAge": 86400}, "institutionOwnership": {"ownershipList": [], "maxAge": 1}, "balanceSheetHistoryQuarterly": {"balanceSheetStatements": [{"maxAge": 1, "endDate": "2020-06-30", "totalStockholderEquity": 57853000, "netTangibleAssets": 57853000}, {"maxAge": 1, "endDate": "2020-03-31", "cash": 5447000, "shortTermInvestments": 191000, "netReceivables": 50097000, "inventory": 760000, "otherCurrentAssets": 1785000, "totalCurrentAssets": 58324000, "longTermInvestments": 301000, "propertyPlantEquipment": 9898000, "otherAssets": 6039000, "totalAssets": 74562000, "accountsPayable": 4234000, "shortLongTermDebt": 635000, "otherCurrentLiab": 9023000, "longTermDebt": 2363000, "otherLiab": 454000, "totalCurrentLiabilities": 13892000, "totalLiab": 16709000, "commonStock": 52500000, "retainedEarnings": 3353000, "capitalSurplus": 2000000, "totalStockholderEquity": 57853000, "netTangibleAssets": 57853000}, {"maxAge": 1, "endDate": "2019-12-31", "totalStockholderEquity": 58166000, "netTangibleAssets": 58166000}, {"maxAge": 1, "endDate": "2019-09-30", "cash": 6515000, "netReceivables": 61778000, "inventory": 861000, "totalCurrentAssets": 69154000, "longTermInvestments": 435000, "propertyPlantEquipment": 13337000, "otherAssets": 568000, "totalAssets": 83494000, "accountsPayable": 3179000, "otherCurrentLiab": 313000, "longTermDebt": 5685000, "otherLiab": 16151000, "totalCurrentLiabilities": 3492000, "totalLiab": 25328000, "commonStock": 52500000, "treasuryStock": 5666000, "otherStockholderEquity": 5666000, "totalStockholderEquity": 58166000, "netTangibleAssets": 58166000}], "maxAge": 86400}, "indexTrend": {"maxAge": 1, "symbol": "SP5", "peRatio": 19.7411, "pegRatio": 1.34172, "estimates": [{"period": "0q", "growth": 0.549}, {"period": "+1q", "growth": 0.431}, {"period": "0y", "growth": 0.305}, {"period": "+1y", "growth": 0.109}, {"period": "+5y", "growth": 0.120859005}, {"period": "-5y"}]}, "quoteType": {"exchange": "BSE", "quoteType": "EQUITY", "symbol": "NORTHLINK.BO", "underlyingSymbol": "NORTHLINK.BO", "shortName": "Northlink Fiscal And Capital S", "longName": "Northlink Fiscal and Capital Services Limited", "firstTradeDateEpochUtc": "2015-04-22 09:15:00", "timeZoneFullName": "Asia/Kolkata", "timeZoneShortName": "IST", "uuid": "f455231a-c1e9-37dd-81f1-acb2e8ac50a3", "gmtOffSetMilliseconds": 19800000, "maxAge": 1}, "incomeStatementHistory": {"incomeStatementHistory": [{"maxAge": 1, "endDate": "2020-03-31", "totalRevenue": 110067000, "costOfRevenue": 103812000, "grossProfit": 6255000, "researchDevelopment": {}, "sellingGeneralAdministrative": 2959000, "nonRecurring": {}, "otherOperatingExpenses": -227000, "totalOperatingExpenses": 107730000, "operatingIncome": 2337000, "totalOtherIncomeExpenseNet": -642000, "ebit": 2337000, "interestExpense": -503000, "incomeBeforeTax": 1695000, "incomeTaxExpense": -289000, "minorityInterest": {}, "netIncomeFromContinuingOps": 1984000, "discontinuedOperations": {}, "extraordinaryItems": {}, "effectOfAccountingCharges": {}, "otherItems": {}, "netIncome": 1984000, "netIncomeApplicableToCommonShares": 1984000}, {"maxAge": 1, "endDate": "2019-03-31", "totalRevenue": 88775000, "costOfRevenue": 81843000, "grossProfit": 6932000, "researchDevelopment": {}, "sellingGeneralAdministrative": 2095000, "nonRecurring": {}, "otherOperatingExpenses": 546000, "totalOperatingExpenses": 86248000, "operatingIncome": 2527000, "totalOtherIncomeExpenseNet": -1654000, "ebit": 2527000, "interestExpense": -473000, "incomeBeforeTax": 873000, "incomeTaxExpense": 1267000, "minorityInterest": {}, "netIncomeFromContinuingOps": -394000, "discontinuedOperations": {}, "extraordinaryItems": {}, "effectOfAccountingCharges": {}, "otherItems": {}, "netIncome": -394000, "netIncomeApplicableToCommonShares": -394000}, {"maxAge": 1, "endDate": "2018-03-31", "totalRevenue": 39272029, "costOfRevenue": 35508928, "grossProfit": 3763101, "researchDevelopment": {}, "sellingGeneralAdministrative": 3049482, "nonRecurring": {}, "otherOperatingExpenses": -2380928, "totalOperatingExpenses": 37764915, "operatingIncome": 1507114, "totalOtherIncomeExpenseNet": -626209, "ebit": 1507114, "interestExpense": -565575, "incomeBeforeTax": 880905, "incomeTaxExpense": 148069, "minorityInterest": {}, "netIncomeFromContinuingOps": 732836, "discontinuedOperations": {}, "extraordinaryItems": {}, "effectOfAccountingCharges": {}, "otherItems": {}, "netIncome": 732836, "netIncomeApplicableToCommonShares": 732836}, {"maxAge": 1, "endDate": "2017-03-31", "totalRevenue": 41197339, "costOfRevenue": 36302296, "grossProfit": 4895043, "researchDevelopment": {}, "sellingGeneralAdministrative": 2707792, "nonRecurring": {}, "otherOperatingExpenses": -686837, "totalOperatingExpenses": 39636643, "operatingIncome": 1560696, "totalOtherIncomeExpenseNet": -594344, "ebit": 1560696, "interestExpense": -622938, "incomeBeforeTax": 966352, "incomeTaxExpense": 272730, "minorityInterest": {}, "netIncomeFromContinuingOps": 693622, "discontinuedOperations": {}, "extraordinaryItems": {}, "effectOfAccountingCharges": {}, "otherItems": {}, "netIncome": 693622, "netIncomeApplicableToCommonShares": 693622}], "maxAge": 86400}, "fundOwnership": {"ownershipList": [], "maxAge": 1}, "summaryDetail": {"maxAge": 1, "priceHint": 2, "previousClose": 18.15, "open": 18.1, "dayLow": 18.0, "dayHigh": 18.15, "regularMarketPreviousClose": 18.15, "regularMarketOpen": 18.1, "regularMarketDayLow": 18.0, "regularMarketDayHigh": 18.15, "trailingPE": 66.48351, "volume": 115, "regularMarketVolume": 115, "averageVolume": 2, "averageVolume10days": 0, "averageDailyVolume10Day": 0, "bid": 0.0, "ask": 19.05, "bidSize": 0, "askSize": 0, "marketCap": 95287496, "fiftyTwoWeekLow": 18.0, "fiftyTwoWeekHigh": 28.9, "fiftyDayAverage": 26.037878, "twoHundredDayAverage": 27.926102, "currency": "INR", "fromCurrency": null, "lastMarket": null, "algorithm": null, "tradeable": false}, "incomeStatementHistoryQuarterly": {"incomeStatementHistory": [{"maxAge": 1, "endDate": "2020-06-30", "totalRevenue": 11914000, "costOfRevenue": 10286000, "grossProfit": 1628000, "researchDevelopment": {}, "sellingGeneralAdministrative": 344000, "nonRecurring": {}, "otherOperatingExpenses": 244000, "totalOperatingExpenses": 11170000, "operatingIncome": 744000, "totalOtherIncomeExpenseNet": -65000, "ebit": 744000, "interestExpense": -65000, "incomeBeforeTax": 679000, "incomeTaxExpense": 171000, "minorityInterest": {}, "netIncomeFromContinuingOps": 508000, "discontinuedOperations": {}, "extraordinaryItems": {}, "effectOfAccountingCharges": {}, "otherItems": {}, "netIncome": 508000, "netIncomeApplicableToCommonShares": 508000}, {"maxAge": 1, "endDate": "2020-03-31", "totalRevenue": 22495000, "costOfRevenue": 23150000, "grossProfit": -655000, "researchDevelopment": {}, "sellingGeneralAdministrative": 890000, "nonRecurring": {}, "otherOperatingExpenses": -2400000, "totalOperatingExpenses": 21876000, "operatingIncome": 619000, "totalOtherIncomeExpenseNet": 32000, "ebit": 619000, "interestExpense": -65000, "incomeBeforeTax": 651000, "incomeTaxExpense": -602000, "minorityInterest": {}, "netIncomeFromContinuingOps": 1253000, "discontinuedOperations": {}, "extraordinaryItems": {}, "effectOfAccountingCharges": {}, "otherItems": {}, "netIncome": 1253000, "netIncomeApplicableToCommonShares": 1253000}, {"maxAge": 1, "endDate": "2019-12-31", "totalRevenue": 22414000, "costOfRevenue": 20679000, "grossProfit": 1735000, "researchDevelopment": {}, "sellingGeneralAdministrative": 515000, "nonRecurring": {}, "otherOperatingExpenses": 858000, "totalOperatingExpenses": 22302000, "operatingIncome": 112000, "totalOtherIncomeExpenseNet": -375000, "ebit": 112000, "interestExpense": -375000, "incomeBeforeTax": -263000, "incomeTaxExpense": 0, "minorityInterest": {}, "netIncomeFromContinuingOps": -263000, "discontinuedOperations": {}, "extraordinaryItems": {}, "effectOfAccountingCharges": {}, "otherItems": {}, "netIncome": -263000, "netIncomeApplicableToCommonShares": -263000}, {"maxAge": 1, "endDate": "2019-09-30", "totalRevenue": 32858000, "costOfRevenue": 30855000, "grossProfit": 2003000, "researchDevelopment": {}, "sellingGeneralAdministrative": 699000, "nonRecurring": {}, "otherOperatingExpenses": 816000, "totalOperatingExpenses": 32720000, "operatingIncome": 138000, "totalOtherIncomeExpenseNet": -253000, "ebit": 138000, "interestExpense": -253000, "incomeBeforeTax": -115000, "incomeTaxExpense": -27000, "minorityInterest": {}, "netIncomeFromContinuingOps": -88000, "discontinuedOperations": {}, "extraordinaryItems": {}, "effectOfAccountingCharges": {}, "otherItems": {}, "netIncome": -88000, "netIncomeApplicableToCommonShares": -88000}], "maxAge": 86400}, "cashflowStatementHistoryQuarterly": {"cashflowStatements": [{"maxAge": 1, "endDate": "2020-06-30", "netIncome": 508000, "changeToLiabilities": 0}, {"maxAge": 1, "endDate": "2020-03-31", "netIncome": 1253000, "changeToLiabilities": 0}, {"maxAge": 1, "endDate": "2019-12-31", "netIncome": -263000, "changeToLiabilities": 0}, {"maxAge": 1, "endDate": "2019-09-30", "netIncome": -88000, "changeToLiabilities": 0}], "maxAge": 86400}, "insiderHolders": {"holders": [], "maxAge": 1}, "calendarEvents": {"maxAge": 1, "earnings": {"earningsDate": []}}, "upgradeDowngradeHistory": {"history": [], "maxAge": 86400}, "price": {"maxAge": 1, "regularMarketChangePercent": 0.0, "regularMarketChange": 0.0, "regularMarketTime": "2021-04-29 12:06:33", "priceHint": 2, "regularMarketPrice": 18.15, "regularMarketDayHigh": 18.15, "regularMarketDayLow": 18.0, "regularMarketVolume": 115, "averageDailyVolume10Day": 0, "averageDailyVolume3Month": 2, "regularMarketPreviousClose": 18.15, "regularMarketSource": "FREE_REALTIME", "regularMarketOpen": 18.1, "exchange": "BSE", "exchangeName": "BSE", "exchangeDataDelayedBy": 0, "marketState": "CLOSED", "quoteType": "EQUITY", "symbol": "NORTHLINK.BO", "underlyingSymbol": null, "shortName": "Northlink Fiscal And Capital S", "longName": "Northlink Fiscal and Capital Services Limited", "currency": "INR", "quoteSourceName": "Delayed Quote", "currencySymbol": "\u20b9", "fromCurrency": null, "lastMarket": null, "marketCap": 95287496}, "balanceSheetHistory": {"balanceSheetStatements": [{"maxAge": 1, "endDate": "2020-03-31", "cash": 5447000, "shortTermInvestments": 191000, "netReceivables": 50097000, "inventory": 760000, "otherCurrentAssets": 1785000, "totalCurrentAssets": 58324000, "longTermInvestments": 301000, "propertyPlantEquipment": 9898000, "otherAssets": 6039000, "totalAssets": 74562000, "accountsPayable": 4234000, "shortLongTermDebt": 635000, "otherCurrentLiab": 9023000, "longTermDebt": 2363000, "otherLiab": 454000, "totalCurrentLiabilities": 13892000, "totalLiab": 16709000, "commonStock": 52500000, "retainedEarnings": 3353000, "capitalSurplus": 2000000, "totalStockholderEquity": 57853000, "netTangibleAssets": 57853000}, {"maxAge": 1, "endDate": "2019-03-31", "cash": 5500000, "shortTermInvestments": 2718000, "netReceivables": 47179000, "inventory": 1917000, "otherCurrentAssets": 431000, "totalCurrentAssets": 57793000, "longTermInvestments": 351000, "propertyPlantEquipment": 13365000, "otherAssets": 5368000, "totalAssets": 76877000, "accountsPayable": 828000, "otherCurrentLiab": 11385000, "longTermDebt": 6465000, "otherLiab": 1027000, "totalCurrentLiabilities": 12213000, "totalLiab": 19705000, "commonStock": 52500000, "retainedEarnings": 2672000, "capitalSurplus": 2000000, "totalStockholderEquity": 57172000, "netTangibleAssets": 57172000}, {"maxAge": 1, "endDate": "2018-03-31", "cash": 15022814, "netReceivables": 9066508, "otherCurrentAssets": 485970, "totalCurrentAssets": 24575292, "longTermInvestments": 279351, "propertyPlantEquipment": 12733895, "otherAssets": 29571541, "totalAssets": 67160079, "accountsPayable": 722528, "otherCurrentLiab": 2456875, "longTermDebt": 5732905, "otherLiab": 156446, "deferredLongTermLiab": 389000, "totalCurrentLiabilities": 3634303, "totalLiab": 9523654, "commonStock": 52500000, "retainedEarnings": 3136423, "capitalSurplus": 2000000, "totalStockholderEquity": 57636423, "netTangibleAssets": 57636423}, {"maxAge": 1, "endDate": "2017-03-31", "cash": 17888669, "netReceivables": 6010661, "inventory": 1501144, "otherCurrentAssets": 382208, "totalCurrentAssets": 25782682, "longTermInvestments": 200400, "propertyPlantEquipment": 13427214, "otherAssets": 20838592, "totalAssets": 60248888, "accountsPayable": 7123577, "otherCurrentLiab": 4557823, "longTermDebt": 7722926, "otherLiab": 176233, "deferredLongTermLiab": 438976, "totalCurrentLiabilities": 11946140, "totalLiab": 19845299, "commonStock": 32500000, "retainedEarnings": 2403589, "treasuryStock": 5500000, "otherStockholderEquity": 5500000, "totalStockholderEquity": 40403589, "netTangibleAssets": 40403589}], "maxAge": 86400}, "financialData": {"maxAge": 86400, "currentPrice": 18.15, "recommendationKey": "none", "grossProfits": 6255000, "financialCurrency": "INR"}}}