{"NOVARTIND.NS": {"assetProfile": {"address1": "Inspire BKC, G Block", "address2": "Part of 601 and 701 Bandra Kurla Complex Bandra (East)", "city": "Mumbai", "zip": "400051", "country": "India", "phone": "91 22 5024 3000", "fax": "91 22 5024 3010", "website": "http://www.novartis.in", "industry": "Drug Manufacturers\u2014Specialty & Generic", "sector": "Healthcare", "longBusinessSummary": "Novartis India Limited primarily trades in drugs and pharmaceuticals. The company offers pharmaceutical products in the areas of bone and pain, calcium portfolio, gynecology, and neurosciences. It also provides generics medicines for anti-TB, anti-infective, and gynecology; and tyrosine kinase inhibitor for cancer under Glive brand name, as well as eye care products. The company offers central nervous system products under the Tegrital and Exelon brand name; pain and Inflammation products under the Voveran brand; and transplantation/immunology products under the Simulect, Certican, Myfortic Sandimmun, and Neoral brand names. In addition, it provides consignment, clinical research support, and field force support services. The company was incorporated in 1947 and is headquartered in Mumbai, India. Novartis India Limited is a subsidiary of Novartis AG.", "fullTimeEmployees": 552, "companyOfficers": [{"maxAge": 1, "name": "Mr. Sanjay Prabhakar Murdeshwar", "age": 54, "title": "MD & Vice Chairman", "yearBorn": 1966, "fiscalYear": 2020, "totalPay": 9064800, "exercisedValue": 0, "unexercisedValue": 0}, {"maxAge": 1, "name": "Mr. Felix  Doss", "title": "Chief Financial Officer", "fiscalYear": 2020, "totalPay": 15000000, "exercisedValue": 0, "unexercisedValue": 0}, {"maxAge": 1, "name": "Mr. Trivikram  Guda", "title": "Company Sec. & Compliance Officer", "fiscalYear": 2020, "totalPay": 8400000, "exercisedValue": 0, "unexercisedValue": 0}, {"maxAge": 1, "name": "Dr. Vasant  Narasimhan", "age": 44, "title": "Chief Exec. Officer of Novartis", "yearBorn": 1976, "exercisedValue": 0, "unexercisedValue": 0}], "compensationAsOfEpochDate": "2020-12-31 05:30:00", "maxAge": 86400}, "cashflowStatementHistory": {"cashflowStatements": [{"maxAge": 1, "endDate": "2020-03-31", "netIncome": 100800000, "depreciation": 131400000, "changeToNetincome": -445100000, "changeToAccountReceivables": 81400000, "changeToLiabilities": -220900000, "changeToInventory": 18300000, "changeToOperatingActivities": 102700000, "totalCashFromOperatingActivities": -231400000, "capitalExpenditures": -10000000, "investments": 181500000, "otherCashflowsFromInvestingActivities": 387000000, "totalCashflowsFromInvestingActivities": 559100000, "dividendsPaid": -246900000, "netBorrowings": -52500000, "otherCashflowsFromFinancingActivities": -114700000, "totalCashFromFinancingActivities": -414100000, "changeInCash": -86400000}, {"maxAge": 1, "endDate": "2019-03-31", "netIncome": 517700000, "depreciation": 31800000, "changeToNetincome": -874700000, "changeToAccountReceivables": -24200000, "changeToLiabilities": -108700000, "changeToInventory": -39500000, "changeToOperatingActivities": -1445200000, "totalCashFromOperatingActivities": -1942800000, "capitalExpenditures": -140600000, "investments": 2136900000, "otherCashflowsFromInvestingActivities": 443900000, "totalCashflowsFromInvestingActivities": 2742300000, "dividendsPaid": -247400000, "netBorrowings": -52500000, "otherCashflowsFromFinancingActivities": -50800000, "totalCashFromFinancingActivities": -298200000, "changeInCash": 501300000}, {"maxAge": 1, "endDate": "2018-03-31", "netIncome": 783600000, "depreciation": 25300000, "changeToNetincome": -372000000, "changeToAccountReceivables": -38500000, "changeToLiabilities": 315000000, "changeToInventory": 309600000, "changeToOperatingActivities": 586900000, "totalCashFromOperatingActivities": 1609900000, "capitalExpenditures": -8000000, "investments": -20500000, "otherCashflowsFromInvestingActivities": 535000000, "totalCashflowsFromInvestingActivities": 687000000, "dividendsPaid": -280400000, "netBorrowings": -52500000, "otherCashflowsFromFinancingActivities": -57300000, "totalCashFromFinancingActivities": -2676500000, "changeInCash": -379600000, "repurchaseOfStock": -2338800000}, {"maxAge": 1, "endDate": "2017-03-31", "netIncome": 572200000, "depreciation": 35900000, "changeToNetincome": -691900000, "changeToAccountReceivables": 87400000, "changeToLiabilities": 41300000, "changeToInventory": -151200000, "changeToOperatingActivities": -302000000, "totalCashFromOperatingActivities": -408300000, "capitalExpenditures": -28000000, "investments": 3559200000, "otherCashflowsFromInvestingActivities": 676400000, "totalCashflowsFromInvestingActivities": 4236400000, "dividendsPaid": -319400000, "netBorrowings": -52500000, "otherCashflowsFromFinancingActivities": -71600000, "totalCashFromFinancingActivities": -3318000000, "changeInCash": 510100000, "repurchaseOfStock": -2927000000}], "maxAge": 86400}, "institutionOwnership": {"maxAge": 1, "ownershipList": []}, "majorHoldersBreakdown": {"maxAge": 1, "insidersPercentHeld": 0.72666, "institutionsPercentHeld": 0.00059, "institutionsFloatPercentHeld": 0.00217, "institutionsCount": 1}, "balanceSheetHistoryQuarterly": {"balanceSheetStatements": [{"maxAge": 1, "endDate": "2020-12-31", "totalStockholderEquity": 7086600000, "netTangibleAssets": 7086600000}, {"maxAge": 1, "endDate": "2020-09-30", "cash": 5129800000, "shortTermInvestments": 618900000, "netReceivables": 249300000, "inventory": 643100000, "otherCurrentAssets": 905900000, "totalCurrentAssets": 7547000000, "longTermInvestments": 46800000, "propertyPlantEquipment": 705900000, "otherAssets": 1991100000, "deferredLongTermAssetCharges": 257400000, "totalAssets": 10290800000, "accountsPayable": 536500000, "otherCurrentLiab": 1304700000, "otherLiab": 700700000, "totalCurrentLiabilities": 1968000000, "totalLiab": 3204200000, "commonStock": 123400000, "treasuryStock": 6963200000, "otherStockholderEquity": 6963200000, "totalStockholderEquity": 7086600000, "netTangibleAssets": 7086600000}, {"maxAge": 1, "endDate": "2020-06-30", "totalStockholderEquity": 7207300000, "netTangibleAssets": 7207300000}, {"maxAge": 1, "endDate": "2020-03-31", "cash": 791200000, "shortTermInvestments": 5012700000, "netReceivables": 886500000, "inventory": 586800000, "otherCurrentAssets": 783300000, "totalCurrentAssets": 8131300000, "longTermInvestments": 8300000, "propertyPlantEquipment": 762800000, "otherAssets": 1874000000, "deferredLongTermAssetCharges": 247400000, "totalAssets": 10776400000, "accountsPayable": 726000000, "otherCurrentLiab": 1322700000, "otherLiab": 676600000, "totalCurrentLiabilities": 2327900000, "totalLiab": 3569100000, "commonStock": 123400000, "retainedEarnings": 7080400000, "treasuryStock": 3500000, "otherStockholderEquity": 3500000, "totalStockholderEquity": 7207300000, "netTangibleAssets": 7207300000}], "maxAge": 86400}, "indexTrend": {"maxAge": 1, "symbol": "SP5", "peRatio": 19.7411, "pegRatio": 1.34172, "estimates": [{"period": "0q", "growth": 0.549}, {"period": "+1q", "growth": 0.431}, {"period": "0y", "growth": 0.305}, {"period": "+1y", "growth": 0.109}, {"period": "+5y", "growth": 0.120865}, {"period": "-5y"}]}, "defaultKeyStatistics": {"maxAge": 1, "priceHint": 2, "enterpriseValue": 10829841408, "profitMargins": 0.047849998, "floatShares": 6261955, "sharesOutstanding": 24690800, "heldPercentInsiders": 0.72666, "heldPercentInstitutions": 0.00059, "beta": 0.491548, "category": null, "bookValue": 287.422, "priceToBook": 2.2595696, "fundFamily": null, "legalType": null, "lastFiscalYearEnd": "2020-03-31 05:30:00", "nextFiscalYearEnd": "2022-03-31 05:30:00", "mostRecentQuarter": "2020-12-31 05:30:00", "netIncomeToCommon": 179800000, "trailingEps": 7.273, "lastSplitFactor": null, "enterpriseToRevenue": 2.882, "enterpriseToEbitda": 67.047, "52WeekChange": -0.048912644, "SandP52WeekChange": 0.48148263}, "summaryProfile": {"address1": "Inspire BKC, G Block", "address2": "Part of 601 and 701 Bandra Kurla Complex Bandra (East)", "city": "Mumbai", "zip": "400051", "country": "India", "phone": "91 22 5024 3000", "fax": "91 22 5024 3010", "website": "http://www.novartis.in", "industry": "Drug Manufacturers\u2014Specialty & Generic", "sector": "Healthcare", "longBusinessSummary": "Novartis India Limited primarily trades in drugs and pharmaceuticals. The company offers pharmaceutical products in the areas of bone and pain, calcium portfolio, gynecology, and neurosciences. It also provides generics medicines for anti-TB, anti-infective, and gynecology; and tyrosine kinase inhibitor for cancer under Glive brand name, as well as eye care products. The company offers central nervous system products under the Tegrital and Exelon brand name; pain and Inflammation products under the Voveran brand; and transplantation/immunology products under the Simulect, Certican, Myfortic Sandimmun, and Neoral brand names. In addition, it provides consignment, clinical research support, and field force support services. The company was incorporated in 1947 and is headquartered in Mumbai, India. Novartis India Limited is a subsidiary of Novartis AG.", "fullTimeEmployees": 552, "companyOfficers": [], "maxAge": 86400}, "netSharePurchaseActivity": {"maxAge": 1, "period": "6m", "buyInfoCount": 0, "buyInfoShares": 0, "sellInfoCount": 0, "netInfoCount": 0, "netInfoShares": 0, "netPercentInsiderShares": 0.0, "totalInsiderShares": 17790642}, "insiderTransactions": {"transactions": [{"maxAge": 1, "shares": 3205362, "filerUrl": "", "transactionText": "", "filerName": "Novartis AG", "filerRelation": "Promoter", "moneyText": "", "startDate": "2018-01-23", "ownership": "D"}, {"maxAge": 1, "shares": 3314555, "filerUrl": "", "transactionText": "", "filerName": "Novartis AG", "filerRelation": "Promoter", "moneyText": "", "startDate": "2016-09-16", "ownership": "D"}, {"maxAge": 1, "shares": 454205, "filerUrl": "", "transactionText": "", "filerName": "Novartis AG", "filerRelation": "Promoter", "moneyText": "", "startDate": "2013-05-30", "ownership": "D"}], "maxAge": 1}, "quoteType": {"exchange": "NSI", "quoteType": "EQUITY", "symbol": "NOVARTIND.NS", "underlyingSymbol": "NOVARTIND.NS", "shortName": "NOVARTIS INDIA", "longName": "Novartis India Limited", "firstTradeDateEpochUtc": "2020-10-07 09:15:00", "timeZoneFullName": "Asia/Kolkata", "timeZoneShortName": "IST", "uuid": "dab20ee9-0748-389f-9a7b-fea0f0413865", "messageBoardId": "finmb_878017", "gmtOffSetMilliseconds": 19800000, "maxAge": 1}, "incomeStatementHistory": {"incomeStatementHistory": [{"maxAge": 1, "endDate": "2020-03-31", "totalRevenue": 4382500000, "costOfRevenue": 1826400000, "grossProfit": 2556100000, "researchDevelopment": {}, "sellingGeneralAdministrative": 1282300000, "nonRecurring": {}, "otherOperatingExpenses": 1134000000, "totalOperatingExpenses": 4374100000, "operatingIncome": 8400000, "totalOtherIncomeExpenseNet": 278000000, "ebit": 8400000, "interestExpense": -63900000, "incomeBeforeTax": 286400000, "incomeTaxExpense": 185600000, "minorityInterest": {}, "netIncomeFromContinuingOps": 100800000, "discontinuedOperations": {}, "extraordinaryItems": {}, "effectOfAccountingCharges": {}, "otherItems": {}, "netIncome": 100800000, "netIncomeApplicableToCommonShares": 100800000}, {"maxAge": 1, "endDate": "2019-03-31", "totalRevenue": 4906800000, "costOfRevenue": 1997200000, "grossProfit": 2909600000, "researchDevelopment": {}, "sellingGeneralAdministrative": 1480000000, "nonRecurring": {}, "otherOperatingExpenses": 1271300000, "totalOperatingExpenses": 4780300000, "operatingIncome": 126500000, "totalOtherIncomeExpenseNet": 731200000, "ebit": 126500000, "interestExpense": -15900000, "incomeBeforeTax": 857700000, "incomeTaxExpense": 340000000, "minorityInterest": {}, "netIncomeFromContinuingOps": 517700000, "discontinuedOperations": {}, "extraordinaryItems": {}, "effectOfAccountingCharges": {}, "otherItems": {}, "netIncome": 517700000, "netIncomeApplicableToCommonShares": 517700000}, {"maxAge": 1, "endDate": "2018-03-31", "totalRevenue": 5638900000, "costOfRevenue": 2478000000, "grossProfit": 3160900000, "researchDevelopment": {}, "sellingGeneralAdministrative": 1836400000, "nonRecurring": {}, "otherOperatingExpenses": 1383500000, "totalOperatingExpenses": 5723200000, "operatingIncome": -84300000, "totalOtherIncomeExpenseNet": 1659500000, "ebit": -84300000, "interestExpense": -55300000, "incomeBeforeTax": 1575200000, "incomeTaxExpense": 791600000, "minorityInterest": {}, "netIncomeFromContinuingOps": 783600000, "discontinuedOperations": {}, "extraordinaryItems": {}, "effectOfAccountingCharges": {}, "otherItems": {}, "netIncome": 783600000, "netIncomeApplicableToCommonShares": 783600000}, {"maxAge": 1, "endDate": "2017-03-31", "totalRevenue": 6562200000, "costOfRevenue": 3084800000, "grossProfit": 3477400000, "researchDevelopment": {}, "sellingGeneralAdministrative": 1814300000, "nonRecurring": {}, "otherOperatingExpenses": 1412700000, "totalOperatingExpenses": 6347700000, "operatingIncome": 214500000, "totalOtherIncomeExpenseNet": 702800000, "ebit": 214500000, "interestExpense": -7200000, "incomeBeforeTax": 917300000, "incomeTaxExpense": 345100000, "minorityInterest": {}, "netIncomeFromContinuingOps": 572200000, "discontinuedOperations": {}, "extraordinaryItems": {}, "effectOfAccountingCharges": {}, "otherItems": {}, "netIncome": 572200000, "netIncomeApplicableToCommonShares": 572200000}], "maxAge": 86400}, "fundOwnership": {"maxAge": 1, "ownershipList": []}, "summaryDetail": {"maxAge": 1, "priceHint": 2, "previousClose": 650.1, "open": 645.05, "dayLow": 642.2, "dayHigh": 668.7, "regularMarketPreviousClose": 650.1, "regularMarketOpen": 645.05, "regularMarketDayLow": 642.2, "regularMarketDayHigh": 668.7, "dividendRate": 10.0, "dividendYield": 0.0154, "exDividendDate": "2020-07-30 05:30:00", "payoutRatio": 1.3736, "beta": 0.491548, "trailingPE": 89.29603, "volume": 22369, "regularMarketVolume": 22369, "averageVolume": 19508, "averageVolume10days": 76768, "averageDailyVolume10Day": 76768, "bid": 0.0, "ask": 0.0, "marketCap": 16030504960, "fiftyTwoWeekLow": 530.05, "fiftyTwoWeekHigh": 744.5, "priceToSalesTrailing12Months": 4.2661552, "fiftyDayAverage": 591.0091, "twoHundredDayAverage": 635.81793, "trailingAnnualDividendRate": 10.0, "trailingAnnualDividendYield": 0.01538225, "currency": "INR", "fromCurrency": null, "toCurrency": null, "lastMarket": null, "algorithm": null, "tradeable": false}, "incomeStatementHistoryQuarterly": {"incomeStatementHistory": [{"maxAge": 1, "endDate": "2020-12-31", "totalRevenue": 937700000, "costOfRevenue": 421400000, "grossProfit": 516300000, "researchDevelopment": {}, "sellingGeneralAdministrative": 293200000, "nonRecurring": {}, "otherOperatingExpenses": 251900000, "totalOperatingExpenses": 997300000, "operatingIncome": -59600000, "totalOtherIncomeExpenseNet": 66400000, "ebit": -59600000, "interestExpense": -16200000, "incomeBeforeTax": 6800000, "incomeTaxExpense": 13900000, "minorityInterest": {}, "netIncomeFromContinuingOps": -7100000, "discontinuedOperations": {}, "extraordinaryItems": {}, "effectOfAccountingCharges": {}, "otherItems": {}, "netIncome": -7100000, "netIncomeApplicableToCommonShares": -7100000}, {"maxAge": 1, "endDate": "2020-09-30", "totalRevenue": 958300000, "costOfRevenue": 367200000, "grossProfit": 591100000, "researchDevelopment": {}, "sellingGeneralAdministrative": 252100000, "nonRecurring": {}, "otherOperatingExpenses": 236900000, "totalOperatingExpenses": 887200000, "operatingIncome": 71100000, "totalOtherIncomeExpenseNet": 39400000, "ebit": 71100000, "interestExpense": -16600000, "incomeBeforeTax": 110500000, "incomeTaxExpense": 35300000, "minorityInterest": {}, "netIncomeFromContinuingOps": 75200000, "discontinuedOperations": {}, "extraordinaryItems": {}, "effectOfAccountingCharges": {}, "otherItems": {}, "netIncome": 75200000, "netIncomeApplicableToCommonShares": 75200000}, {"maxAge": 1, "endDate": "2020-06-30", "totalRevenue": 924600000, "costOfRevenue": 353400000, "grossProfit": 571200000, "researchDevelopment": {}, "sellingGeneralAdministrative": 299300000, "nonRecurring": {}, "otherOperatingExpenses": 230000000, "totalOperatingExpenses": 913300000, "operatingIncome": 11300000, "totalOtherIncomeExpenseNet": 52800000, "ebit": 11300000, "interestExpense": -16800000, "incomeBeforeTax": 64100000, "incomeTaxExpense": 20200000, "minorityInterest": {}, "netIncomeFromContinuingOps": 43900000, "discontinuedOperations": {}, "extraordinaryItems": {}, "effectOfAccountingCharges": {}, "otherItems": {}, "netIncome": 43900000, "netIncomeApplicableToCommonShares": 43900000}, {"maxAge": 1, "endDate": "2020-03-31", "totalRevenue": 937000000, "costOfRevenue": 245200000, "grossProfit": 691800000, "researchDevelopment": {}, "sellingGeneralAdministrative": 403500000, "nonRecurring": {}, "otherOperatingExpenses": 158700000, "totalOperatingExpenses": 842500000, "operatingIncome": 94500000, "totalOtherIncomeExpenseNet": 41000000, "ebit": 94500000, "interestExpense": -18900000, "incomeBeforeTax": 135500000, "incomeTaxExpense": 67700000, "minorityInterest": {}, "netIncomeFromContinuingOps": 67800000, "discontinuedOperations": {}, "extraordinaryItems": {}, "effectOfAccountingCharges": {}, "otherItems": {}, "netIncome": 67800000, "netIncomeApplicableToCommonShares": 67800000}], "maxAge": 86400}, "cashflowStatementHistoryQuarterly": {"cashflowStatements": [{"maxAge": 1, "endDate": "2020-12-31", "netIncome": -7100000, "changeToLiabilities": 0}, {"maxAge": 1, "endDate": "2020-09-30", "netIncome": 75200000, "changeToLiabilities": 0}, {"maxAge": 1, "endDate": "2020-06-30", "netIncome": 43900000, "changeToLiabilities": 0}, {"maxAge": 1, "endDate": "2020-03-31", "netIncome": 67800000, "changeToLiabilities": 0}], "maxAge": 86400}, "insiderHolders": {"holders": [{"maxAge": 1, "name": "Novartis AG", "relation": "Promoter", "url": "", "transactionDescription": "Acquisition", "latestTransDate": "2018-01-23", "positionDirect": 23861404, "positionDirectDate": "2018-01-23"}], "maxAge": 1}, "calendarEvents": {"maxAge": 1, "earnings": {"earningsDate": []}, "exDividendDate": "2020-07-30 05:30:00"}, "price": {"maxAge": 1, "regularMarketChangePercent": -0.0009997899, "regularMarketChange": -0.6499634, "regularMarketTime": "2021-04-30 15:29:18", "priceHint": 2, "regularMarketPrice": 649.45, "regularMarketDayHigh": 668.7, "regularMarketDayLow": 642.2, "regularMarketVolume": 22369, "averageDailyVolume10Day": 76768, "averageDailyVolume3Month": 19508, "regularMarketPreviousClose": 650.1, "regularMarketSource": "FREE_REALTIME", "regularMarketOpen": 645.05, "exchange": "NSI", "exchangeName": "NSE", "exchangeDataDelayedBy": 15, "marketState": "CLOSED", "quoteType": "EQUITY", "symbol": "NOVARTIND.NS", "underlyingSymbol": null, "shortName": "NOVARTIS INDIA", "longName": "Novartis India Limited", "currency": "INR", "quoteSourceName": "Delayed Quote", "currencySymbol": "\u20b9", "fromCurrency": null, "toCurrency": null, "lastMarket": null, "marketCap": 16030504960}, "balanceSheetHistory": {"balanceSheetStatements": [{"maxAge": 1, "endDate": "2020-03-31", "cash": 791200000, "shortTermInvestments": 5012700000, "netReceivables": 886500000, "inventory": 586800000, "otherCurrentAssets": 783300000, "totalCurrentAssets": 8131300000, "longTermInvestments": 8300000, "propertyPlantEquipment": 762800000, "otherAssets": 1874000000, "deferredLongTermAssetCharges": 247400000, "totalAssets": 10776400000, "accountsPayable": 726000000, "otherCurrentLiab": 1322700000, "otherLiab": 676600000, "totalCurrentLiabilities": 2327900000, "totalLiab": 3569100000, "commonStock": 123400000, "retainedEarnings": 7080400000, "treasuryStock": 3500000, "otherStockholderEquity": 3500000, "totalStockholderEquity": 7207300000, "netTangibleAssets": 7207300000}, {"maxAge": 1, "endDate": "2019-03-31", "cash": 877600000, "shortTermInvestments": 5227400000, "netReceivables": 778900000, "inventory": 605100000, "otherCurrentAssets": 562900000, "totalCurrentAssets": 8064700000, "longTermInvestments": 5900000, "propertyPlantEquipment": 149800000, "otherAssets": 1604000000, "deferredLongTermAssetCharges": 214400000, "totalAssets": 9824400000, "accountsPayable": 914000000, "otherCurrentLiab": 833900000, "otherLiab": 382400000, "totalCurrentLiabilities": 1850100000, "totalLiab": 2232500000, "commonStock": 123400000, "retainedEarnings": 7474600000, "treasuryStock": -6100000, "otherStockholderEquity": -6100000, "totalStockholderEquity": 7591900000, "netTangibleAssets": 7591900000}, {"maxAge": 1, "endDate": "2018-03-31", "cash": 376300000, "shortTermInvestments": 7358800000, "netReceivables": 679800000, "inventory": 565600000, "otherCurrentAssets": 533400000, "totalCurrentAssets": 9531800000, "longTermInvestments": 2600000, "propertyPlantEquipment": 46000000, "otherAssets": 1524800000, "deferredLongTermAssetCharges": 230500000, "totalAssets": 11105200000, "accountsPayable": 1061100000, "otherCurrentLiab": 1983200000, "otherLiab": 462300000, "totalCurrentLiabilities": 3306500000, "totalLiab": 3768800000, "commonStock": 123400000, "retainedEarnings": 7238400000, "treasuryStock": -25400000, "otherStockholderEquity": -25400000, "totalStockholderEquity": 7336400000, "netTangibleAssets": 7336400000}, {"maxAge": 1, "endDate": "2017-03-31", "cash": 755900000, "shortTermInvestments": 7386600000, "netReceivables": 635200000, "inventory": 875200000, "otherCurrentAssets": 62000000, "totalCurrentAssets": 9741800000, "longTermInvestments": 3800000, "propertyPlantEquipment": 57200000, "otherAssets": 1696600000, "deferredLongTermAssetCharges": 232200000, "totalAssets": 11499400000, "accountsPayable": 732200000, "otherCurrentLiab": 719800000, "otherLiab": 443800000, "totalCurrentLiabilities": 1859200000, "totalLiab": 2303000000, "commonStock": 140700000, "retainedEarnings": 9110900000, "treasuryStock": -55200000, "otherStockholderEquity": -55200000, "totalStockholderEquity": 9196400000, "netTangibleAssets": 9196400000}], "maxAge": 86400}, "financialData": {"maxAge": 86400, "currentPrice": 649.45, "recommendationKey": "none", "totalCash": 5748700160, "totalCashPerShare": 234.806, "ebitda": 161524992, "totalDebt": 662300032, "totalRevenue": 3757600000, "debtToEquity": 9.346, "revenuePerShare": 151.989, "grossProfits": 2556100000, "revenueGrowth": -0.202, "grossMargins": 0.63083, "ebitdaMargins": 0.04299, "operatingMargins": 0.03122, "profitMargins": 0.047849998, "financialCurrency": "INR"}}}