{"NOVARTIND.BO": {"recommendationTrend": {"trend": [{"period": "0m", "strongBuy": 0, "buy": 0, "hold": 0, "sell": 0, "strongSell": 0}, {"period": "-1m", "strongBuy": 0, "buy": 0, "hold": 0, "sell": 0, "strongSell": 0}, {"period": "-2m", "strongBuy": 0, "buy": 0, "hold": 0, "sell": 0, "strongSell": 0}, {"period": "-3m", "strongBuy": 0, "buy": 0, "hold": 0, "sell": 0, "strongSell": 0}], "maxAge": 86400}, "cashflowStatementHistory": {"cashflowStatements": [{"maxAge": 1, "endDate": "2020-03-31", "netIncome": 100800000, "depreciation": 131400000, "changeToNetincome": -445100000, "changeToAccountReceivables": 81400000, "changeToLiabilities": -220900000, "changeToInventory": 18300000, "changeToOperatingActivities": 102700000, "totalCashFromOperatingActivities": -231400000, "capitalExpenditures": -10000000, "investments": 181500000, "otherCashflowsFromInvestingActivities": 387000000, "totalCashflowsFromInvestingActivities": 559100000, "dividendsPaid": -246900000, "netBorrowings": -52500000, "otherCashflowsFromFinancingActivities": -114700000, "totalCashFromFinancingActivities": -414100000, "changeInCash": -86400000}, {"maxAge": 1, "endDate": "2019-03-31", "netIncome": 517700000, "depreciation": 31800000, "changeToNetincome": -874700000, "changeToAccountReceivables": -24200000, "changeToLiabilities": -108700000, "changeToInventory": -39500000, "changeToOperatingActivities": -1445200000, "totalCashFromOperatingActivities": -1942800000, "capitalExpenditures": -140600000, "investments": 2136900000, "otherCashflowsFromInvestingActivities": 443900000, "totalCashflowsFromInvestingActivities": 2742300000, "dividendsPaid": -247400000, "netBorrowings": -52500000, "otherCashflowsFromFinancingActivities": -50800000, "totalCashFromFinancingActivities": -298200000, "changeInCash": 501300000}, {"maxAge": 1, "endDate": "2018-03-31", "netIncome": 783600000, "depreciation": 25300000, "changeToNetincome": -372000000, "changeToAccountReceivables": -38500000, "changeToLiabilities": 315000000, "changeToInventory": 309600000, "changeToOperatingActivities": 586900000, "totalCashFromOperatingActivities": 1609900000, "capitalExpenditures": -8000000, "investments": -20500000, "otherCashflowsFromInvestingActivities": 535000000, "totalCashflowsFromInvestingActivities": 687000000, "dividendsPaid": -280400000, "netBorrowings": -52500000, "otherCashflowsFromFinancingActivities": -57300000, "totalCashFromFinancingActivities": -2676500000, "changeInCash": -379600000, "repurchaseOfStock": -2338800000}, {"maxAge": 1, "endDate": "2017-03-31", "netIncome": 572200000, "depreciation": 35900000, "changeToNetincome": -691900000, "changeToAccountReceivables": 87400000, "changeToLiabilities": 41300000, "changeToInventory": -151200000, "changeToOperatingActivities": -302000000, "totalCashFromOperatingActivities": -408300000, "capitalExpenditures": -28000000, "investments": 3559200000, "otherCashflowsFromInvestingActivities": 676400000, "totalCashflowsFromInvestingActivities": 4236400000, "dividendsPaid": -319400000, "netBorrowings": -52500000, "otherCashflowsFromFinancingActivities": -71600000, "totalCashFromFinancingActivities": -3318000000, "changeInCash": 510100000, "repurchaseOfStock": -2927000000}], "maxAge": 86400}, "institutionOwnership": {"ownershipList": [], "maxAge": 1}, "balanceSheetHistoryQuarterly": {"balanceSheetStatements": [{"maxAge": 1, "endDate": "2020-06-30", "totalStockholderEquity": 7207300000, "netTangibleAssets": 7207300000}, {"maxAge": 1, "endDate": "2020-03-31", "cash": 791200000, "shortTermInvestments": 5012700000, "netReceivables": 886500000, "inventory": 586800000, "otherCurrentAssets": 783300000, "totalCurrentAssets": 8131300000, "longTermInvestments": 8300000, "propertyPlantEquipment": 762800000, "otherAssets": 1874000000, "deferredLongTermAssetCharges": 247400000, "totalAssets": 10776400000, "accountsPayable": 726000000, "otherCurrentLiab": 1322700000, "otherLiab": 676600000, "totalCurrentLiabilities": 2327900000, "totalLiab": 3569100000, "commonStock": 123400000, "retainedEarnings": 7080400000, "treasuryStock": 3500000, "otherStockholderEquity": 3500000, "totalStockholderEquity": 7207300000, "netTangibleAssets": 7207300000}, {"maxAge": 1, "endDate": "2019-12-31", "totalStockholderEquity": 7243900000, "netTangibleAssets": 7243900000}, {"maxAge": 1, "endDate": "2019-09-30", "cash": 6339400000, "shortTermInvestments": 153700000, "netReceivables": 530500000, "inventory": 654400000, "otherCurrentAssets": 806900000, "totalCurrentAssets": 8484900000, "longTermInvestments": 38400000, "propertyPlantEquipment": 781700000, "otherAssets": 1637200000, "deferredLongTermAssetCharges": 156100000, "totalAssets": 10942200000, "accountsPayable": 1199200000, "otherCurrentLiab": 1449500000, "otherLiab": 381600000, "totalCurrentLiabilities": 2749300000, "totalLiab": 3698300000, "commonStock": 123400000, "treasuryStock": 7120500000, "otherStockholderEquity": 7120500000, "totalStockholderEquity": 7243900000, "netTangibleAssets": 7243900000}], "maxAge": 86400}, "earningsHistory": {"history": [{"maxAge": 1, "epsActual": {}, "epsEstimate": {}, "epsDifference": {}, "surprisePercent": {}, "quarter": {}, "period": "-4q"}, {"maxAge": 1, "epsActual": {}, "epsEstimate": {}, "epsDifference": {}, "surprisePercent": {}, "quarter": {}, "period": "-3q"}, {"maxAge": 1, "epsActual": {}, "epsEstimate": {}, "epsDifference": {}, "surprisePercent": {}, "quarter": {}, "period": "-2q"}, {"maxAge": 1, "epsActual": {}, "epsEstimate": {}, "epsDifference": {}, "surprisePercent": {}, "quarter": {}, "period": "-1q"}], "maxAge": 86400}, "indexTrend": {"maxAge": 1, "symbol": "SP5", "peRatio": 19.7411, "pegRatio": 1.34172, "estimates": [{"period": "0q", "growth": 0.549}, {"period": "+1q", "growth": 0.431}, {"period": "0y", "growth": 0.305}, {"period": "+1y", "growth": 0.109}, {"period": "+5y", "growth": 0.120865}, {"period": "-5y"}]}, "industryTrend": {"maxAge": 1, "symbol": null, "estimates": []}, "insiderTransactions": {"transactions": [{"maxAge": 1, "shares": 3205362, "filerUrl": "", "transactionText": "", "filerName": "Novartis AG", "filerRelation": "Promoter", "moneyText": "", "startDate": "2018-01-23", "ownership": "D"}, {"maxAge": 1, "shares": 3314555, "filerUrl": "", "transactionText": "", "filerName": "Novartis AG", "filerRelation": "Promoter", "moneyText": "", "startDate": "2016-09-16", "ownership": "D"}, {"maxAge": 1, "shares": 454205, "filerUrl": "", "transactionText": "", "filerName": "Novartis AG", "filerRelation": "Promoter", "moneyText": "", "startDate": "2013-05-30", "ownership": "D"}], "maxAge": 1}, "quoteType": {"exchange": "BSE", "quoteType": "EQUITY", "symbol": "NOVARTIND.BO", "underlyingSymbol": "NOVARTIND.BO", "shortName": "NOVARTIS INDIA LTD.", "longName": "Novartis India Limited", "firstTradeDateEpochUtc": "2000-11-07 09:15:00", "timeZoneFullName": "Asia/Kolkata", "timeZoneShortName": "IST", "uuid": "a6d7c30f-9531-3150-9952-f3d94157fedf", "gmtOffSetMilliseconds": 19800000, "maxAge": 1}, "incomeStatementHistory": {"incomeStatementHistory": [{"maxAge": 1, "endDate": "2020-03-31", "totalRevenue": 4382500000, "costOfRevenue": 1826400000, "grossProfit": 2556100000, "researchDevelopment": {}, "sellingGeneralAdministrative": 1282300000, "nonRecurring": {}, "otherOperatingExpenses": 1134000000, "totalOperatingExpenses": 4374100000, "operatingIncome": 8400000, "totalOtherIncomeExpenseNet": 278000000, "ebit": 8400000, "interestExpense": -63900000, "incomeBeforeTax": 286400000, "incomeTaxExpense": 185600000, "minorityInterest": {}, "netIncomeFromContinuingOps": 100800000, "discontinuedOperations": {}, "extraordinaryItems": {}, "effectOfAccountingCharges": {}, "otherItems": {}, "netIncome": 100800000, "netIncomeApplicableToCommonShares": 100800000}, {"maxAge": 1, "endDate": "2019-03-31", "totalRevenue": 4906800000, "costOfRevenue": 1997200000, "grossProfit": 2909600000, "researchDevelopment": {}, "sellingGeneralAdministrative": 1480000000, "nonRecurring": {}, "otherOperatingExpenses": 1271300000, "totalOperatingExpenses": 4780300000, "operatingIncome": 126500000, "totalOtherIncomeExpenseNet": 731200000, "ebit": 126500000, "interestExpense": -15900000, "incomeBeforeTax": 857700000, "incomeTaxExpense": 340000000, "minorityInterest": {}, "netIncomeFromContinuingOps": 517700000, "discontinuedOperations": {}, "extraordinaryItems": {}, "effectOfAccountingCharges": {}, "otherItems": {}, "netIncome": 517700000, "netIncomeApplicableToCommonShares": 517700000}, {"maxAge": 1, "endDate": "2018-03-31", "totalRevenue": 5638900000, "costOfRevenue": 2478000000, "grossProfit": 3160900000, "researchDevelopment": {}, "sellingGeneralAdministrative": 1836400000, "nonRecurring": {}, "otherOperatingExpenses": 1383500000, "totalOperatingExpenses": 5723200000, "operatingIncome": -84300000, "totalOtherIncomeExpenseNet": 1659500000, "ebit": -84300000, "interestExpense": -55300000, "incomeBeforeTax": 1575200000, "incomeTaxExpense": 791600000, "minorityInterest": {}, "netIncomeFromContinuingOps": 783600000, "discontinuedOperations": {}, "extraordinaryItems": {}, "effectOfAccountingCharges": {}, "otherItems": {}, "netIncome": 783600000, "netIncomeApplicableToCommonShares": 783600000}, {"maxAge": 1, "endDate": "2017-03-31", "totalRevenue": 6562200000, "costOfRevenue": 3084800000, "grossProfit": 3477400000, "researchDevelopment": {}, "sellingGeneralAdministrative": 1814300000, "nonRecurring": {}, "otherOperatingExpenses": 1412700000, "totalOperatingExpenses": 6347700000, "operatingIncome": 214500000, "totalOtherIncomeExpenseNet": 702800000, "ebit": 214500000, "interestExpense": -7200000, "incomeBeforeTax": 917300000, "incomeTaxExpense": 345100000, "minorityInterest": {}, "netIncomeFromContinuingOps": 572200000, "discontinuedOperations": {}, "extraordinaryItems": {}, "effectOfAccountingCharges": {}, "otherItems": {}, "netIncome": 572200000, "netIncomeApplicableToCommonShares": 572200000}], "maxAge": 86400}, "fundOwnership": {"ownershipList": [], "maxAge": 1}, "summaryDetail": {"maxAge": 1, "priceHint": 2, "previousClose": 649.9, "open": 645.0, "dayLow": 645.0, "dayHigh": 665.65, "regularMarketPreviousClose": 649.9, "regularMarketOpen": 645.0, "regularMarketDayLow": 645.0, "regularMarketDayHigh": 665.65, "trailingPE": 117.03356, "volume": 3117, "regularMarketVolume": 3117, "averageVolume": 5597, "averageVolume10days": 1524, "averageDailyVolume10Day": 1524, "bid": 646.3, "ask": 650.0, "bidSize": 0, "askSize": 0, "marketCap": 16014452736, "fiftyTwoWeekLow": 420.05, "fiftyTwoWeekHigh": 770.0, "fiftyDayAverage": 684.38184, "twoHundredDayAverage": 649.95, "trailingAnnualDividendRate": 10.0, "trailingAnnualDividendYield": 0.015386982, "currency": "INR", "fromCurrency": null, "lastMarket": null, "algorithm": null, "tradeable": false}, "sectorTrend": {"maxAge": 1, "symbol": null, "estimates": []}, "incomeStatementHistoryQuarterly": {"incomeStatementHistory": [{"maxAge": 1, "endDate": "2020-06-30", "totalRevenue": 924600000, "costOfRevenue": 353400000, "grossProfit": 571200000, "researchDevelopment": {}, "sellingGeneralAdministrative": 299300000, "nonRecurring": {}, "otherOperatingExpenses": 230000000, "totalOperatingExpenses": 913300000, "operatingIncome": 11300000, "totalOtherIncomeExpenseNet": 52800000, "ebit": 11300000, "interestExpense": -16800000, "incomeBeforeTax": 64100000, "incomeTaxExpense": 20200000, "minorityInterest": {}, "netIncomeFromContinuingOps": 43900000, "discontinuedOperations": {}, "extraordinaryItems": {}, "effectOfAccountingCharges": {}, "otherItems": {}, "netIncome": 43900000, "netIncomeApplicableToCommonShares": 43900000}, {"maxAge": 1, "endDate": "2020-03-31", "totalRevenue": 937000000, "costOfRevenue": 245200000, "grossProfit": 691800000, "researchDevelopment": {}, "sellingGeneralAdministrative": 403500000, "nonRecurring": {}, "otherOperatingExpenses": 158700000, "totalOperatingExpenses": 842500000, "operatingIncome": 94500000, "totalOtherIncomeExpenseNet": 41000000, "ebit": 94500000, "interestExpense": -18900000, "incomeBeforeTax": 135500000, "incomeTaxExpense": 67700000, "minorityInterest": {}, "netIncomeFromContinuingOps": 67800000, "discontinuedOperations": {}, "extraordinaryItems": {}, "effectOfAccountingCharges": {}, "otherItems": {}, "netIncome": 67800000, "netIncomeApplicableToCommonShares": 67800000}, {"maxAge": 1, "endDate": "2019-12-31", "totalRevenue": 1174600000, "costOfRevenue": 472600000, "grossProfit": 702000000, "researchDevelopment": {}, "sellingGeneralAdministrative": 304600000, "nonRecurring": {}, "otherOperatingExpenses": 307300000, "totalOperatingExpenses": 1117200000, "operatingIncome": 57400000, "totalOtherIncomeExpenseNet": 56400000, "ebit": 57400000, "interestExpense": -16600000, "incomeBeforeTax": 113800000, "incomeTaxExpense": 36500000, "minorityInterest": {}, "netIncomeFromContinuingOps": 77300000, "discontinuedOperations": {}, "extraordinaryItems": {}, "effectOfAccountingCharges": {}, "otherItems": {}, "netIncome": 77300000, "netIncomeApplicableToCommonShares": 77300000}, {"maxAge": 1, "endDate": "2019-09-30", "totalRevenue": 1177800000, "costOfRevenue": 594200000, "grossProfit": 583600000, "researchDevelopment": {}, "sellingGeneralAdministrative": 271700000, "nonRecurring": {}, "otherOperatingExpenses": 339800000, "totalOperatingExpenses": 1237100000, "operatingIncome": -59300000, "totalOtherIncomeExpenseNet": 83300000, "ebit": -59300000, "interestExpense": -16800000, "incomeBeforeTax": 24000000, "incomeTaxExpense": 76200000, "minorityInterest": {}, "netIncomeFromContinuingOps": -52200000, "discontinuedOperations": {}, "extraordinaryItems": {}, "effectOfAccountingCharges": {}, "otherItems": {}, "netIncome": -52200000, "netIncomeApplicableToCommonShares": -52200000}], "maxAge": 86400}, "cashflowStatementHistoryQuarterly": {"cashflowStatements": [{"maxAge": 1, "endDate": "2020-06-30", "netIncome": 43900000, "changeToLiabilities": 0}, {"maxAge": 1, "endDate": "2020-03-31", "netIncome": 67800000, "changeToLiabilities": 0}, {"maxAge": 1, "endDate": "2019-12-31", "netIncome": 77300000, "changeToLiabilities": 0}, {"maxAge": 1, "endDate": "2019-09-30", "netIncome": -52200000, "changeToLiabilities": 0}], "maxAge": 86400}, "insiderHolders": {"holders": [{"maxAge": 1, "name": "Novartis AG", "relation": "Promoter", "url": "", "transactionDescription": "Acquisition", "latestTransDate": "2018-01-23", "positionDirect": 23861404, "positionDirectDate": "2018-01-23"}], "maxAge": 1}, "earnings": {"maxAge": 86400, "earningsChart": {"quarterly": [], "earningsDate": []}, "financialsChart": {"yearly": [{"date": 2017, "revenue": 6562200000, "earnings": 572200000}, {"date": 2018, "revenue": 5638900000, "earnings": 783600000}, {"date": 2019, "revenue": 4906800000, "earnings": 517700000}, {"date": 2020, "revenue": 4382500000, "earnings": 100800000}], "quarterly": [{"date": "3Q2019", "revenue": 1177800000, "earnings": -52200000}, {"date": "4Q2019", "revenue": 1174600000, "earnings": 77300000}, {"date": "1Q2020", "revenue": 937000000, "earnings": 67800000}, {"date": "2Q2020", "revenue": 924600000, "earnings": 43900000}]}, "financialCurrency": "INR"}, "calendarEvents": {"maxAge": 1, "earnings": {"earningsDate": []}}, "upgradeDowngradeHistory": {"history": [], "maxAge": 86400}, "price": {"maxAge": 1, "regularMarketChangePercent": -0.0020003829, "regularMarketChange": -1.3000488, "regularMarketTime": "2021-04-30 15:26:20", "priceHint": 2, "regularMarketPrice": 648.6, "regularMarketDayHigh": 665.65, "regularMarketDayLow": 645.0, "regularMarketVolume": 3117, "averageDailyVolume10Day": 1524, "averageDailyVolume3Month": 5597, "regularMarketPreviousClose": 649.9, "regularMarketSource": "FREE_REALTIME", "regularMarketOpen": 645.0, "exchange": "BSE", "exchangeName": "BSE", "exchangeDataDelayedBy": 0, "marketState": "CLOSED", "quoteType": "EQUITY", "symbol": "NOVARTIND.BO", "underlyingSymbol": null, "shortName": "NOVARTIS INDIA LTD.", "longName": "Novartis India Limited", "currency": "INR", "quoteSourceName": "Delayed Quote", "currencySymbol": "\u20b9", "fromCurrency": null, "lastMarket": null, "marketCap": 16014452736}, "balanceSheetHistory": {"balanceSheetStatements": [{"maxAge": 1, "endDate": "2020-03-31", "cash": 791200000, "shortTermInvestments": 5012700000, "netReceivables": 886500000, "inventory": 586800000, "otherCurrentAssets": 783300000, "totalCurrentAssets": 8131300000, "longTermInvestments": 8300000, "propertyPlantEquipment": 762800000, "otherAssets": 1874000000, "deferredLongTermAssetCharges": 247400000, "totalAssets": 10776400000, "accountsPayable": 726000000, "otherCurrentLiab": 1322700000, "otherLiab": 676600000, "totalCurrentLiabilities": 2327900000, "totalLiab": 3569100000, "commonStock": 123400000, "retainedEarnings": 7080400000, "treasuryStock": 3500000, "otherStockholderEquity": 3500000, "totalStockholderEquity": 7207300000, "netTangibleAssets": 7207300000}, {"maxAge": 1, "endDate": "2019-03-31", "cash": 877600000, "shortTermInvestments": 5227400000, "netReceivables": 778900000, "inventory": 605100000, "otherCurrentAssets": 562900000, "totalCurrentAssets": 8064700000, "longTermInvestments": 5900000, "propertyPlantEquipment": 149800000, "otherAssets": 1604000000, "deferredLongTermAssetCharges": 214400000, "totalAssets": 9824400000, "accountsPayable": 914000000, "otherCurrentLiab": 833900000, "otherLiab": 382400000, "totalCurrentLiabilities": 1850100000, "totalLiab": 2232500000, "commonStock": 123400000, "retainedEarnings": 7474600000, "treasuryStock": -6100000, "otherStockholderEquity": -6100000, "totalStockholderEquity": 7591900000, "netTangibleAssets": 7591900000}, {"maxAge": 1, "endDate": "2018-03-31", "cash": 376300000, "shortTermInvestments": 7358800000, "netReceivables": 679800000, "inventory": 565600000, "otherCurrentAssets": 533400000, "totalCurrentAssets": 9531800000, "longTermInvestments": 2600000, "propertyPlantEquipment": 46000000, "otherAssets": 1524800000, "deferredLongTermAssetCharges": 230500000, "totalAssets": 11105200000, "accountsPayable": 1061100000, "otherCurrentLiab": 1983200000, "otherLiab": 462300000, "totalCurrentLiabilities": 3306500000, "totalLiab": 3768800000, "commonStock": 123400000, "retainedEarnings": 7238400000, "treasuryStock": -25400000, "otherStockholderEquity": -25400000, "totalStockholderEquity": 7336400000, "netTangibleAssets": 7336400000}, {"maxAge": 1, "endDate": "2017-03-31", "cash": 755900000, "shortTermInvestments": 7386600000, "netReceivables": 635200000, "inventory": 875200000, "otherCurrentAssets": 62000000, "totalCurrentAssets": 9741800000, "longTermInvestments": 3800000, "propertyPlantEquipment": 57200000, "otherAssets": 1696600000, "deferredLongTermAssetCharges": 232200000, "totalAssets": 11499400000, "accountsPayable": 732200000, "otherCurrentLiab": 719800000, "otherLiab": 443800000, "totalCurrentLiabilities": 1859200000, "totalLiab": 2303000000, "commonStock": 140700000, "retainedEarnings": 9110900000, "treasuryStock": -55200000, "otherStockholderEquity": -55200000, "totalStockholderEquity": 9196400000, "netTangibleAssets": 9196400000}], "maxAge": 86400}, "earningsTrend": {"trend": [{"maxAge": 1, "period": "0q", "endDate": null, "growth": {}, "earningsEstimate": {"avg": 0.0, "low": 0.0, "high": 0.0, "yearAgoEps": {}, "numberOfAnalysts": 0, "growth": {}}, "revenueEstimate": {"avg": 0, "low": 0, "high": 0, "numberOfAnalysts": 0, "yearAgoRevenue": {}, "growth": {}}, "epsTrend": {"current": 0.0, "7daysAgo": 0.0, "30daysAgo": 0.0, "60daysAgo": 0.0, "90daysAgo": 0.0}, "epsRevisions": {"upLast7days": 0, "upLast30days": 0, "downLast30days": 0, "downLast90days": {}}}, {"maxAge": 1, "period": "+1q", "endDate": null, "growth": {}, "earningsEstimate": {"avg": 0.0, "low": 0.0, "high": 0.0, "yearAgoEps": {}, "numberOfAnalysts": 0, "growth": {}}, "revenueEstimate": {"avg": 0, "low": 0, "high": 0, "numberOfAnalysts": 0, "yearAgoRevenue": {}, "growth": {}}, "epsTrend": {"current": 0.0, "7daysAgo": 0.0, "30daysAgo": 0.0, "60daysAgo": 0.0, "90daysAgo": 0.0}, "epsRevisions": {"upLast7days": 0, "upLast30days": 0, "downLast30days": 0, "downLast90days": {}}}, {"maxAge": 1, "period": "0y", "endDate": null, "growth": {}, "earningsEstimate": {"avg": 0.0, "low": 0.0, "high": 0.0, "yearAgoEps": {}, "numberOfAnalysts": 0, "growth": {}}, "revenueEstimate": {"avg": 0, "low": 0, "high": 0, "numberOfAnalysts": 0, "yearAgoRevenue": {}, "growth": {}}, "epsTrend": {"current": 0.0, "7daysAgo": 0.0, "30daysAgo": 0.0, "60daysAgo": 0.0, "90daysAgo": 0.0}, "epsRevisions": {"upLast7days": 0, "upLast30days": 0, "downLast30days": 0, "downLast90days": {}}}, {"maxAge": 1, "period": "+1y", "endDate": null, "growth": {}, "earningsEstimate": {"avg": 0.0, "low": 0.0, "high": 0.0, "yearAgoEps": {}, "numberOfAnalysts": 0, "growth": {}}, "revenueEstimate": {"avg": 0, "low": 0, "high": 0, "numberOfAnalysts": 0, "yearAgoRevenue": {}, "growth": {}}, "epsTrend": {"current": 0.0, "7daysAgo": 0.0, "30daysAgo": 0.0, "60daysAgo": 0.0, "90daysAgo": 0.0}, "epsRevisions": {"upLast7days": 0, "upLast30days": 0, "downLast30days": 0, "downLast90days": {}}}, {"maxAge": 1, "period": "+5y", "endDate": null, "growth": {}, "earningsEstimate": {"avg": {}, "low": {}, "high": {}, "yearAgoEps": {}, "numberOfAnalysts": {}, "growth": {}}, "revenueEstimate": {"avg": {}, "low": {}, "high": {}, "numberOfAnalysts": {}, "yearAgoRevenue": {}, "growth": {}}, "epsTrend": {"current": {}, "7daysAgo": {}, "30daysAgo": {}, "60daysAgo": {}, "90daysAgo": {}}, "epsRevisions": {"upLast7days": {}, "upLast30days": {}, "downLast30days": {}, "downLast90days": {}}}, {"maxAge": 1, "period": "-5y", "endDate": null, "growth": {}, "earningsEstimate": {"avg": {}, "low": {}, "high": {}, "yearAgoEps": {}, "numberOfAnalysts": {}, "growth": {}}, "revenueEstimate": {"avg": {}, "low": {}, "high": {}, "numberOfAnalysts": {}, "yearAgoRevenue": {}, "growth": {}}, "epsTrend": {"current": {}, "7daysAgo": {}, "30daysAgo": {}, "60daysAgo": {}, "90daysAgo": {}}, "epsRevisions": {"upLast7days": {}, "upLast30days": {}, "downLast30days": {}, "downLast90days": {}}}], "maxAge": 1}, "financialData": {"maxAge": 86400, "currentPrice": 648.6, "targetHighPrice": 745.0, "targetLowPrice": 745.0, "targetMeanPrice": 745.0, "targetMedianPrice": 745.0, "recommendationKey": "none", "numberOfAnalystOpinions": 1, "grossProfits": 2556100000, "financialCurrency": "INR"}}}