{"NPRFIN.BO": {"cashflowStatementHistory": {"cashflowStatements": [{"maxAge": 1, "endDate": "2020-03-31", "netIncome": 16581659, "depreciation": 6758340, "changeToNetincome": -9325165, "changeToLiabilities": -1880284, "changeToOperatingActivities": -13526764, "totalCashFromOperatingActivities": -1392214, "capitalExpenditures": -1006559, "totalCashflowsFromInvestingActivities": 4783059, "netBorrowings": -5388383, "totalCashFromFinancingActivities": -5388383, "changeInCash": -1997538}, {"maxAge": 1, "endDate": "2019-03-31", "netIncome": 25289935, "depreciation": 6632633, "changeToNetincome": -683836, "changeToLiabilities": -832660, "changeToOperatingActivities": -22544114, "totalCashFromOperatingActivities": 7861958, "capitalExpenditures": -656334, "totalCashflowsFromInvestingActivities": 2001366, "netBorrowings": -2668892, "totalCashFromFinancingActivities": -2668892, "changeInCash": 7194432}, {"maxAge": 1, "endDate": "2018-03-31", "netIncome": 14915026, "depreciation": 6450280, "changeToNetincome": -8622162, "changeToLiabilities": 0, "changeToInventory": 3335158, "changeToOperatingActivities": 2412999, "totalCashFromOperatingActivities": 18491301, "capitalExpenditures": -6652315, "totalCashflowsFromInvestingActivities": -6534194, "netBorrowings": -10079375, "totalCashFromFinancingActivities": -10079375, "changeInCash": 1877732}, {"maxAge": 1, "endDate": "2017-03-31", "netIncome": 29386786, "depreciation": 6256269, "changeToNetincome": -14369394, "changeToLiabilities": 0, "changeToInventory": 4000940, "changeToOperatingActivities": -53587413, "totalCashFromOperatingActivities": -28312812, "capitalExpenditures": -787227, "investments": 8977275, "totalCashflowsFromInvestingActivities": 8230048, "netBorrowings": 21655943, "totalCashFromFinancingActivities": 21655943, "changeInCash": 1573179}], "maxAge": 86400}, "institutionOwnership": {"maxAge": 1, "ownershipList": []}, "balanceSheetHistoryQuarterly": {"balanceSheetStatements": [{"maxAge": 1, "endDate": "2020-06-30", "totalStockholderEquity": 539400578, "netTangibleAssets": 539400578}, {"maxAge": 1, "endDate": "2020-03-31", "cash": 11380812, "netReceivables": 387341662, "otherCurrentAssets": 49416123, "totalCurrentAssets": 554238781, "longTermInvestments": 3500000, "propertyPlantEquipment": 52472317, "otherAssets": 455384, "totalAssets": 610666482, "accountsPayable": 30035382, "otherCurrentLiab": 225455, "longTermDebt": 3094520, "otherLiab": 35333859, "totalCurrentLiabilities": 32837525, "totalLiab": 71265904, "commonStock": 59896000, "retainedEarnings": 373932584, "treasuryStock": 80623994, "capitalSurplus": 24948000, "otherStockholderEquity": 80623994, "totalStockholderEquity": 539400578, "netTangibleAssets": 539400578}, {"maxAge": 1, "endDate": "2019-12-31", "totalStockholderEquity": 516424000, "netTangibleAssets": 516424000}, {"maxAge": 1, "endDate": "2019-09-30", "cash": 5220000, "netReceivables": 389602000, "otherCurrentAssets": 44210000, "totalCurrentAssets": 394822000, "longTermInvestments": 93379000, "propertyPlantEquipment": 55308000, "otherAssets": 44210000, "totalAssets": 587719000, "accountsPayable": 26535000, "longTermDebt": 5154000, "otherLiab": 39606000, "totalCurrentLiabilities": 26535000, "totalLiab": 71295000, "commonStock": 59896000, "treasuryStock": 456528000, "otherStockholderEquity": 456528000, "totalStockholderEquity": 516424000, "netTangibleAssets": 516424000}], "maxAge": 86400}, "indexTrend": {"maxAge": 1, "symbol": "SP5", "peRatio": 19.7411, "pegRatio": 1.34172, "estimates": [{"period": "0q", "growth": 0.549}, {"period": "+1q", "growth": 0.431}, {"period": "0y", "growth": 0.305}, {"period": "+1y", "growth": 0.109}, {"period": "+5y", "growth": 0.120859005}, {"period": "-5y"}]}, "insiderTransactions": {"transactions": [{"maxAge": 1, "shares": 12000, "filerUrl": "", "transactionText": "", "filerName": "Priyashi Construction Pvt Ltd", "filerRelation": "Promoter", "moneyText": "", "startDate": "2015-07-01", "ownership": "D"}, {"maxAge": 1, "shares": 13100, "filerUrl": "", "transactionText": "", "filerName": "Priyashi Construction Pvt Ltd", "filerRelation": "Promoter", "moneyText": "", "startDate": "2015-06-29", "ownership": "D"}, {"maxAge": 1, "shares": 14819, "filerUrl": "", "transactionText": "", "filerName": "New Age Enclave Pvt Ltd", "filerRelation": "Promoter", "moneyText": "", "startDate": "2015-03-03", "ownership": "D"}, {"maxAge": 1, "shares": 3000, "filerUrl": "", "transactionText": "", "filerName": "Priyashi Construction Pvt Ltd", "filerRelation": "Promoter", "moneyText": "", "startDate": "2015-01-01", "ownership": "D"}, {"maxAge": 1, "shares": 5000, "filerUrl": "", "transactionText": "", "filerName": "Priyashi Construction Pvt Ltd", "filerRelation": "Promoter", "moneyText": "", "startDate": "2014-12-31", "ownership": "D"}, {"maxAge": 1, "shares": 10000, "filerUrl": "", "transactionText": "", "filerName": "New Age Enclave Pvt Ltd", "filerRelation": "Promoter", "moneyText": "", "startDate": "2014-06-18", "ownership": "D"}, {"maxAge": 1, "shares": 14327, "filerUrl": "", "transactionText": "", "filerName": "New Age Enclave Pvt Ltd", "filerRelation": "Promoter", "moneyText": "", "startDate": "2014-06-16", "ownership": "D"}, {"maxAge": 1, "shares": 19200, "filerUrl": "", "transactionText": "", "filerName": "Priyashi Construction Pvt Ltd", "filerRelation": "Promoter", "moneyText": "", "startDate": "2014-03-21", "ownership": "D"}, {"maxAge": 1, "shares": 1550, "filerUrl": "", "transactionText": "", "filerName": "Priyashi Construction Pvt Ltd", "filerRelation": "Promoter", "moneyText": "", "startDate": "2014-03-20", "ownership": "D"}, {"maxAge": 1, "shares": 19239, "filerUrl": "", "transactionText": "", "filerName": "Priyashi Construction Pvt Ltd", "filerRelation": "Promoter", "moneyText": "", "startDate": "2014-03-19", "ownership": "D"}, {"maxAge": 1, "shares": 15950, "filerUrl": "", "transactionText": "", "filerName": "Priyashi Construction Pvt Ltd", "filerRelation": "Promoter", "moneyText": "", "startDate": "2014-03-18", "ownership": "D"}, {"maxAge": 1, "shares": 19934, "filerUrl": "", "transactionText": "", "filerName": "Priyashi Construction Pvt Ltd", "filerRelation": "Promoter", "moneyText": "", "startDate": "2014-03-14", "ownership": "D"}, {"maxAge": 1, "shares": 15523, "filerUrl": "", "transactionText": "", "filerName": "Todi (Priya Manjari)", "filerRelation": "Promoter", "moneyText": "", "startDate": "2014-03-11", "ownership": "D"}, {"maxAge": 1, "shares": 25110, "filerUrl": "", "transactionText": "", "filerName": "Todi (Priya Manjari)", "filerRelation": "Promoter", "moneyText": "", "startDate": "2014-03-10", "ownership": "D"}, {"maxAge": 1, "shares": 10086, "filerUrl": "", "transactionText": "", "filerName": "Todi (Priya Manjari)", "filerRelation": "Promoter", "moneyText": "", "startDate": "2014-02-25", "ownership": "D"}, {"maxAge": 1, "shares": 10670, "filerUrl": "", "transactionText": "", "filerName": "Todi (Priya Manjari)", "filerRelation": "Promoter", "moneyText": "", "startDate": "2014-02-05", "ownership": "D"}, {"maxAge": 1, "shares": 4072, "filerUrl": "", "transactionText": "", "filerName": "Todi (Priya Manjari)", "filerRelation": "Promoter", "moneyText": "", "startDate": "2014-01-24", "ownership": "D"}, {"maxAge": 1, "shares": 562, "filerUrl": "", "transactionText": "", "filerName": "Todi (Priya Manjari)", "filerRelation": "Promoter", "moneyText": "", "startDate": "2014-01-21", "ownership": "D"}, {"maxAge": 1, "shares": 1175, "filerUrl": "", "transactionText": "", "filerName": "Todi (Priya Manjari)", "filerRelation": "Promoter", "moneyText": "", "startDate": "2014-01-20", "ownership": "D"}, {"maxAge": 1, "shares": 1323, "filerUrl": "", "transactionText": "", "filerName": "Todi (Priya Manjari)", "filerRelation": "Promoter", "moneyText": "", "startDate": "2014-01-17", "ownership": "D"}, {"maxAge": 1, "shares": 700, "filerUrl": "", "transactionText": "", "filerName": "New Age Enclave Pvt Ltd", "filerRelation": "Promoter", "moneyText": "", "startDate": "2012-01-27", "ownership": "D"}, {"maxAge": 1, "shares": 3005, "filerUrl": "", "transactionText": "", "filerName": "New Age Enclave Pvt Ltd", "filerRelation": "Promoter", "moneyText": "", "startDate": "2011-12-16", "ownership": "D"}, {"maxAge": 1, "shares": 93000, "filerUrl": "", "transactionText": "", "filerName": "E I Investments Pvt Ltd", "filerRelation": "Institution- Corporation", "moneyText": "", "startDate": "2010-03-30", "ownership": "D"}, {"maxAge": 1, "shares": 93000, "filerUrl": "", "transactionText": "", "filerName": "Silva Computech Pvt Ltd", "filerRelation": "Institution- Corporation", "moneyText": "", "startDate": "2010-03-30", "ownership": "D"}, {"maxAge": 1, "shares": 80000, "filerUrl": "", "transactionText": "", "filerName": "Tamal Stationers Pvt Ltd", "filerRelation": "Institution- Corporation", "moneyText": "", "startDate": "2010-03-30", "ownership": "D"}, {"maxAge": 1, "shares": 276000, "filerUrl": "", "transactionText": "", "filerName": "Acme Credit Pvt Ltd", "filerRelation": "Institution- Corporation", "moneyText": "", "startDate": "2010-03-30", "ownership": "D"}], "maxAge": 1}, "quoteType": {"exchange": "BSE", "quoteType": "EQUITY", "symbol": "NPRFIN.BO", "underlyingSymbol": "NPRFIN.BO", "shortName": "NPR FINANCE LTD.", "longName": "NPR Finance Limited", "firstTradeDateEpochUtc": "2002-05-13 09:15:00", "timeZoneFullName": "Asia/Kolkata", "timeZoneShortName": "IST", "uuid": "9375d00e-5ebe-382b-9ade-165ecbbf3b13", "messageBoardId": null, "gmtOffSetMilliseconds": 19800000, "maxAge": 1}, "incomeStatementHistory": {"incomeStatementHistory": [{"maxAge": 1, "endDate": "2020-03-31", "totalRevenue": 273663158, "costOfRevenue": 214447202, "grossProfit": 59215956, "researchDevelopment": {}, "sellingGeneralAdministrative": 23413154, "nonRecurring": {}, "otherOperatingExpenses": 15903337, "totalOperatingExpenses": 260522033, "operatingIncome": 13141125, "totalOtherIncomeExpenseNet": 4606720, "ebit": 0, "interestExpense": {}, "incomeBeforeTax": 17747845, "incomeTaxExpense": 1166186, "minorityInterest": {}, "netIncomeFromContinuingOps": 16581659, "discontinuedOperations": {}, "extraordinaryItems": {}, "effectOfAccountingCharges": {}, "otherItems": {}, "netIncome": 16581659, "netIncomeApplicableToCommonShares": 16581659}, {"maxAge": 1, "endDate": "2019-03-31", "totalRevenue": 359913699, "costOfRevenue": 297432042, "grossProfit": 62481657, "researchDevelopment": {}, "sellingGeneralAdministrative": 16574824, "nonRecurring": {}, "otherOperatingExpenses": 10221265, "totalOperatingExpenses": 330860764, "operatingIncome": 29052935, "totalOtherIncomeExpenseNet": 1837733, "ebit": 0, "interestExpense": {}, "incomeBeforeTax": 30890668, "incomeTaxExpense": 5600733, "minorityInterest": {}, "netIncomeFromContinuingOps": 25289935, "discontinuedOperations": {}, "extraordinaryItems": {}, "effectOfAccountingCharges": {}, "otherItems": {}, "netIncome": 25289935, "netIncomeApplicableToCommonShares": 25289935}, {"maxAge": 1, "endDate": "2018-03-31", "totalRevenue": 341407961, "costOfRevenue": 292864112, "grossProfit": 48543849, "researchDevelopment": {}, "sellingGeneralAdministrative": 16772086, "nonRecurring": {}, "otherOperatingExpenses": 13620602, "totalOperatingExpenses": 329707080, "operatingIncome": 11700881, "totalOtherIncomeExpenseNet": -104745, "ebit": 0, "interestExpense": {}, "incomeBeforeTax": 11596136, "incomeTaxExpense": -3318890, "minorityInterest": {}, "netIncomeFromContinuingOps": 14915026, "discontinuedOperations": {}, "extraordinaryItems": {}, "effectOfAccountingCharges": {}, "otherItems": {}, "netIncome": 14915026, "netIncomeApplicableToCommonShares": 14915026}, {"maxAge": 1, "endDate": "2017-03-31", "totalRevenue": 394256993, "costOfRevenue": 327578885, "grossProfit": 66678108, "researchDevelopment": {}, "sellingGeneralAdministrative": 14064469, "nonRecurring": {}, "otherOperatingExpenses": 10471563, "totalOperatingExpenses": 358371186, "operatingIncome": 35885807, "totalOtherIncomeExpenseNet": -370021, "ebit": 0, "interestExpense": {}, "incomeBeforeTax": 35515786, "incomeTaxExpense": 6129000, "minorityInterest": {}, "netIncomeFromContinuingOps": 29386786, "discontinuedOperations": {}, "extraordinaryItems": {}, "effectOfAccountingCharges": {}, "otherItems": {}, "netIncome": 29386786, "netIncomeApplicableToCommonShares": 29386786}], "maxAge": 86400}, "fundOwnership": {"maxAge": 1, "ownershipList": []}, "summaryDetail": {"maxAge": 1, "priceHint": 2, "previousClose": 12.51, "open": 12.0, "dayLow": 11.65, "dayHigh": 13.25, "regularMarketPreviousClose": 12.51, "regularMarketOpen": 12.0, "regularMarketDayLow": 11.65, "regularMarketDayHigh": 13.25, "trailingPE": 13.794211, "volume": 801, "regularMarketVolume": 801, "averageVolume": 1891, "averageVolume10days": 3171, "averageDailyVolume10Day": 3171, "bid": 11.99, "ask": 12.86, "bidSize": 0, "askSize": 0, "marketCap": 77086152, "fiftyTwoWeekLow": 7.25, "fiftyTwoWeekHigh": 15.68, "fiftyDayAverage": 13.554412, "twoHundredDayAverage": 12.759416, "currency": "INR", "fromCurrency": null, "toCurrency": null, "lastMarket": null, "algorithm": null, "tradeable": false}, "incomeStatementHistoryQuarterly": {"incomeStatementHistory": [{"maxAge": 1, "endDate": "2020-06-30", "totalRevenue": 14152000, "costOfRevenue": 1278000, "grossProfit": 12874000, "researchDevelopment": {}, "sellingGeneralAdministrative": 4529000, "nonRecurring": {}, "otherOperatingExpenses": 3110000, "totalOperatingExpenses": 10622000, "operatingIncome": 3530000, "totalOtherIncomeExpenseNet": 0, "ebit": 0, "interestExpense": {}, "incomeBeforeTax": 3530000, "incomeTaxExpense": 809000, "minorityInterest": {}, "netIncomeFromContinuingOps": 2721000, "discontinuedOperations": {}, "extraordinaryItems": {}, "effectOfAccountingCharges": {}, "otherItems": {}, "netIncome": 2721000, "netIncomeApplicableToCommonShares": 2721000}, {"maxAge": 1, "endDate": "2020-03-31", "totalRevenue": 30347158, "costOfRevenue": 16294202, "grossProfit": 14052956, "researchDevelopment": {}, "sellingGeneralAdministrative": 7548154, "nonRecurring": {}, "otherOperatingExpenses": 5035337, "totalOperatingExpenses": 30581033, "operatingIncome": -233875, "totalOtherIncomeExpenseNet": -13280, "ebit": 0, "interestExpense": {}, "incomeBeforeTax": -247155, "incomeTaxExpense": -2342814, "minorityInterest": {}, "netIncomeFromContinuingOps": 2095659, "discontinuedOperations": {}, "extraordinaryItems": {}, "effectOfAccountingCharges": {}, "otherItems": {}, "netIncome": 2095659, "netIncomeApplicableToCommonShares": 2095659}, {"maxAge": 1, "endDate": "2019-12-31", "totalRevenue": 53004000, "costOfRevenue": 44043000, "grossProfit": 8961000, "researchDevelopment": {}, "sellingGeneralAdministrative": 5290000, "nonRecurring": {}, "otherOperatingExpenses": 2949000, "totalOperatingExpenses": 53968000, "operatingIncome": -964000, "totalOtherIncomeExpenseNet": 0, "ebit": 0, "interestExpense": {}, "incomeBeforeTax": -964000, "incomeTaxExpense": 260000, "minorityInterest": {}, "netIncomeFromContinuingOps": -1224000, "discontinuedOperations": {}, "extraordinaryItems": {}, "effectOfAccountingCharges": {}, "otherItems": {}, "netIncome": -1224000, "netIncomeApplicableToCommonShares": -1224000}, {"maxAge": 1, "endDate": "2019-09-30", "totalRevenue": 70601000, "costOfRevenue": 54376000, "grossProfit": 16225000, "researchDevelopment": {}, "sellingGeneralAdministrative": 5617000, "nonRecurring": {}, "otherOperatingExpenses": 4119000, "totalOperatingExpenses": 65796000, "operatingIncome": 4805000, "totalOtherIncomeExpenseNet": 0, "ebit": 0, "interestExpense": {}, "incomeBeforeTax": 4805000, "incomeTaxExpense": 2791000, "minorityInterest": {}, "netIncomeFromContinuingOps": 2014000, "discontinuedOperations": {}, "extraordinaryItems": {}, "effectOfAccountingCharges": {}, "otherItems": {}, "netIncome": 2014000, "netIncomeApplicableToCommonShares": 2014000}], "maxAge": 86400}, "cashflowStatementHistoryQuarterly": {"cashflowStatements": [{"maxAge": 1, "endDate": "2020-06-30", "netIncome": 2721000, "changeToLiabilities": 0}, {"maxAge": 1, "endDate": "2020-03-31", "netIncome": 2095659, "changeToLiabilities": 0}, {"maxAge": 1, "endDate": "2019-12-31", "netIncome": -1224000, "changeToLiabilities": 0}, {"maxAge": 1, "endDate": "2019-09-30", "netIncome": 2014000, "changeToLiabilities": 0}], "maxAge": 86400}, "insiderHolders": {"holders": [{"maxAge": 1, "name": "Acme Credit Pvt Ltd", "relation": "Institution- Corporation", "url": "", "transactionDescription": "Sale", "latestTransDate": "2010-03-30", "positionDirect": 35900, "positionDirectDate": "2010-03-30"}, {"maxAge": 1, "name": "E I Investments Pvt Ltd", "relation": "Institution- Corporation", "url": "", "transactionDescription": "Acquisition", "latestTransDate": "2010-03-30", "positionDirect": 315200, "positionDirectDate": "2010-03-30"}, {"maxAge": 1, "name": "New Age Enclave Pvt Ltd", "relation": "Promoter", "url": "", "transactionDescription": "Acquisition", "latestTransDate": "2015-03-03", "positionDirect": 42851, "positionDirectDate": "2015-03-03"}, {"maxAge": 1, "name": "Priyashi Construction Pvt Ltd", "relation": "Promoter", "url": "", "transactionDescription": "Acquisition", "latestTransDate": "2015-07-01", "positionDirect": 204709, "positionDirectDate": "2015-07-01"}, {"maxAge": 1, "name": "Silva Computech Pvt Ltd", "relation": "Institution- Corporation", "url": "", "transactionDescription": "Acquisition", "latestTransDate": "2010-03-30", "positionDirect": 335800, "positionDirectDate": "2010-03-30"}, {"maxAge": 1, "name": "Tamal Stationers Pvt Ltd", "relation": "Institution- Corporation", "url": "", "transactionDescription": "Acquisition", "latestTransDate": "2010-03-30", "positionDirect": 319000, "positionDirectDate": "2010-03-30"}, {"maxAge": 1, "name": "Todi (Priya Manjari)", "relation": "Promoter", "url": "", "transactionDescription": "Acquisition", "latestTransDate": "2014-03-11", "positionDirect": 357470, "positionDirectDate": "2014-03-11"}], "maxAge": 1}, "calendarEvents": {"maxAge": 1, "earnings": {"earningsDate": ["2020-09-15 05:30:S"]}}, "price": {"maxAge": 1, "regularMarketChangePercent": 0.028776951, "regularMarketChange": 0.35999966, "regularMarketTime": "2021-04-30 14:49:42", "priceHint": 2, "regularMarketPrice": 12.87, "regularMarketDayHigh": 13.25, "regularMarketDayLow": 11.65, "regularMarketVolume": 801, "averageDailyVolume10Day": 3171, "averageDailyVolume3Month": 1891, "regularMarketPreviousClose": 12.51, "regularMarketSource": "FREE_REALTIME", "regularMarketOpen": 12.0, "exchange": "BSE", "exchangeName": "BSE", "exchangeDataDelayedBy": 0, "marketState": "CLOSED", "quoteType": "EQUITY", "symbol": "NPRFIN.BO", "underlyingSymbol": null, "shortName": "NPR FINANCE LTD.", "longName": "NPR Finance Limited", "currency": "INR", "quoteSourceName": "Delayed Quote", "currencySymbol": "\u20b9", "fromCurrency": null, "toCurrency": null, "lastMarket": null, "marketCap": 77086152}, "balanceSheetHistory": {"balanceSheetStatements": [{"maxAge": 1, "endDate": "2020-03-31", "cash": 11380812, "netReceivables": 387341662, "otherCurrentAssets": 49416123, "totalCurrentAssets": 554238781, "longTermInvestments": 3500000, "propertyPlantEquipment": 52472317, "otherAssets": 455384, "totalAssets": 610666482, "accountsPayable": 30035382, "otherCurrentLiab": 225455, "longTermDebt": 3094520, "otherLiab": 35333859, "totalCurrentLiabilities": 32837525, "totalLiab": 71265904, "commonStock": 59896000, "retainedEarnings": 373932584, "treasuryStock": 80623994, "capitalSurplus": 24948000, "otherStockholderEquity": 80623994, "totalStockholderEquity": 539400578, "netTangibleAssets": 539400578}, {"maxAge": 1, "endDate": "2019-03-31", "cash": 13378350, "netReceivables": 402723306, "otherCurrentAssets": 14950155, "totalCurrentAssets": 514356625, "longTermInvestments": 3689547, "propertyPlantEquipment": 58217591, "otherAssets": 1412665, "totalAssets": 577676428, "accountsPayable": 35125000, "otherCurrentLiab": 298123, "longTermDebt": 4594373, "otherLiab": 31846750, "totalCurrentLiabilities": 36380475, "totalLiab": 72821598, "commonStock": 59896000, "retainedEarnings": 357350925, "treasuryStock": 62659905, "capitalSurplus": 24948000, "otherStockholderEquity": 62659905, "totalStockholderEquity": 504854830, "netTangibleAssets": 504854830}, {"maxAge": 1, "endDate": "2018-03-31", "cash": 10362393, "netReceivables": 371589346, "inventory": 101693, "otherCurrentAssets": 19190181, "totalCurrentAssets": 401260527, "longTermInvestments": 3373725, "propertyPlantEquipment": 66203262, "otherAssets": 9072199, "totalAssets": 479909713, "accountsPayable": 2793454, "shortLongTermDebt": 1377182, "otherCurrentLiab": 563246, "longTermDebt": 4594373, "otherLiab": 18195987, "totalCurrentLiabilities": 42838134, "totalLiab": 65628494, "commonStock": 59896000, "retainedEarnings": 329367219, "treasuryStock": 70000, "capitalSurplus": 24948000, "otherStockholderEquity": 70000, "totalStockholderEquity": 414281219, "netTangibleAssets": 414281219}, {"maxAge": 1, "endDate": "2017-03-31", "cash": 5472836, "netReceivables": 338376591, "inventory": 404632, "otherCurrentAssets": 24473850, "totalCurrentAssets": 371777042, "longTermInvestments": 2799725, "propertyPlantEquipment": 66224093, "otherAssets": 33943934, "totalAssets": 474744794, "accountsPayable": 275000, "shortLongTermDebt": 441393, "otherCurrentLiab": 6123925, "longTermDebt": 1471786, "otherLiab": 21355387, "totalCurrentLiabilities": 60010922, "totalLiab": 82838095, "commonStock": 59896000, "retainedEarnings": 306992699, "treasuryStock": 70000, "capitalSurplus": 24948000, "otherStockholderEquity": 70000, "totalStockholderEquity": 391906699, "netTangibleAssets": 391906699}], "maxAge": 86400}, "financialData": {"maxAge": 86400, "currentPrice": 12.87, "recommendationKey": "none", "grossProfits": 59215956, "financialCurrency": "INR"}}}