{"NRAIL.NS": {"assetProfile": {"address1": "502-A/501-B, Fortune Terraces", "address2": "5th Floor Opposite City Mall New Link Road, Andheri (West)", "city": "Mumbai", "zip": "400053", "country": "India", "phone": "91 22 6731 7500", "fax": "91 22 2673 0227", "website": "http://www.nrail.com", "industry": "Paper & Paper Products", "sector": "Basic Materials", "longBusinessSummary": "N R Agarwal Industries Limited develops, manufactures, and sells finished paper products in India. The company offers grey back and white back duplex boards for gravure printing, embossing, and foil stamping; writing and printing papers; and newsprint products. Its products are primarily used in FMCG packaging, textbooks and notebooks, and print media applications. The company exports its products to approximately 36 countries. N R Agarwal Industries Limited was founded in 1975 and is headquartered in Mumbai, India.", "fullTimeEmployees": 1522, "companyOfficers": [{"maxAge": 1, "name": "Mr. Rajendra Nagin Agarwal", "age": 60, "title": "Chairman, CEO & MD", "yearBorn": 1960, "fiscalYear": 2020, "totalPay": 24061200, "exercisedValue": 0, "unexercisedValue": 0}, {"maxAge": 1, "name": "Mr. Rohan Rajendra Agarwal", "age": 28, "title": "GM of Marketing & Whole Time Director", "yearBorn": 1992, "fiscalYear": 2020, "totalPay": 3495000, "exercisedValue": 0, "unexercisedValue": 0}, {"maxAge": 1, "name": "Ms. Reena Rajendra Agarwal", "age": 53, "title": "Whole Time Director", "yearBorn": 1967, "fiscalYear": 2020, "totalPay": 7261200, "exercisedValue": 0, "unexercisedValue": 0}, {"maxAge": 1, "name": "Mr. Raunak Rajendra Agarwal", "age": 32, "title": "Whole Time Director", "yearBorn": 1988, "fiscalYear": 2020, "totalPay": 7261200, "exercisedValue": 0, "unexercisedValue": 0}, {"maxAge": 1, "name": "Mr. Ashok Kumar Bansal", "age": 63, "title": "Whole Time Director", "yearBorn": 1957, "fiscalYear": 2020, "totalPay": 6520000, "exercisedValue": 0, "unexercisedValue": 0}, {"maxAge": 1, "name": "Mr. Praveen Kumar Bhandari", "title": "Chief Financial Officer", "exercisedValue": 0, "unexercisedValue": 0}, {"maxAge": 1, "name": "Santosh  Zagade", "title": "Sr. VP of Accounts & Taxation", "exercisedValue": 0, "unexercisedValue": 0}, {"maxAge": 1, "name": "Ms. Pooja  Daftary", "title": "Company Sec. & Compliance Officer", "fiscalYear": 2018, "exercisedValue": 0, "unexercisedValue": 0}, {"maxAge": 1, "name": "Chitta Ranjan Mohapatra", "title": "Sr. VP of HR", "exercisedValue": 0, "unexercisedValue": 0}, {"maxAge": 1, "name": "Mr. Rajendra Singh Shekhawat", "title": "Pres of Marketing - Duplex Board", "exercisedValue": 0, "unexercisedValue": 0}], "compensationAsOfEpochDate": "2020-12-31 05:30:00", "maxAge": 86400}, "cashflowStatementHistory": {"cashflowStatements": [{"maxAge": 1, "endDate": "2020-03-31", "netIncome": 1167488000, "depreciation": 315106000, "changeToNetincome": 490474000, "changeToAccountReceivables": -30098000, "changeToLiabilities": 199078000, "changeToInventory": 17537000, "changeToOperatingActivities": -245072000, "totalCashFromOperatingActivities": 1914513000, "capitalExpenditures": -553941000, "otherCashflowsFromInvestingActivities": 30565000, "totalCashflowsFromInvestingActivities": -521919000, "dividendsPaid": -68076000, "netBorrowings": -996497000, "otherCashflowsFromFinancingActivities": -328487000, "totalCashFromFinancingActivities": -1393060000, "changeInCash": -465000}, {"maxAge": 1, "endDate": "2019-03-31", "netIncome": 946435000, "depreciation": 274528000, "changeToNetincome": 402483000, "changeToAccountReceivables": -67058000, "changeToLiabilities": 201451000, "changeToInventory": -349741000, "changeToOperatingActivities": -286275000, "totalCashFromOperatingActivities": 1121823000, "capitalExpenditures": -880968000, "otherCashflowsFromInvestingActivities": 17443000, "totalCashflowsFromInvestingActivities": -854477000, "dividendsPaid": -13675000, "netBorrowings": 74666000, "otherCashflowsFromFinancingActivities": -349322000, "totalCashFromFinancingActivities": -288331000, "changeInCash": -20985000}, {"maxAge": 1, "endDate": "2018-03-31", "netIncome": 902440000, "depreciation": 262346000, "changeToNetincome": 209125000, "changeToAccountReceivables": -175475000, "changeToLiabilities": -107237000, "changeToInventory": -63768000, "changeToOperatingActivities": 13544000, "totalCashFromOperatingActivities": 1041222000, "capitalExpenditures": -492046000, "otherCashflowsFromInvestingActivities": 22027000, "totalCashflowsFromInvestingActivities": -466840000, "dividendsPaid": -34038000, "netBorrowings": -99169000, "otherCashflowsFromFinancingActivities": -413053000, "totalCashFromFinancingActivities": -546260000, "changeInCash": 28122000}, {"maxAge": 1, "endDate": "2017-03-31", "netIncome": 497319000, "depreciation": 244488000, "changeToNetincome": 648629000, "changeToAccountReceivables": -159686000, "changeToLiabilities": -399841000, "changeToInventory": 30675000, "changeToOperatingActivities": 43623000, "totalCashFromOperatingActivities": 905766000, "capitalExpenditures": -310276000, "otherCashflowsFromInvestingActivities": 21364000, "totalCashflowsFromInvestingActivities": -139642000, "dividendsPaid": -34038000, "netBorrowings": -288618000, "otherCashflowsFromFinancingActivities": -486794000, "totalCashFromFinancingActivities": -775412000, "changeInCash": -9288000}], "maxAge": 86400}, "institutionOwnership": {"maxAge": 1, "ownershipList": []}, "majorHoldersBreakdown": {"maxAge": 1, "insidersPercentHeld": 0.76197, "institutionsPercentHeld": 0.0, "institutionsFloatPercentHeld": 0.0, "institutionsCount": 0}, "balanceSheetHistoryQuarterly": {"balanceSheetStatements": [{"maxAge": 1, "endDate": "2020-12-31", "totalStockholderEquity": 4506972000, "netTangibleAssets": 4501679000}, {"maxAge": 1, "endDate": "2020-09-30", "cash": 45360000, "shortTermInvestments": 43651000, "netReceivables": 1202380000, "inventory": 1179073000, "otherCurrentAssets": 299003000, "totalCurrentAssets": 2769467000, "longTermInvestments": 1359000, "propertyPlantEquipment": 5950841000, "intangibleAssets": 5293000, "otherAssets": 129271000, "totalAssets": 8856231000, "accountsPayable": 818206000, "otherCurrentLiab": 873835000, "longTermDebt": 1080963000, "otherLiab": 1035128000, "totalCurrentLiabilities": 2233168000, "totalLiab": 4349259000, "commonStock": 170191000, "treasuryStock": 4336781000, "otherStockholderEquity": 4336781000, "totalStockholderEquity": 4506972000, "netTangibleAssets": 4501679000}, {"maxAge": 1, "endDate": "2020-06-30", "totalStockholderEquity": 4187814000, "netTangibleAssets": 4184973000}, {"maxAge": 1, "endDate": "2020-03-31", "cash": 4839000, "shortTermInvestments": 50337000, "netReceivables": 1238478000, "inventory": 1025683000, "otherCurrentAssets": 278701000, "totalCurrentAssets": 2614971000, "longTermInvestments": 1717000, "propertyPlantEquipment": 5922933000, "intangibleAssets": 2841000, "otherAssets": 111130000, "totalAssets": 8653592000, "accountsPayable": 849442000, "shortLongTermDebt": 283660000, "otherCurrentLiab": 71799000, "longTermDebt": 1312073000, "otherLiab": 912550000, "totalCurrentLiabilities": 2004121000, "totalLiab": 4465778000, "commonStock": 170191000, "retainedEarnings": 4001929000, "treasuryStock": 15694000, "otherStockholderEquity": 15694000, "totalStockholderEquity": 4187814000, "netTangibleAssets": 4184973000}], "maxAge": 86400}, "indexTrend": {"maxAge": 1, "symbol": "SP5", "peRatio": 19.7411, "pegRatio": 1.34172, "estimates": [{"period": "0q", "growth": 0.549}, {"period": "+1q", "growth": 0.431}, {"period": "0y", "growth": 0.305}, {"period": "+1y", "growth": 0.109}, {"period": "+5y", "growth": 0.120865}, {"period": "-5y"}]}, "defaultKeyStatistics": {"maxAge": 1, "priceHint": 2, "enterpriseValue": 5061675520, "profitMargins": 0.07439, "floatShares": 3791914, "sharesOutstanding": 17019100, "heldPercentInsiders": 0.76197, "heldPercentInstitutions": 0.0, "beta": 0.706715, "category": null, "bookValue": 264.909, "priceToBook": 0.77894676, "fundFamily": null, "legalType": null, "lastFiscalYearEnd": "2020-03-31 05:30:00", "nextFiscalYearEnd": "2022-03-31 05:30:00", "mostRecentQuarter": "2020-12-31 05:30:00", "earningsQuarterlyGrowth": -0.518, "netIncomeToCommon": 847699968, "trailingEps": 49.811, "lastSplitFactor": null, "enterpriseToRevenue": 0.444, "enterpriseToEbitda": 2.983, "52WeekChange": 0.18489802, "SandP52WeekChange": 0.48148263, "lastDividendValue": 4.0, "lastDividendDate": 1567728000}, "summaryProfile": {"address1": "502-A/501-B, Fortune Terraces", "address2": "5th Floor Opposite City Mall New Link Road, Andheri (West)", "city": "Mumbai", "zip": "400053", "country": "India", "phone": "91 22 6731 7500", "fax": "91 22 2673 0227", "website": "http://www.nrail.com", "industry": "Paper & Paper Products", "sector": "Basic Materials", "longBusinessSummary": "N R Agarwal Industries Limited develops, manufactures, and sells finished paper products in India. The company offers grey back and white back duplex boards for gravure printing, embossing, and foil stamping; writing and printing papers; and newsprint products. Its products are primarily used in FMCG packaging, textbooks and notebooks, and print media applications. The company exports its products to approximately 36 countries. N R Agarwal Industries Limited was founded in 1975 and is headquartered in Mumbai, India.", "fullTimeEmployees": 1522, "companyOfficers": [], "maxAge": 86400}, "netSharePurchaseActivity": {"maxAge": 1, "period": "6m", "buyInfoCount": 0, "buyInfoShares": 0, "sellInfoCount": 0, "netInfoCount": 0, "netInfoShares": 0, "netPercentInsiderShares": 0.0, "totalInsiderShares": 12974066}, "insiderTransactions": {"transactions": [{"maxAge": 1, "shares": 0, "filerUrl": "", "transactionText": "", "filerName": "Agarwal (Rajendra Nagin)", "filerRelation": "Promoter", "moneyText": "", "startDate": "2020-03-20", "ownership": "I"}, {"maxAge": 1, "shares": 3000, "filerUrl": "", "transactionText": "", "filerName": "Agarwal (Rajendra Nagin)", "filerRelation": "Chief Executive Officer", "moneyText": "", "startDate": "2018-11-27", "ownership": "D"}, {"maxAge": 1, "shares": 7000, "filerUrl": "", "transactionText": "", "filerName": "Agarwal (Rajendra Nagin)", "filerRelation": "Executive Chairman", "moneyText": "", "startDate": "2018-11-21", "ownership": "D"}, {"maxAge": 1, "shares": 69, "filerUrl": "", "transactionText": "", "filerName": "Agarwal (Rajendra Nagin)", "filerRelation": "Promoter", "moneyText": "", "startDate": "2018-10-09", "ownership": "D"}, {"maxAge": 1, "shares": 267, "filerUrl": "", "transactionText": "", "filerName": "Agarwal (Rajendra Nagin)", "filerRelation": "Promoter", "moneyText": "", "startDate": "2018-10-09", "ownership": "D"}, {"maxAge": 1, "shares": 430, "filerUrl": "", "transactionText": "", "filerName": "Agarwal (Rajendra Nagin)", "filerRelation": "Promoter", "moneyText": "", "startDate": "2018-10-08", "ownership": "D"}, {"maxAge": 1, "shares": 3309, "filerUrl": "", "transactionText": "", "filerName": "Agarwal (Rajendra Nagin)", "filerRelation": "Promoter", "moneyText": "", "startDate": "2018-10-08", "ownership": "D"}, {"maxAge": 1, "shares": 3000, "filerUrl": "", "transactionText": "", "filerName": "Agarwal (Rajendra Nagin)", "filerRelation": "Promoter", "moneyText": "", "startDate": "2018-10-01", "ownership": "D"}, {"maxAge": 1, "shares": 3000, "filerUrl": "", "transactionText": "", "filerName": "Agarwal (Rajendra Nagin)", "filerRelation": "Promoter", "moneyText": "", "startDate": "2018-10-01", "ownership": "D"}], "maxAge": 1}, "quoteType": {"exchange": "NSI", "quoteType": "EQUITY", "symbol": "NRAIL.NS", "underlyingSymbol": "NRAIL.NS", "shortName": "NR AGARWAL IND", "longName": "N R Agarwal Industries Limited", "firstTradeDateEpochUtc": "2017-04-05 09:15:00", "timeZoneFullName": "Asia/Kolkata", "timeZoneShortName": "IST", "uuid": "4fc9359a-07fc-3d50-93fb-4642789bb198", "messageBoardId": "finmb_20357434", "gmtOffSetMilliseconds": 19800000, "maxAge": 1}, "incomeStatementHistory": {"incomeStatementHistory": [{"maxAge": 1, "endDate": "2020-03-31", "totalRevenue": 14049285000, "costOfRevenue": 7999168000, "grossProfit": 6050117000, "researchDevelopment": {}, "sellingGeneralAdministrative": 836317000, "nonRecurring": {}, "otherOperatingExpenses": 3051751000, "totalOperatingExpenses": 12201574000, "operatingIncome": 1847711000, "totalOtherIncomeExpenseNet": -238254000, "ebit": 1847711000, "interestExpense": -319267000, "incomeBeforeTax": 1609457000, "incomeTaxExpense": 441969000, "minorityInterest": {}, "netIncomeFromContinuingOps": 1167488000, "discontinuedOperations": {}, "extraordinaryItems": {}, "effectOfAccountingCharges": {}, "otherItems": {}, "netIncome": 1167488000, "netIncomeApplicableToCommonShares": 1167488000}, {"maxAge": 1, "endDate": "2019-03-31", "totalRevenue": 13181758000, "costOfRevenue": 7727984000, "grossProfit": 5453774000, "researchDevelopment": {}, "sellingGeneralAdministrative": 814241000, "nonRecurring": {}, "otherOperatingExpenses": 2783579000, "totalOperatingExpenses": 11599564000, "operatingIncome": 1582194000, "totalOtherIncomeExpenseNet": -275286000, "ebit": 1582194000, "interestExpense": -308222000, "incomeBeforeTax": 1306908000, "incomeTaxExpense": 360473000, "minorityInterest": {}, "netIncomeFromContinuingOps": 946435000, "discontinuedOperations": {}, "extraordinaryItems": {}, "effectOfAccountingCharges": {}, "otherItems": {}, "netIncome": 946435000, "netIncomeApplicableToCommonShares": 946435000}, {"maxAge": 1, "endDate": "2018-03-31", "totalRevenue": 11904366000, "costOfRevenue": 7139581000, "grossProfit": 4764785000, "researchDevelopment": {}, "sellingGeneralAdministrative": 660693000, "nonRecurring": {}, "otherOperatingExpenses": 2530328000, "totalOperatingExpenses": 10593195000, "operatingIncome": 1311171000, "totalOtherIncomeExpenseNet": -340437000, "ebit": 1311171000, "interestExpense": -371574000, "incomeBeforeTax": 970734000, "incomeTaxExpense": 68294000, "minorityInterest": {}, "netIncomeFromContinuingOps": 902440000, "discontinuedOperations": {}, "extraordinaryItems": {}, "effectOfAccountingCharges": {}, "otherItems": {}, "netIncome": 902440000, "netIncomeApplicableToCommonShares": 902440000}, {"maxAge": 1, "endDate": "2017-03-31", "totalRevenue": 10444275000, "costOfRevenue": 6234944000, "grossProfit": 4209331000, "researchDevelopment": {}, "sellingGeneralAdministrative": 562511000, "nonRecurring": {}, "otherOperatingExpenses": 2255681000, "totalOperatingExpenses": 9298183000, "operatingIncome": 1146092000, "totalOtherIncomeExpenseNet": -364565000, "ebit": 1146092000, "interestExpense": -418085000, "incomeBeforeTax": 781527000, "incomeTaxExpense": 284208000, "minorityInterest": {}, "netIncomeFromContinuingOps": 497319000, "discontinuedOperations": {}, "extraordinaryItems": {}, "effectOfAccountingCharges": {}, "otherItems": {}, "netIncome": 497319000, "netIncomeApplicableToCommonShares": 497319000}], "maxAge": 86400}, "fundOwnership": {"maxAge": 1, "ownershipList": []}, "summaryDetail": {"maxAge": 1, "priceHint": 2, "previousClose": 207.95, "open": 211.5, "dayLow": 201.8, "dayHigh": 211.5, "regularMarketPreviousClose": 207.95, "regularMarketOpen": 211.5, "regularMarketDayLow": 201.8, "regularMarketDayHigh": 211.5, "exDividendDate": "2019-09-06 05:30:00", "payoutRatio": 0.0, "beta": 0.706715, "trailingPE": 4.142659, "volume": 28360, "regularMarketVolume": 28360, "averageVolume": 41766, "averageVolume10days": 31861, "averageDailyVolume10Day": 31861, "bid": 0.0, "ask": 0.0, "bidSize": 0, "askSize": 0, "marketCap": 3514429440, "fiftyTwoWeekLow": 156.55, "fiftyTwoWeekHigh": 282.85, "priceToSalesTrailing12Months": 0.30840254, "fiftyDayAverage": 230.90303, "twoHundredDayAverage": 216.29718, "currency": "INR", "fromCurrency": null, "toCurrency": null, "lastMarket": null, "algorithm": null, "tradeable": false}, "incomeStatementHistoryQuarterly": {"incomeStatementHistory": [{"maxAge": 1, "endDate": "2020-12-31", "totalRevenue": 3280280000, "costOfRevenue": 1960389000, "grossProfit": 1319891000, "researchDevelopment": {}, "sellingGeneralAdministrative": 191869000, "nonRecurring": {}, "otherOperatingExpenses": 777279000, "totalOperatingExpenses": 3012875000, "operatingIncome": 267405000, "totalOtherIncomeExpenseNet": -50425000, "ebit": 267405000, "interestExpense": -70397000, "incomeBeforeTax": 216980000, "incomeTaxExpense": 61864000, "minorityInterest": {}, "netIncomeFromContinuingOps": 155116000, "discontinuedOperations": {}, "extraordinaryItems": {}, "effectOfAccountingCharges": {}, "otherItems": {}, "netIncome": 155116000, "netIncomeApplicableToCommonShares": 155116000}, {"maxAge": 1, "endDate": "2020-09-30", "totalRevenue": 2717480000, "costOfRevenue": 1473432000, "grossProfit": 1244048000, "researchDevelopment": {}, "sellingGeneralAdministrative": 145880000, "nonRecurring": {}, "otherOperatingExpenses": 716594000, "totalOperatingExpenses": 2418807000, "operatingIncome": 298673000, "totalOtherIncomeExpenseNet": -77986000, "ebit": 298673000, "interestExpense": -92302000, "incomeBeforeTax": 220687000, "incomeTaxExpense": 55148000, "minorityInterest": {}, "netIncomeFromContinuingOps": 165539000, "discontinuedOperations": {}, "extraordinaryItems": {}, "effectOfAccountingCharges": {}, "otherItems": {}, "netIncome": 165539000, "netIncomeApplicableToCommonShares": 165539000}, {"maxAge": 1, "endDate": "2020-06-30", "totalRevenue": 2028396000, "costOfRevenue": 1015498000, "grossProfit": 1012898000, "researchDevelopment": {}, "sellingGeneralAdministrative": 155561000, "nonRecurring": {}, "otherOperatingExpenses": 496357000, "totalOperatingExpenses": 1747127000, "operatingIncome": 281269000, "totalOtherIncomeExpenseNet": -57112000, "ebit": 281269000, "interestExpense": -72258000, "incomeBeforeTax": 224157000, "incomeTaxExpense": 66976000, "minorityInterest": {}, "netIncomeFromContinuingOps": 157181000, "discontinuedOperations": {}, "extraordinaryItems": {}, "effectOfAccountingCharges": {}, "otherItems": {}, "netIncome": 157181000, "netIncomeApplicableToCommonShares": 157181000}, {"maxAge": 1, "endDate": "2020-03-31", "totalRevenue": 3369436000, "costOfRevenue": 1881224000, "grossProfit": 1488212000, "researchDevelopment": {}, "sellingGeneralAdministrative": 265609000, "nonRecurring": {}, "otherOperatingExpenses": 592446000, "totalOperatingExpenses": 2818072000, "operatingIncome": 551364000, "totalOtherIncomeExpenseNet": -39278000, "ebit": 551364000, "interestExpense": -40664000, "incomeBeforeTax": 512086000, "incomeTaxExpense": 142222000, "minorityInterest": {}, "netIncomeFromContinuingOps": 369864000, "discontinuedOperations": {}, "extraordinaryItems": {}, "effectOfAccountingCharges": {}, "otherItems": {}, "netIncome": 369864000, "netIncomeApplicableToCommonShares": 369864000}], "maxAge": 86400}, "cashflowStatementHistoryQuarterly": {"cashflowStatements": [{"maxAge": 1, "endDate": "2020-12-31", "netIncome": 155116000, "changeToLiabilities": 0}, {"maxAge": 1, "endDate": "2020-09-30", "netIncome": 165539000, "changeToLiabilities": 0}, {"maxAge": 1, "endDate": "2020-06-30", "netIncome": 157181000, "changeToLiabilities": 0}, {"maxAge": 1, "endDate": "2020-03-31", "netIncome": 369864000, "changeToLiabilities": 0}], "maxAge": 86400}, "insiderHolders": {"holders": [{"maxAge": 1, "name": "Agarwal (Rajendra Nagin)", "relation": "Promoter", "url": "", "transactionDescription": "Other", "latestTransDate": "2020-03-20", "positionIndirect": 7938105, "positionIndirectDate": 1584662400}], "maxAge": 1}, "calendarEvents": {"maxAge": 1, "earnings": {"earningsDate": []}, "exDividendDate": "2019-09-06 05:30:00"}, "price": {"maxAge": 1, "regularMarketChangePercent": -0.007694113, "regularMarketChange": -1.5999908, "regularMarketTime": "2021-04-30 15:29:20", "priceHint": 2, "regularMarketPrice": 206.35, "regularMarketDayHigh": 211.5, "regularMarketDayLow": 201.8, "regularMarketVolume": 28360, "averageDailyVolume10Day": 31861, "averageDailyVolume3Month": 41766, "regularMarketPreviousClose": 207.95, "regularMarketSource": "FREE_REALTIME", "regularMarketOpen": 211.5, "exchange": "NSI", "exchangeName": "NSE", "exchangeDataDelayedBy": 15, "marketState": "CLOSED", "quoteType": "EQUITY", "symbol": "NRAIL.NS", "underlyingSymbol": null, "shortName": "NR AGARWAL IND", "longName": "N R Agarwal Industries Limited", "currency": "INR", "quoteSourceName": "Delayed Quote", "currencySymbol": "\u20b9", "fromCurrency": null, "toCurrency": null, "lastMarket": null, "marketCap": 3514429440}, "balanceSheetHistory": {"balanceSheetStatements": [{"maxAge": 1, "endDate": "2020-03-31", "cash": 4839000, "shortTermInvestments": 50337000, "netReceivables": 1238478000, "inventory": 1025683000, "otherCurrentAssets": 278701000, "totalCurrentAssets": 2614971000, "longTermInvestments": 1717000, "propertyPlantEquipment": 5922933000, "intangibleAssets": 2841000, "otherAssets": 111130000, "totalAssets": 8653592000, "accountsPayable": 849442000, "shortLongTermDebt": 283660000, "otherCurrentLiab": 71799000, "longTermDebt": 1312073000, "otherLiab": 912550000, "totalCurrentLiabilities": 2004121000, "totalLiab": 4465778000, "commonStock": 170191000, "retainedEarnings": 4001929000, "treasuryStock": 15694000, "otherStockholderEquity": 15694000, "totalStockholderEquity": 4187814000, "netTangibleAssets": 4184973000}, {"maxAge": 1, "endDate": "2019-03-31", "cash": 880000, "shortTermInvestments": 54990000, "netReceivables": 1203552000, "inventory": 1043220000, "otherCurrentAssets": 192340000, "totalCurrentAssets": 2511339000, "longTermInvestments": 4132000, "propertyPlantEquipment": 5467905000, "intangibleAssets": 3423000, "otherAssets": 62101000, "totalAssets": 8048900000, "accountsPayable": 650363000, "shortLongTermDebt": 553272000, "otherCurrentLiab": 56380000, "longTermDebt": 1603463000, "otherLiab": 1033277000, "totalCurrentLiabilities": 2288623000, "totalLiab": 4925363000, "commonStock": 170191000, "retainedEarnings": 2935236000, "treasuryStock": 18110000, "otherStockholderEquity": 18110000, "totalStockholderEquity": 3123537000, "netTangibleAssets": 3120114000}, {"maxAge": 1, "endDate": "2018-03-31", "cash": 1049000, "shortTermInvestments": 76082000, "netReceivables": 1157070000, "inventory": 693480000, "otherCurrentAssets": 152818000, "totalCurrentAssets": 2094047000, "longTermInvestments": 4540000, "propertyPlantEquipment": 4843585000, "intangibleAssets": 5723000, "otherAssets": 86050000, "totalAssets": 7033945000, "accountsPayable": 448912000, "shortLongTermDebt": 483153000, "otherCurrentLiab": 60900000, "longTermDebt": 1537713000, "otherLiab": 1258077000, "totalCurrentLiabilities": 2044278000, "totalLiab": 4840068000, "commonStock": 170191000, "retainedEarnings": 2005173000, "treasuryStock": 18513000, "otherStockholderEquity": 18513000, "totalStockholderEquity": 2193877000, "netTangibleAssets": 2188154000}, {"maxAge": 1, "endDate": "2017-03-31", "cash": 1414000, "shortTermInvestments": 47845000, "netReceivables": 963736000, "inventory": 629712000, "otherCurrentAssets": 226309000, "totalCurrentAssets": 1878324000, "longTermInvestments": 5542000, "propertyPlantEquipment": 4612958000, "intangibleAssets": 2480000, "otherAssets": 88915000, "totalAssets": 6588219000, "accountsPayable": 556149000, "shortLongTermDebt": 344966000, "otherCurrentLiab": 60729000, "longTermDebt": 1871147000, "otherLiab": 1484080000, "totalCurrentLiabilities": 1901296000, "totalLiab": 5256523000, "commonStock": 170191000, "retainedEarnings": 1141994000, "treasuryStock": 19511000, "otherStockholderEquity": 19511000, "totalStockholderEquity": 1331696000, "netTangibleAssets": 1329216000}], "maxAge": 86400}, "financialData": {"maxAge": 86400, "currentPrice": 206.35, "recommendationKey": "none", "totalCash": 89011000, "totalCashPerShare": 5.228, "ebitda": 1697086208, "totalDebt": 1609921024, "totalRevenue": 11395592192, "debtToEquity": 35.721, "revenuePerShare": 669.605, "grossProfits": 6050117000, "earningsGrowth": -0.518, "revenueGrowth": -0.102, "grossMargins": 0.45198002, "ebitdaMargins": 0.14892, "operatingMargins": 0.12274, "profitMargins": 0.07439, "financialCurrency": "INR"}}}