{"NSIL.NS": {"assetProfile": {"address1": "Jindal Centre", "address2": "12, Bhikaiji Cama Place", "city": "New Delhi", "zip": "110066", "country": "India", "phone": "91 11 2618 8345", "fax": "91 11 4165 9169", "website": "http://www.nalwasons.com", "industry": "Asset Management", "sector": "Financial Services", "longBusinessSummary": "Nalwa Sons Investments Limited, a non-banking finance company, engages in the investment and financing activities in India. It operates through two segments, Investment & Finance, and Trading of Goods. The company primarily holds investments in equity shares of steel manufacturing companies of O.P. Jindal Group. It also invests in shares, stocks, or other securities. The company was formerly known as Jindal Strips Limited. Nalwa Sons Investments Limited was incorporated in 1970 and is based in New Delhi, India.", "fullTimeEmployees": 4, "companyOfficers": [{"maxAge": 1, "name": "Mr. Rakesh Kumar Garg", "age": 61, "title": "CEO & Exec. Director", "yearBorn": 1959, "fiscalYear": 2020, "totalPay": 6790000, "exercisedValue": 0, "unexercisedValue": 0}, {"maxAge": 1, "name": "Mr. Deepak  Garg", "age": 39, "title": "Chief Financial Officer", "yearBorn": 1981, "fiscalYear": 2020, "totalPay": 1835000, "exercisedValue": 0, "unexercisedValue": 0}, {"maxAge": 1, "name": "Mr. Ajay  Mittal", "age": 28, "title": "Company Sec. & Compliance Officer", "yearBorn": 1992, "fiscalYear": 2020, "totalPay": 406136, "exercisedValue": 0, "unexercisedValue": 0}, {"maxAge": 1, "name": "Mr. M. L. Gupta", "title": "Managing Director of Jindal Holding Ltd", "exercisedValue": 0, "unexercisedValue": 0}, {"maxAge": 1, "name": "Mr. Mahabir Prasad Swami", "age": 64, "title": "VP", "yearBorn": 1956, "exercisedValue": 0, "unexercisedValue": 0}], "compensationAsOfEpochDate": "2020-12-31 05:30:00", "maxAge": 86400}, "recommendationTrend": {"trend": [{"period": "0m", "strongBuy": 0, "buy": 0, "hold": 0, "sell": 0, "strongSell": 0}, {"period": "-1m", "strongBuy": 0, "buy": 0, "hold": 0, "sell": 0, "strongSell": 0}, {"period": "-2m", "strongBuy": 0, "buy": 0, "hold": 0, "sell": 0, "strongSell": 0}, {"period": "-3m", "strongBuy": 0, "buy": 0, "hold": 0, "sell": 0, "strongSell": 0}], "maxAge": 86400}, "cashflowStatementHistory": {"cashflowStatements": [{"maxAge": 1, "endDate": "2020-03-31", "netIncome": 196068000, "depreciation": 181000, "changeToNetincome": 20553000, "changeToAccountReceivables": -100000, "changeToLiabilities": -466000, "changeToInventory": -13800000, "changeToOperatingActivities": -6979000, "totalCashFromOperatingActivities": 195457000, "investments": -121434000, "totalCashflowsFromInvestingActivities": -201448000, "netBorrowings": 1310000, "otherCashflowsFromFinancingActivities": -94000, "totalCashFromFinancingActivities": 1216000, "changeInCash": -4775000}, {"maxAge": 1, "endDate": "2019-03-31", "netIncome": 831935000, "depreciation": 180000, "changeToNetincome": -589302000, "changeToAccountReceivables": 25267000, "changeToLiabilities": 0, "changeToInventory": -331642000, "changeToOperatingActivities": -24614000, "totalCashFromOperatingActivities": -88176000, "capitalExpenditures": -1515000, "investments": -182290000, "otherCashflowsFromInvestingActivities": 1000, "totalCashflowsFromInvestingActivities": -7938000, "netBorrowings": 1310000, "otherCashflowsFromFinancingActivities": -312000, "totalCashFromFinancingActivities": -312000, "changeInCash": -96426000}, {"maxAge": 1, "endDate": "2018-03-31", "netIncome": 114112000, "depreciation": 3000, "changeToNetincome": 85420000, "changeToAccountReceivables": 2753000, "changeToLiabilities": 0, "changeToInventory": 22522000, "changeToOperatingActivities": -826000, "totalCashFromOperatingActivities": 223984000, "capitalExpenditures": -1515000, "investments": -30500000, "otherCashflowsFromInvestingActivities": 1000, "totalCashflowsFromInvestingActivities": -129359000, "netBorrowings": 2395000, "otherCashflowsFromFinancingActivities": -261000, "totalCashFromFinancingActivities": 2134000, "changeInCash": 96759000}, {"maxAge": 1, "endDate": "2017-03-31", "netIncome": 187271000, "depreciation": 35000, "changeToNetincome": 1691000, "changeToAccountReceivables": 45645000, "changeToLiabilities": 0, "changeToInventory": 22522000, "changeToOperatingActivities": 9857000, "totalCashFromOperatingActivities": 244499000, "capitalExpenditures": -1515000, "investments": -355179000, "otherCashflowsFromInvestingActivities": 1000, "totalCashflowsFromInvestingActivities": -259410000, "netBorrowings": -6428000, "otherCashflowsFromFinancingActivities": -224000, "totalCashFromFinancingActivities": -6652000, "changeInCash": -21563000}], "maxAge": 86400}, "indexTrend": {"maxAge": 1, "symbol": "SP5", "peRatio": 19.7411, "pegRatio": 1.34172, "estimates": [{"period": "0q", "growth": 0.549}, {"period": "+1q", "growth": 0.431}, {"period": "0y", "growth": 0.305}, {"period": "+1y", "growth": 0.109}, {"period": "+5y", "growth": 0.120865}, {"period": "-5y"}]}, "defaultKeyStatistics": {"maxAge": 1, "priceHint": 2, "enterpriseValue": 7671633920, "profitMargins": 0.58303, "floatShares": 1168675, "sharesOutstanding": 5136160, "heldPercentInsiders": 0.80117, "heldPercentInstitutions": 0.03125, "beta": 0.695751, "category": null, "bookValue": 6586.523, "priceToBook": 0.23562507, "fundFamily": null, "legalType": null, "lastFiscalYearEnd": "2020-03-31 05:30:00", "nextFiscalYearEnd": "2022-03-31 05:30:00", "mostRecentQuarter": "2020-12-31 05:30:00", "earningsQuarterlyGrowth": 0.328, "netIncomeToCommon": 372239008, "trailingEps": 73.465, "lastSplitFactor": null, "enterpriseToRevenue": 12.016, "enterpriseToEbitda": 15.067, "52WeekChange": 1.5730746, "SandP52WeekChange": 0.48148263}, "industryTrend": {"maxAge": 1, "symbol": null, "estimates": []}, "quoteType": {"exchange": "NSI", "quoteType": "EQUITY", "symbol": "NSIL.NS", "underlyingSymbol": "NSIL.NS", "shortName": "NALWA SONS INVEST", "longName": "Nalwa Sons Investments Limited", "firstTradeDateEpochUtc": "2002-07-01 09:15:00", "timeZoneFullName": "Asia/Kolkata", "timeZoneShortName": "IST", "uuid": "a1ca4ad8-5a04-3a34-b772-c029d856ad2d", "messageBoardId": "finmb_1528175", "gmtOffSetMilliseconds": 19800000, "maxAge": 1}, "incomeStatementHistory": {"incomeStatementHistory": [{"maxAge": 1, "endDate": "2020-03-31", "totalRevenue": 589932000, "costOfRevenue": 83332000, "grossProfit": 506600000, "researchDevelopment": {}, "sellingGeneralAdministrative": 11712000, "nonRecurring": {}, "otherOperatingExpenses": 17052000, "totalOperatingExpenses": 112276000, "operatingIncome": 477656000, "totalOtherIncomeExpenseNet": -385278000, "ebit": 477656000, "interestExpense": {}, "incomeBeforeTax": 92378000, "incomeTaxExpense": -101882000, "minorityInterest": 260415000, "netIncomeFromContinuingOps": 194260000, "discontinuedOperations": {}, "extraordinaryItems": {}, "effectOfAccountingCharges": {}, "otherItems": {}, "netIncome": 196068000, "netIncomeApplicableToCommonShares": 196068000}, {"maxAge": 1, "endDate": "2019-03-31", "totalRevenue": 495397000, "costOfRevenue": 82205000, "grossProfit": 413192000, "researchDevelopment": {}, "sellingGeneralAdministrative": 11657000, "nonRecurring": {}, "otherOperatingExpenses": 18153000, "totalOperatingExpenses": 112195000, "operatingIncome": 383202000, "totalOtherIncomeExpenseNet": 537022000, "ebit": 383202000, "interestExpense": -224000, "incomeBeforeTax": 920224000, "incomeTaxExpense": 67671000, "minorityInterest": 269465000, "netIncomeFromContinuingOps": 852553000, "discontinuedOperations": {}, "extraordinaryItems": {}, "effectOfAccountingCharges": {}, "otherItems": {}, "netIncome": 831935000, "netIncomeApplicableToCommonShares": 831935000}, {"maxAge": 1, "endDate": "2018-03-31", "totalRevenue": 361844000, "costOfRevenue": 239045000, "grossProfit": 122799000, "researchDevelopment": {}, "sellingGeneralAdministrative": 8803000, "nonRecurring": {}, "otherOperatingExpenses": 8652000, "totalOperatingExpenses": 256503000, "operatingIncome": 105341000, "totalOtherIncomeExpenseNet": -261000, "ebit": 105341000, "interestExpense": -261000, "incomeBeforeTax": 105080000, "incomeTaxExpense": 20287000, "minorityInterest": 279017000, "netIncomeFromContinuingOps": 84793000, "discontinuedOperations": {}, "extraordinaryItems": {}, "effectOfAccountingCharges": {}, "otherItems": {}, "netIncome": 114112000, "netIncomeApplicableToCommonShares": 114112000}, {"maxAge": 1, "endDate": "2017-03-31", "totalRevenue": 338591000, "costOfRevenue": 105497000, "grossProfit": 233094000, "researchDevelopment": {}, "sellingGeneralAdministrative": 7313000, "nonRecurring": {}, "otherOperatingExpenses": 4177000, "totalOperatingExpenses": 117022000, "operatingIncome": 221569000, "totalOtherIncomeExpenseNet": -224000, "ebit": 221569000, "interestExpense": -224000, "incomeBeforeTax": 221345000, "incomeTaxExpense": 40845000, "minorityInterest": 308336000, "netIncomeFromContinuingOps": 180500000, "discontinuedOperations": {}, "extraordinaryItems": {}, "effectOfAccountingCharges": {}, "otherItems": {}, "netIncome": 187271000, "netIncomeApplicableToCommonShares": 187271000}], "maxAge": 86400}, "fundOwnership": {"maxAge": 1, "ownershipList": []}, "summaryDetail": {"maxAge": 1, "priceHint": 2, "previousClose": 1526.35, "open": 1520.0, "dayLow": 1486.05, "dayHigh": 1583.35, "regularMarketPreviousClose": 1526.35, "regularMarketOpen": 1520.0, "regularMarketDayLow": 1486.05, "regularMarketDayHigh": 1583.35, "payoutRatio": 0.0, "beta": 0.695751, "trailingPE": 21.125027, "volume": 2064, "regularMarketVolume": 2064, "averageVolume": 1842, "averageVolume10days": 1438, "averageDailyVolume10Day": 1438, "bid": 0.0, "ask": 0.0, "bidSize": 0, "askSize": 0, "marketCap": 7985682432, "fiftyTwoWeekLow": 575.6, "fiftyTwoWeekHigh": 1583.35, "priceToSalesTrailing12Months": 12.507902, "fiftyDayAverage": 1175.3242, "twoHundredDayAverage": 975.65393, "currency": "INR", "fromCurrency": null, "toCurrency": null, "lastMarket": null, "algorithm": null, "tradeable": false}, "insiderHolders": {"holders": [{"maxAge": 1, "name": "Danta Enterprises Pvt. Ltd.", "relation": "Institution- Corporation", "url": "", "transactionDescription": "Other", "latestTransDate": "2021-02-10", "positionDirect": 0, "positionDirectDate": "2021-02-10"}, {"maxAge": 1, "name": "Genova Multisolutions Pvt.Ltd.", "relation": "Institution- Corporation", "url": "", "transactionDescription": "Purchase", "latestTransDate": "2017-03-25", "positionDirect": 571286, "positionDirectDate": "2017-03-25"}, {"maxAge": 1, "name": "Glebe Trading Pvt. Ltd.", "relation": "Institution- Corporation", "url": "", "transactionDescription": "Other", "latestTransDate": "2021-02-10", "positionDirect": 0, "positionDirectDate": "2021-02-10"}, {"maxAge": 1, "name": "Groovy Trading Pvt Ltd", "relation": "Promoter", "url": "", "transactionDescription": "Sale", "latestTransDate": "2014-03-28", "positionDirect": 0, "positionDirectDate": "2014-03-28"}, {"maxAge": 1, "name": "Hexa Tradex Ltd.", "relation": "Promoter", "url": "", "transactionDescription": "Sale", "latestTransDate": "2016-09-09", "positionDirect": 0, "positionDirectDate": "2016-09-09"}, {"maxAge": 1, "name": "Jindal (Sangita)", "relation": "Promoter", "url": "", "transactionDescription": "Sale", "latestTransDate": "2016-12-30", "positionDirect": 100, "positionDirectDate": "2016-12-30"}, {"maxAge": 1, "name": "Sajjan Jindal Family Trust", "relation": "Institution- Corporation", "url": "", "transactionDescription": "Acquisition", "latestTransDate": "2017-04-06", "positionDirect": 10, "positionDirectDate": "2017-04-06"}, {"maxAge": 1, "name": "Sajjan Jindal Lineage Trust", "relation": "Institution- Corporation", "url": "", "transactionDescription": "Acquisition", "latestTransDate": "2017-04-06", "positionDirect": 10, "positionDirectDate": "2017-04-06"}, {"maxAge": 1, "name": "Siddeshwari Tradex Pvt Ltd", "relation": "Institution- Corporation", "url": "", "transactionDescription": "Other", "latestTransDate": "2021-02-10", "positionDirect": 693692, "positionDirectDate": "2021-02-10"}, {"maxAge": 1, "name": "Vinamra Consultancy Pvt. Ltd.", "relation": "Promoter", "url": "", "transactionDescription": "Sale", "latestTransDate": "2017-03-25", "positionDirect": 100, "positionDirectDate": "2017-03-25"}], "maxAge": 1}, "calendarEvents": {"maxAge": 1, "earnings": {"earningsDate": []}}, "price": {"maxAge": 1, "regularMarketChangePercent": 0.016772022, "regularMarketChange": 25.599976, "regularMarketTime": "2021-04-30 15:29:18", "priceHint": 2, "regularMarketPrice": 1551.95, "regularMarketDayHigh": 1583.35, "regularMarketDayLow": 1486.05, "regularMarketVolume": 2064, "averageDailyVolume10Day": 1438, "averageDailyVolume3Month": 1842, "regularMarketPreviousClose": 1526.35, "regularMarketSource": "FREE_REALTIME", "regularMarketOpen": 1520.0, "exchange": "NSI", "exchangeName": "NSE", "exchangeDataDelayedBy": 15, "marketState": "CLOSED", "quoteType": "EQUITY", "symbol": "NSIL.NS", "underlyingSymbol": null, "shortName": "NALWA SONS INVEST", "longName": "Nalwa Sons Investments Limited", "currency": "INR", "quoteSourceName": "Delayed Quote", "currencySymbol": "\u20b9", "fromCurrency": null, "toCurrency": null, "lastMarket": null, "marketCap": 7985682432}, "balanceSheetHistory": {"balanceSheetStatements": [{"maxAge": 1, "endDate": "2020-03-31", "cash": 4693000, "shortTermInvestments": 31489916000, "netReceivables": 2027043000, "otherCurrentAssets": 100000000, "totalCurrentAssets": 33933784000, "propertyPlantEquipment": 1168000, "otherAssets": 35038000, "totalAssets": 33969990000, "longTermDebt": 15197000, "otherLiab": 1820460000, "minorityInterest": 260415000, "totalCurrentLiabilities": 1148000, "totalLiab": 1836805000, "commonStock": 51362000, "retainedEarnings": 2419710000, "treasuryStock": 29025675000, "capitalSurplus": 376023000, "otherStockholderEquity": 29025675000, "totalStockholderEquity": 31872770000, "netTangibleAssets": 31872770000}, {"maxAge": 1, "endDate": "2019-03-31", "cash": 9467000, "shortTermInvestments": 37109998000, "netReceivables": 1776047000, "inventory": 299078000, "totalCurrentAssets": 39193844000, "propertyPlantEquipment": 1348000, "otherAssets": 37440000, "totalAssets": 39232632000, "longTermDebt": 13889000, "otherLiab": 2745933000, "minorityInterest": 269465000, "totalCurrentLiabilities": 1360000, "totalLiab": 2761182000, "commonStock": 51362000, "retainedEarnings": 2225449000, "treasuryStock": 33549151000, "capitalSurplus": 376023000, "otherStockholderEquity": 33549151000, "totalStockholderEquity": 36201985000, "netTangibleAssets": 36201985000}, {"maxAge": 1, "endDate": "2018-03-31", "cash": 105892000, "netReceivables": 1115474000, "totalCurrentAssets": 1276244000, "longTermInvestments": 2352034000, "propertyPlantEquipment": 14000, "otherAssets": 798268000, "deferredLongTermAssetCharges": 91648000, "totalAssets": 4426560000, "accountsPayable": 94884000, "otherCurrentLiab": 23597000, "longTermDebt": 326791000, "otherLiab": 344000, "minorityInterest": 279017000, "totalCurrentLiabilities": 119352000, "totalLiab": 446487000, "commonStock": 51362000, "retainedEarnings": 1713754000, "treasuryStock": 1635520000, "capitalSurplus": 300420000, "otherStockholderEquity": 1635520000, "totalStockholderEquity": 3701056000, "netTangibleAssets": 3701056000}, {"maxAge": 1, "endDate": "2017-03-31", "cash": 9133000, "netReceivables": 1190379000, "totalCurrentAssets": 1269055000, "longTermInvestments": 2321534000, "propertyPlantEquipment": 17000, "otherAssets": 750894000, "deferredLongTermAssetCharges": 81074000, "totalAssets": 4341500000, "accountsPayable": 94585000, "otherCurrentLiab": 24219000, "longTermDebt": 324395000, "otherLiab": 124000, "minorityInterest": 308336000, "totalCurrentLiabilities": 120385000, "totalLiab": 444904000, "commonStock": 51362000, "retainedEarnings": 1599642000, "treasuryStock": 1636836000, "capitalSurplus": 300420000, "otherStockholderEquity": 1636836000, "totalStockholderEquity": 3588260000, "netTangibleAssets": 3588260000}], "maxAge": 86400}, "earningsTrend": {"trend": [{"maxAge": 1, "period": "0q", "endDate": null, "growth": {}, "earningsEstimate": {"avg": 0.0, "low": 0.0, "high": 0.0, "yearAgoEps": {}, "numberOfAnalysts": 0, "growth": {}}, "revenueEstimate": {"avg": 0, "low": 0, "high": 0, "numberOfAnalysts": 0, "yearAgoRevenue": {}, "growth": {}}, "epsTrend": {"current": 0.0, "7daysAgo": 0.0, "30daysAgo": 0.0, "60daysAgo": 0.0, "90daysAgo": 0.0}, "epsRevisions": {"upLast7days": 0, "upLast30days": 0, "downLast30days": 0, "downLast90days": {}}}, {"maxAge": 1, "period": "+1q", "endDate": null, "growth": {}, "earningsEstimate": {"avg": 0.0, "low": 0.0, "high": 0.0, "yearAgoEps": {}, "numberOfAnalysts": 0, "growth": {}}, "revenueEstimate": {"avg": 0, "low": 0, "high": 0, "numberOfAnalysts": 0, "yearAgoRevenue": {}, "growth": {}}, "epsTrend": {"current": 0.0, "7daysAgo": 0.0, "30daysAgo": 0.0, "60daysAgo": 0.0, "90daysAgo": 0.0}, "epsRevisions": {"upLast7days": 0, "upLast30days": 0, "downLast30days": 0, "downLast90days": {}}}, {"maxAge": 1, "period": "0y", "endDate": null, "growth": {}, "earningsEstimate": {"avg": 0.0, "low": 0.0, "high": 0.0, "yearAgoEps": {}, "numberOfAnalysts": 0, "growth": {}}, "revenueEstimate": {"avg": 0, "low": 0, "high": 0, "numberOfAnalysts": 0, "yearAgoRevenue": {}, "growth": {}}, "epsTrend": {"current": 0.0, "7daysAgo": 0.0, "30daysAgo": 0.0, "60daysAgo": 0.0, "90daysAgo": 0.0}, "epsRevisions": {"upLast7days": 0, "upLast30days": 0, "downLast30days": 0, "downLast90days": {}}}, {"maxAge": 1, "period": "+1y", "endDate": null, "growth": {}, "earningsEstimate": {"avg": 0.0, "low": 0.0, "high": 0.0, "yearAgoEps": {}, "numberOfAnalysts": 0, "growth": {}}, "revenueEstimate": {"avg": 0, "low": 0, "high": 0, "numberOfAnalysts": 0, "yearAgoRevenue": {}, "growth": {}}, "epsTrend": {"current": 0.0, "7daysAgo": 0.0, "30daysAgo": 0.0, "60daysAgo": 0.0, "90daysAgo": 0.0}, "epsRevisions": {"upLast7days": 0, "upLast30days": 0, "downLast30days": 0, "downLast90days": {}}}, {"maxAge": 1, "period": "+5y", "endDate": null, "growth": {}, "earningsEstimate": {"avg": {}, "low": {}, "high": {}, "yearAgoEps": {}, "numberOfAnalysts": {}, "growth": {}}, "revenueEstimate": {"avg": {}, "low": {}, "high": {}, "numberOfAnalysts": {}, "yearAgoRevenue": {}, "growth": {}}, "epsTrend": {"current": {}, "7daysAgo": {}, "30daysAgo": {}, "60daysAgo": {}, "90daysAgo": {}}, "epsRevisions": {"upLast7days": {}, "upLast30days": {}, "downLast30days": {}, "downLast90days": {}}}, {"maxAge": 1, "period": "-5y", "endDate": null, "growth": 0.62088, "earningsEstimate": {"avg": {}, "low": {}, "high": {}, "yearAgoEps": {}, "numberOfAnalysts": {}, "growth": {}}, "revenueEstimate": {"avg": {}, "low": {}, "high": {}, "numberOfAnalysts": {}, "yearAgoRevenue": {}, "growth": {}}, "epsTrend": {"current": {}, "7daysAgo": {}, "30daysAgo": {}, "60daysAgo": {}, "90daysAgo": {}}, "epsRevisions": {"upLast7days": {}, "upLast30days": {}, "downLast30days": {}, "downLast90days": {}}}], "maxAge": 1}, "institutionOwnership": {"maxAge": 1, "ownershipList": []}, "majorHoldersBreakdown": {"maxAge": 1, "insidersPercentHeld": 0.80117, "institutionsPercentHeld": 0.03125, "institutionsFloatPercentHeld": 0.15718001, "institutionsCount": 1}, "balanceSheetHistoryQuarterly": {"balanceSheetStatements": [{"maxAge": 1, "endDate": "2020-12-31", "totalStockholderEquity": 33782322000, "netTangibleAssets": 33782322000}, {"maxAge": 1, "endDate": "2020-09-30", "cash": 34831000, "netReceivables": 2345379000, "otherCurrentAssets": 101265000, "totalCurrentAssets": 2821307000, "longTermInvestments": 33461364000, "propertyPlantEquipment": 1078000, "otherAssets": 1000, "totalAssets": 36283750000, "accountsPayable": 191000, "otherCurrentLiab": 12655000, "longTermDebt": 14893000, "otherLiab": 2205057000, "minorityInterest": 268632000, "totalCurrentLiabilities": 12846000, "totalLiab": 2232796000, "commonStock": 51362000, "treasuryStock": 33730960000, "otherStockholderEquity": 33730960000, "totalStockholderEquity": 33782322000, "netTangibleAssets": 33782322000}, {"maxAge": 1, "endDate": "2020-06-30", "totalStockholderEquity": 31872770000, "netTangibleAssets": 31872770000}, {"maxAge": 1, "endDate": "2020-03-31", "cash": 4693000, "shortTermInvestments": 31489916000, "netReceivables": 2027043000, "otherCurrentAssets": 100000000, "totalCurrentAssets": 33933784000, "propertyPlantEquipment": 1168000, "otherAssets": 35038000, "totalAssets": 33969990000, "longTermDebt": 15197000, "otherLiab": 1820460000, "minorityInterest": 260415000, "totalCurrentLiabilities": 1148000, "totalLiab": 1836805000, "commonStock": 51362000, "retainedEarnings": 2419710000, "treasuryStock": 29025675000, "capitalSurplus": 376023000, "otherStockholderEquity": 29025675000, "totalStockholderEquity": 31872770000, "netTangibleAssets": 31872770000}], "maxAge": 86400}, "earningsHistory": {"history": [{"maxAge": 1, "epsActual": {}, "epsEstimate": {}, "epsDifference": {}, "surprisePercent": {}, "quarter": {}, "period": "-4q"}, {"maxAge": 1, "epsActual": {}, "epsEstimate": {}, "epsDifference": {}, "surprisePercent": {}, "quarter": {}, "period": "-3q"}, {"maxAge": 1, "epsActual": {}, "epsEstimate": {}, "epsDifference": {}, "surprisePercent": {}, "quarter": {}, "period": "-2q"}, {"maxAge": 1, "epsActual": {}, "epsEstimate": {}, "epsDifference": {}, "surprisePercent": {}, "quarter": {}, "period": "-1q"}], "maxAge": 86400}, "summaryProfile": {"address1": "Jindal Centre", "address2": "12, Bhikaiji Cama Place", "city": "New Delhi", "zip": "110066", "country": "India", "phone": "91 11 2618 8345", "fax": "91 11 4165 9169", "website": "http://www.nalwasons.com", "industry": "Asset Management", "sector": "Financial Services", "longBusinessSummary": "Nalwa Sons Investments Limited, a non-banking finance company, engages in the investment and financing activities in India. It operates through two segments, Investment & Finance, and Trading of Goods. The company primarily holds investments in equity shares of steel manufacturing companies of O.P. Jindal Group. It also invests in shares, stocks, or other securities. The company was formerly known as Jindal Strips Limited. Nalwa Sons Investments Limited was incorporated in 1970 and is based in New Delhi, India.", "fullTimeEmployees": 4, "companyOfficers": [], "maxAge": 86400}, "netSharePurchaseActivity": {"maxAge": 1, "period": "6m", "buyInfoCount": 0, "buyInfoShares": 0, "sellInfoCount": 0, "netInfoCount": 0, "netInfoShares": 0, "netPercentInsiderShares": 0.0, "totalInsiderShares": 4074622}, "insiderTransactions": {"transactions": [{"maxAge": 1, "shares": 122306, "filerUrl": "", "transactionText": "", "filerName": "Glebe Trading Pvt. Ltd.", "filerRelation": "Institution- Corporation", "moneyText": "", "startDate": "2021-02-10", "ownership": "D"}, {"maxAge": 1, "shares": 693692, "filerUrl": "", "transactionText": "Other at price 0.00 per share.", "filerName": "Siddeshwari Tradex Pvt Ltd", "filerRelation": "Institution- Corporation", "moneyText": "", "startDate": "2021-02-10", "ownership": "D"}, {"maxAge": 1, "shares": 571386, "filerUrl": "", "transactionText": "", "filerName": "Danta Enterprises Pvt. Ltd.", "filerRelation": "Institution- Corporation", "moneyText": "", "startDate": "2021-02-10", "ownership": "D"}, {"maxAge": 1, "shares": 10, "filerUrl": "", "transactionText": "", "filerName": "Sajjan Jindal Family Trust", "filerRelation": "Institution- Corporation", "moneyText": "", "startDate": "2017-04-06", "ownership": "D"}, {"maxAge": 1, "shares": 10, "filerUrl": "", "transactionText": "", "filerName": "Sajjan Jindal Lineage Trust", "filerRelation": "Institution- Corporation", "moneyText": "", "startDate": "2017-04-06", "ownership": "D"}, {"maxAge": 1, "shares": 571286, "filerUrl": "", "transactionText": "", "filerName": "Genova Multisolutions Pvt.Ltd.", "filerRelation": "Institution- Corporation", "moneyText": "", "startDate": "2017-03-25", "ownership": "D"}, {"maxAge": 1, "shares": 128583, "filerUrl": "", "transactionText": "", "filerName": "Vinamra Consultancy Pvt. Ltd.", "filerRelation": "Promoter", "moneyText": "", "startDate": "2017-03-25", "ownership": "D"}, {"maxAge": 1, "shares": 7439, "filerUrl": "", "transactionText": "", "filerName": "Jindal (Sangita)", "filerRelation": "Promoter", "moneyText": "", "startDate": "2016-12-30", "ownership": "D"}, {"maxAge": 1, "shares": 7439, "filerUrl": "", "transactionText": "", "filerName": "Vinamra Consultancy Pvt. Ltd.", "filerRelation": "Promoter", "moneyText": "", "startDate": "2016-12-30", "ownership": "D"}, {"maxAge": 1, "shares": 100, "filerUrl": "", "transactionText": "", "filerName": "Hexa Tradex Ltd.", "filerRelation": "Promoter", "moneyText": "", "startDate": "2016-09-09", "ownership": "D"}, {"maxAge": 1, "shares": 488611, "filerUrl": "", "transactionText": "", "filerName": "Groovy Trading Pvt Ltd", "filerRelation": "Promoter", "moneyText": "", "startDate": "2014-03-28", "ownership": "D"}], "maxAge": 1}, "sectorTrend": {"maxAge": 1, "symbol": null, "estimates": []}, "incomeStatementHistoryQuarterly": {"incomeStatementHistory": [{"maxAge": 1, "endDate": "2020-12-31", "totalRevenue": 76283000, "costOfRevenue": 0, "grossProfit": 76283000, "researchDevelopment": {}, "sellingGeneralAdministrative": 6697000, "nonRecurring": {}, "otherOperatingExpenses": 2311000, "totalOperatingExpenses": 9053000, "operatingIncome": 67230000, "totalOtherIncomeExpenseNet": -26529000, "ebit": 67230000, "interestExpense": {}, "incomeBeforeTax": 40701000, "incomeTaxExpense": 5890000, "minorityInterest": {}, "netIncomeFromContinuingOps": 34811000, "discontinuedOperations": {}, "extraordinaryItems": {}, "effectOfAccountingCharges": {}, "otherItems": {}, "netIncome": 34482000, "netIncomeApplicableToCommonShares": 34482000}, {"maxAge": 1, "endDate": "2020-09-30", "totalRevenue": 358587000, "costOfRevenue": 98895000, "grossProfit": 259692000, "researchDevelopment": {}, "sellingGeneralAdministrative": 2079000, "nonRecurring": {}, "otherOperatingExpenses": 4946000, "totalOperatingExpenses": 105965000, "operatingIncome": 252622000, "totalOtherIncomeExpenseNet": 4196000, "ebit": 252622000, "interestExpense": {}, "incomeBeforeTax": 256818000, "incomeTaxExpense": 26467000, "minorityInterest": 268632000, "netIncomeFromContinuingOps": 230351000, "discontinuedOperations": {}, "extraordinaryItems": {}, "effectOfAccountingCharges": {}, "otherItems": {}, "netIncome": 230036000, "netIncomeApplicableToCommonShares": 230036000}, {"maxAge": 1, "endDate": "2020-06-30", "totalRevenue": 253051000, "costOfRevenue": 49447500, "grossProfit": 203603500, "researchDevelopment": {}, "sellingGeneralAdministrative": 1645000, "nonRecurring": {}, "otherOperatingExpenses": 3794000, "totalOperatingExpenses": 54931500, "operatingIncome": 198119500, "totalOtherIncomeExpenseNet": -11840500, "ebit": 198119500, "interestExpense": {}, "incomeBeforeTax": 186279000, "incomeTaxExpense": 26745000, "minorityInterest": 268632000, "netIncomeFromContinuingOps": 159534000, "discontinuedOperations": {}, "extraordinaryItems": {}, "effectOfAccountingCharges": {}, "otherItems": {}, "netIncome": 159139500, "netIncomeApplicableToCommonShares": 159139500}, {"maxAge": 1, "endDate": "2020-03-31", "totalRevenue": 56066000, "costOfRevenue": 0, "grossProfit": 56066000, "researchDevelopment": {}, "sellingGeneralAdministrative": 4066000, "nonRecurring": {}, "otherOperatingExpenses": 6551000, "totalOperatingExpenses": 10617000, "operatingIncome": 45449000, "totalOtherIncomeExpenseNet": -116563000, "ebit": 45449000, "interestExpense": {}, "incomeBeforeTax": -71114000, "incomeTaxExpense": -91354000, "minorityInterest": 260415000, "netIncomeFromContinuingOps": 20240000, "discontinuedOperations": {}, "extraordinaryItems": {}, "effectOfAccountingCharges": {}, "otherItems": {}, "netIncome": 19478000, "netIncomeApplicableToCommonShares": 19478000}], "maxAge": 86400}, "cashflowStatementHistoryQuarterly": {"cashflowStatements": [{"maxAge": 1, "endDate": "2020-12-31", "netIncome": 34482000, "changeToLiabilities": 0}, {"maxAge": 1, "endDate": "2020-09-30", "netIncome": 230036000, "depreciation": 45000, "changeToNetincome": 44667000, "changeToAccountReceivables": -557000, "changeToLiabilities": 34500, "changeToInventory": -13850000, "changeToOperatingActivities": 1060500, "totalCashFromOperatingActivities": 190539500, "investments": 18567500, "totalCashflowsFromInvestingActivities": -175318500, "netBorrowings": -152000, "totalCashFromFinancingActivities": -152000, "changeInCash": 15069000}, {"maxAge": 1, "endDate": "2020-06-30", "netIncome": 159139500, "depreciation": 45000, "changeToNetincome": 44667000, "changeToAccountReceivables": -557000, "changeToLiabilities": 34500, "changeToInventory": -13850000, "changeToOperatingActivities": 1060500, "totalCashFromOperatingActivities": 190539500, "investments": 18567500, "totalCashflowsFromInvestingActivities": -175318500, "netBorrowings": -152000, "totalCashFromFinancingActivities": -152000, "changeInCash": 15069000}, {"maxAge": 1, "endDate": "2020-03-31", "netIncome": 19478000, "depreciation": 45000, "changeToNetincome": 44667000, "changeToAccountReceivables": -557000, "changeToLiabilities": 0, "changeToInventory": -13850000, "changeToOperatingActivities": 1060500, "totalCashFromOperatingActivities": 190539500, "investments": 18567500, "totalCashflowsFromInvestingActivities": -175318500, "netBorrowings": -152000, "totalCashFromFinancingActivities": -152000, "changeInCash": 15069000}], "maxAge": 86400}, "earnings": {"maxAge": 86400, "earningsChart": {"quarterly": [], "earningsDate": []}, "financialsChart": {"yearly": [{"date": 2017, "revenue": 338591000, "earnings": 187271000}, {"date": 2018, "revenue": 361844000, "earnings": 114112000}, {"date": 2019, "revenue": 495397000, "earnings": 831935000}, {"date": 2020, "revenue": 589932000, "earnings": 196068000}], "quarterly": [{"date": "1Q2020", "revenue": 56066000, "earnings": 19478000}, {"date": "2Q2020", "revenue": 253051000, "earnings": 159139500}, {"date": "3Q2020", "revenue": 358587000, "earnings": 230036000}, {"date": "4Q2020", "revenue": 76283000, "earnings": 34482000}]}, "financialCurrency": "INR"}, "financialData": {"maxAge": 86400, "currentPrice": 1551.95, "recommendationKey": "none", "totalCash": 374663008, "totalCashPerShare": 73.668, "ebitda": 509169984, "totalDebt": 14893000, "totalRevenue": 638451008, "debtToEquity": 0.044, "revenuePerShare": 126.004, "grossProfits": 506600000, "revenueGrowth": -0.443, "grossMargins": 0.84510005, "ebitdaMargins": 0.79750997, "operatingMargins": 0.79722, "profitMargins": 0.58303, "financialCurrency": "INR"}}}