{"NSIL.BO": {"recommendationTrend": {"trend": [{"period": "0m", "strongBuy": 0, "buy": 0, "hold": 0, "sell": 0, "strongSell": 0}, {"period": "-1m", "strongBuy": 0, "buy": 0, "hold": 0, "sell": 0, "strongSell": 0}, {"period": "-2m", "strongBuy": 0, "buy": 0, "hold": 0, "sell": 0, "strongSell": 0}, {"period": "-3m", "strongBuy": 0, "buy": 0, "hold": 0, "sell": 0, "strongSell": 0}], "maxAge": 86400}, "cashflowStatementHistory": {"cashflowStatements": [{"maxAge": 1, "endDate": "2020-03-31", "netIncome": 196068000, "depreciation": 181000, "changeToNetincome": 20553000, "changeToAccountReceivables": -100000, "changeToLiabilities": -466000, "changeToInventory": -13800000, "changeToOperatingActivities": -6979000, "totalCashFromOperatingActivities": 195457000, "investments": -121434000, "totalCashflowsFromInvestingActivities": -201448000, "netBorrowings": 1310000, "otherCashflowsFromFinancingActivities": -94000, "totalCashFromFinancingActivities": 1216000, "changeInCash": -4774000}, {"maxAge": 1, "endDate": "2019-03-31", "netIncome": 780453000, "depreciation": 180000, "changeToNetincome": -98538000, "changeToAccountReceivables": 25267000, "changeToLiabilities": 0, "changeToInventory": -279380000, "changeToOperatingActivities": -181486000, "totalCashFromOperatingActivities": 246496000, "capitalExpenditures": -1515000, "investments": -182115000, "otherCashflowsFromInvestingActivities": 3191000, "totalCashflowsFromInvestingActivities": -29800000, "netBorrowings": -312903000, "otherCashflowsFromFinancingActivities": -224000, "totalCashFromFinancingActivities": -313127000, "changeInCash": -96431000}, {"maxAge": 1, "endDate": "2018-03-31", "netIncome": 114112000, "depreciation": 3000, "changeToNetincome": 85420000, "changeToAccountReceivables": 2753000, "changeToLiabilities": 0, "changeToInventory": 22522000, "changeToOperatingActivities": -826000, "totalCashFromOperatingActivities": 223984000, "capitalExpenditures": -1515000, "investments": -30500000, "otherCashflowsFromInvestingActivities": 3191000, "totalCashflowsFromInvestingActivities": -129359000, "netBorrowings": 2395000, "otherCashflowsFromFinancingActivities": -261000, "totalCashFromFinancingActivities": 2134000, "changeInCash": 96759000}, {"maxAge": 1, "endDate": "2017-03-31", "netIncome": 187271000, "depreciation": 35000, "changeToNetincome": 1691000, "changeToAccountReceivables": 45645000, "changeToLiabilities": 0, "changeToInventory": 22522000, "changeToOperatingActivities": 9857000, "totalCashFromOperatingActivities": 244499000, "capitalExpenditures": -1515000, "investments": -355179000, "otherCashflowsFromInvestingActivities": 3191000, "totalCashflowsFromInvestingActivities": -259410000, "netBorrowings": -6428000, "otherCashflowsFromFinancingActivities": -224000, "totalCashFromFinancingActivities": -6652000, "changeInCash": -21563000}], "maxAge": 86400}, "institutionOwnership": {"ownershipList": [], "maxAge": 1}, "balanceSheetHistoryQuarterly": {"balanceSheetStatements": [{"maxAge": 1, "endDate": "2020-03-31", "cash": 104693000, "shortTermInvestments": 31412931000, "netReceivables": 512150000, "totalCurrentAssets": 32029774000, "longTermInvestments": 1939048000, "propertyPlantEquipment": 1168000, "totalAssets": 33969990000, "longTermDebt": 15197000, "otherLiab": 1821608000, "minorityInterest": 260415000, "totalLiab": 1836805000, "commonStock": 51362000, "treasuryStock": 31821408000, "otherStockholderEquity": 31821408000, "totalStockholderEquity": 31872770000, "netTangibleAssets": 31872770000}, {"maxAge": 1, "endDate": "2019-12-31", "totalStockholderEquity": 30259196000, "netTangibleAssets": 30259196000}, {"maxAge": 1, "endDate": "2019-09-30", "cash": 4341000, "netReceivables": 1951782000, "totalCurrentAssets": 2268255000, "longTermInvestments": 30102195000, "propertyPlantEquipment": 1170000, "totalAssets": 32371620000, "accountsPayable": 50000, "longTermDebt": 14261000, "otherLiab": 1827799000, "minorityInterest": 270314000, "totalCurrentLiabilities": 50000, "totalLiab": 1842110000, "commonStock": 51362000, "treasuryStock": 30207834000, "otherStockholderEquity": 30207834000, "totalStockholderEquity": 30259196000, "netTangibleAssets": 30259196000}, {"maxAge": 1, "endDate": "2019-06-30", "totalStockholderEquity": 4480828000, "netTangibleAssets": 4480828000}], "maxAge": 86400}, "earningsHistory": {"history": [{"maxAge": 1, "epsActual": {}, "epsEstimate": {}, "epsDifference": {}, "surprisePercent": {}, "quarter": {}, "period": "-4q"}, {"maxAge": 1, "epsActual": {}, "epsEstimate": {}, "epsDifference": {}, "surprisePercent": {}, "quarter": {}, "period": "-3q"}, {"maxAge": 1, "epsActual": {}, "epsEstimate": {}, "epsDifference": {}, "surprisePercent": {}, "quarter": {}, "period": "-2q"}, {"maxAge": 1, "epsActual": {}, "epsEstimate": {}, "epsDifference": {}, "surprisePercent": {}, "quarter": {}, "period": "-1q"}], "maxAge": 86400}, "indexTrend": {"maxAge": 1, "symbol": "SP5", "peRatio": 19.7411, "pegRatio": 1.34172, "estimates": [{"period": "0q", "growth": 0.549}, {"period": "+1q", "growth": 0.431}, {"period": "0y", "growth": 0.305}, {"period": "+1y", "growth": 0.109}, {"period": "+5y", "growth": 0.120865}, {"period": "-5y"}]}, "industryTrend": {"maxAge": 1, "symbol": null, "estimates": []}, "insiderTransactions": {"transactions": [{"maxAge": 1, "shares": 10, "filerUrl": "", "transactionText": "", "filerName": "Sajjan Jindal Family Trust", "filerRelation": "Institution- Corporation", "moneyText": "", "startDate": "2017-04-06", "ownership": "D"}, {"maxAge": 1, "shares": 10, "filerUrl": "", "transactionText": "", "filerName": "Sajjan Jindal Lineage Trust", "filerRelation": "Institution- Corporation", "moneyText": "", "startDate": "2017-04-06", "ownership": "D"}, {"maxAge": 1, "shares": 571286, "filerUrl": "", "transactionText": "", "filerName": "Genova Multisolutions Pvt.Ltd.", "filerRelation": "Institution- Corporation", "moneyText": "", "startDate": "2017-03-25", "ownership": "D"}, {"maxAge": 1, "shares": 128583, "filerUrl": "", "transactionText": "", "filerName": "Vinamra Consultancy Pvt. Ltd.", "filerRelation": "Promoter", "moneyText": "", "startDate": "2017-03-25", "ownership": "D"}, {"maxAge": 1, "shares": 7439, "filerUrl": "", "transactionText": "", "filerName": "Jindal (Sangita)", "filerRelation": "Promoter", "moneyText": "", "startDate": "2016-12-30", "ownership": "D"}, {"maxAge": 1, "shares": 7439, "filerUrl": "", "transactionText": "", "filerName": "Vinamra Consultancy Pvt. Ltd.", "filerRelation": "Promoter", "moneyText": "", "startDate": "2016-12-30", "ownership": "D"}, {"maxAge": 1, "shares": 100, "filerUrl": "", "transactionText": "", "filerName": "Hexa Tradex Ltd.", "filerRelation": "Promoter", "moneyText": "", "startDate": "2016-09-09", "ownership": "D"}, {"maxAge": 1, "shares": 488611, "filerUrl": "", "transactionText": "", "filerName": "Groovy Trading Pvt Ltd", "filerRelation": "Promoter", "moneyText": "", "startDate": "2014-03-28", "ownership": "D"}], "maxAge": 1}, "quoteType": {"exchange": "BSE", "quoteType": "EQUITY", "symbol": "NSIL.BO", "underlyingSymbol": "NSIL.BO", "shortName": "NALWA SONS INVESTMENTS LTD.", "longName": "Nalwa Sons Investments Limited", "firstTradeDateEpochUtc": "2002-01-17 09:15:00", "timeZoneFullName": "Asia/Kolkata", "timeZoneShortName": "IST", "uuid": "5d712e9a-6d6b-32ec-b669-c9b57646b094", "gmtOffSetMilliseconds": 19800000, "maxAge": 1}, "incomeStatementHistory": {"incomeStatementHistory": [{"maxAge": 1, "endDate": "2020-03-31", "totalRevenue": 589686000, "costOfRevenue": 83332000, "grossProfit": 506354000, "researchDevelopment": {}, "sellingGeneralAdministrative": 10848000, "nonRecurring": {}, "otherOperatingExpenses": 17186000, "totalOperatingExpenses": 111546000, "operatingIncome": 478140000, "totalOtherIncomeExpenseNet": -385762000, "ebit": 478140000, "interestExpense": -94000, "incomeBeforeTax": 92378000, "incomeTaxExpense": -101882000, "minorityInterest": 260415000, "netIncomeFromContinuingOps": 194260000, "discontinuedOperations": {}, "extraordinaryItems": {}, "effectOfAccountingCharges": {}, "otherItems": {}, "netIncome": 196068000, "netIncomeApplicableToCommonShares": 196068000}, {"maxAge": 1, "endDate": "2019-03-31", "totalRevenue": 430821000, "costOfRevenue": 161125000, "grossProfit": 269696000, "researchDevelopment": {}, "sellingGeneralAdministrative": 11136000, "nonRecurring": {}, "otherOperatingExpenses": -178936000, "totalOperatingExpenses": -6495000, "operatingIncome": 437316000, "totalOtherIncomeExpenseNet": 410650000, "ebit": 437316000, "interestExpense": -224000, "incomeBeforeTax": 847966000, "incomeTaxExpense": 57253000, "minorityInterest": 289277000, "netIncomeFromContinuingOps": 790713000, "discontinuedOperations": {}, "extraordinaryItems": {}, "effectOfAccountingCharges": {}, "otherItems": {}, "netIncome": 780453000, "netIncomeApplicableToCommonShares": 780453000}, {"maxAge": 1, "endDate": "2018-03-31", "totalRevenue": 361844000, "costOfRevenue": 239045000, "grossProfit": 122799000, "researchDevelopment": {}, "sellingGeneralAdministrative": 8803000, "nonRecurring": {}, "otherOperatingExpenses": 8652000, "totalOperatingExpenses": 256503000, "operatingIncome": 105341000, "totalOtherIncomeExpenseNet": -261000, "ebit": 105341000, "interestExpense": -261000, "incomeBeforeTax": 105080000, "incomeTaxExpense": 20287000, "minorityInterest": 279017000, "netIncomeFromContinuingOps": 84793000, "discontinuedOperations": {}, "extraordinaryItems": {}, "effectOfAccountingCharges": {}, "otherItems": {}, "netIncome": 114112000, "netIncomeApplicableToCommonShares": 114112000}, {"maxAge": 1, "endDate": "2017-03-31", "totalRevenue": 338591000, "costOfRevenue": 105497000, "grossProfit": 233094000, "researchDevelopment": {}, "sellingGeneralAdministrative": 7313000, "nonRecurring": {}, "otherOperatingExpenses": 4177000, "totalOperatingExpenses": 117022000, "operatingIncome": 221569000, "totalOtherIncomeExpenseNet": -224000, "ebit": 221569000, "interestExpense": -224000, "incomeBeforeTax": 221345000, "incomeTaxExpense": 40845000, "minorityInterest": 308336000, "netIncomeFromContinuingOps": 180500000, "discontinuedOperations": {}, "extraordinaryItems": {}, "effectOfAccountingCharges": {}, "otherItems": {}, "netIncome": 187271000, "netIncomeApplicableToCommonShares": 187271000}], "maxAge": 86400}, "fundOwnership": {"ownershipList": [], "maxAge": 1}, "summaryDetail": {"maxAge": 1, "priceHint": 2, "previousClose": 1529.15, "open": 1525.0, "dayLow": 1520.0, "dayHigh": 1574.0, "regularMarketPreviousClose": 1529.15, "regularMarketOpen": 1525.0, "regularMarketDayLow": 1520.0, "regularMarketDayHigh": 1574.0, "trailingPE": 410.05292, "volume": 260, "regularMarketVolume": 260, "averageVolume": 4305, "averageVolume10days": 87, "averageDailyVolume10Day": 87, "bid": 1546.5, "ask": 1567.25, "bidSize": 0, "askSize": 0, "marketCap": 7961048064, "fiftyTwoWeekLow": 411.0, "fiftyTwoWeekHigh": 1574.0, "fiftyDayAverage": 945.42725, "twoHundredDayAverage": 799.2449, "currency": "INR", "fromCurrency": null, "lastMarket": null, "algorithm": null, "tradeable": false}, "sectorTrend": {"maxAge": 1, "symbol": null, "estimates": []}, "incomeStatementHistoryQuarterly": {"incomeStatementHistory": [{"maxAge": 1, "endDate": "2020-03-31", "totalRevenue": 55820000, "costOfRevenue": 0, "grossProfit": 55820000, "researchDevelopment": {}, "sellingGeneralAdministrative": 3201000, "nonRecurring": {}, "otherOperatingExpenses": 7637000, "totalOperatingExpenses": 10838000, "operatingIncome": 44982000, "totalOtherIncomeExpenseNet": -116096000, "ebit": 44982000, "interestExpense": -22000, "incomeBeforeTax": -71114000, "incomeTaxExpense": -91354000, "minorityInterest": 260415000, "netIncomeFromContinuingOps": 20240000, "discontinuedOperations": {}, "extraordinaryItems": {}, "effectOfAccountingCharges": {}, "otherItems": {}, "netIncome": 19478000, "netIncomeApplicableToCommonShares": 19478000}, {"maxAge": 1, "endDate": "2019-12-31", "totalRevenue": 136999000, "costOfRevenue": 83332000, "grossProfit": 53667000, "researchDevelopment": {}, "sellingGeneralAdministrative": 3312000, "nonRecurring": {}, "otherOperatingExpenses": 4000000, "totalOperatingExpenses": 90644000, "operatingIncome": 46355000, "totalOtherIncomeExpenseNet": -14411000, "ebit": 46355000, "interestExpense": -22000, "incomeBeforeTax": 31944000, "incomeTaxExpense": 11199000, "minorityInterest": 260415000, "netIncomeFromContinuingOps": 20745000, "discontinuedOperations": {}, "extraordinaryItems": {}, "effectOfAccountingCharges": {}, "otherItems": {}, "netIncome": 25969000, "netIncomeApplicableToCommonShares": 25969000}, {"maxAge": 1, "endDate": "2019-09-30", "totalRevenue": 345586000, "costOfRevenue": 0, "grossProfit": 345586000, "researchDevelopment": {}, "sellingGeneralAdministrative": 1810000, "nonRecurring": {}, "otherOperatingExpenses": 2010000, "totalOperatingExpenses": 3820000, "operatingIncome": 341766000, "totalOtherIncomeExpenseNet": -162008000, "ebit": 341766000, "interestExpense": -22000, "incomeBeforeTax": 179758000, "incomeTaxExpense": -11262000, "minorityInterest": 270314000, "netIncomeFromContinuingOps": 191020000, "discontinuedOperations": {}, "extraordinaryItems": {}, "effectOfAccountingCharges": {}, "otherItems": {}, "netIncome": 198618000, "netIncomeApplicableToCommonShares": 198618000}, {"maxAge": 1, "endDate": "2019-06-30", "totalRevenue": 51281000, "costOfRevenue": 0, "grossProfit": 51281000, "researchDevelopment": {}, "sellingGeneralAdministrative": 2524000, "nonRecurring": {}, "otherOperatingExpenses": 2839000, "totalOperatingExpenses": 5543000, "operatingIncome": 45738000, "totalOtherIncomeExpenseNet": -93949000, "ebit": 45738000, "interestExpense": -28000, "incomeBeforeTax": -48211000, "incomeTaxExpense": -10465000, "minorityInterest": 270314000, "netIncomeFromContinuingOps": -37746000, "discontinuedOperations": {}, "extraordinaryItems": {}, "effectOfAccountingCharges": {}, "otherItems": {}, "netIncome": -47998000, "netIncomeApplicableToCommonShares": -47998000}], "maxAge": 86400}, "cashflowStatementHistoryQuarterly": {"cashflowStatements": [{"maxAge": 1, "endDate": "2020-03-31", "netIncome": 19478000, "changeToLiabilities": 0}, {"maxAge": 1, "endDate": "2019-12-31", "netIncome": 25969000, "changeToLiabilities": 0}, {"maxAge": 1, "endDate": "2019-09-30", "netIncome": 198618000, "changeToLiabilities": 0}, {"maxAge": 1, "endDate": "2019-06-30", "netIncome": -47998000, "changeToLiabilities": 0}], "maxAge": 86400}, "insiderHolders": {"holders": [{"maxAge": 1, "name": "Genova Multisolutions Pvt.Ltd.", "relation": "Institution- Corporation", "url": "", "transactionDescription": "Purchase", "latestTransDate": "2017-03-25", "positionDirect": 571286, "positionDirectDate": "2017-03-25"}, {"maxAge": 1, "name": "Groovy Trading Pvt Ltd", "relation": "Promoter", "url": "", "transactionDescription": "Sale", "latestTransDate": "2014-03-28", "positionDirect": 0, "positionDirectDate": "2014-03-28"}, {"maxAge": 1, "name": "Hexa Tradex Ltd.", "relation": "Promoter", "url": "", "transactionDescription": "Sale", "latestTransDate": "2016-09-09", "positionDirect": 0, "positionDirectDate": "2016-09-09"}, {"maxAge": 1, "name": "Jindal (Sangita)", "relation": "Promoter", "url": "", "transactionDescription": "Sale", "latestTransDate": "2016-12-30", "positionDirect": 100, "positionDirectDate": "2016-12-30"}, {"maxAge": 1, "name": "Sajjan Jindal Family Trust", "relation": "Institution- Corporation", "url": "", "transactionDescription": "Acquisition", "latestTransDate": "2017-04-06", "positionDirect": 10, "positionDirectDate": "2017-04-06"}, {"maxAge": 1, "name": "Sajjan Jindal Lineage Trust", "relation": "Institution- Corporation", "url": "", "transactionDescription": "Acquisition", "latestTransDate": "2017-04-06", "positionDirect": 10, "positionDirectDate": "2017-04-06"}, {"maxAge": 1, "name": "Vinamra Consultancy Pvt. Ltd.", "relation": "Promoter", "url": "", "transactionDescription": "Sale", "latestTransDate": "2017-03-25", "positionDirect": 100, "positionDirectDate": "2017-03-25"}], "maxAge": 1}, "earnings": {"maxAge": 86400, "earningsChart": {"quarterly": [], "earningsDate": ["2020-09-14 05:30:S"]}, "financialsChart": {"yearly": [{"date": 2017, "revenue": 338591000, "earnings": 187271000}, {"date": 2018, "revenue": 361844000, "earnings": 114112000}, {"date": 2019, "revenue": 430821000, "earnings": 780453000}, {"date": 2020, "revenue": 589686000, "earnings": 196068000}], "quarterly": [{"date": "2Q2019", "revenue": 51281000, "earnings": -47998000}, {"date": "3Q2019", "revenue": 345586000, "earnings": 198618000}, {"date": "4Q2019", "revenue": 136999000, "earnings": 25969000}, {"date": "1Q2020", "revenue": 55820000, "earnings": 19478000}]}, "financialCurrency": "INR"}, "calendarEvents": {"maxAge": 1, "earnings": {"earningsDate": ["2020-09-14 05:30:S"]}}, "upgradeDowngradeHistory": {"history": [], "maxAge": 86400}, "price": {"maxAge": 1, "regularMarketChangePercent": 0.0136350095, "regularMarketChange": 20.849976, "regularMarketTime": "2021-04-30 15:27:25", "priceHint": 2, "regularMarketPrice": 1550.0, "regularMarketDayHigh": 1574.0, "regularMarketDayLow": 1520.0, "regularMarketVolume": 260, "averageDailyVolume10Day": 87, "averageDailyVolume3Month": 4305, "regularMarketPreviousClose": 1529.15, "regularMarketSource": "FREE_REALTIME", "regularMarketOpen": 1525.0, "exchange": "BSE", "exchangeName": "BSE", "exchangeDataDelayedBy": 0, "marketState": "CLOSED", "quoteType": "EQUITY", "symbol": "NSIL.BO", "underlyingSymbol": null, "shortName": "NALWA SONS INVESTMENTS LTD.", "longName": "Nalwa Sons Investments Limited", "currency": "INR", "quoteSourceName": "Delayed Quote", "currencySymbol": "\u20b9", "fromCurrency": null, "lastMarket": null, "marketCap": 7961048064}, "balanceSheetHistory": {"balanceSheetStatements": [{"maxAge": 1, "endDate": "2020-03-31", "cash": 104693000, "netReceivables": 512150000, "totalCurrentAssets": 32029774000, "longTermInvestments": 1939048000, "propertyPlantEquipment": 1168000, "totalAssets": 33969990000, "longTermDebt": 15197000, "otherLiab": 1821608000, "minorityInterest": 260415000, "totalLiab": 1836805000, "commonStock": 51362000, "treasuryStock": 31821408000, "otherStockholderEquity": 31821408000, "totalStockholderEquity": 31872770000, "netTangibleAssets": 31872770000}, {"maxAge": 1, "endDate": "2019-03-31", "cash": 9461000, "shortTermInvestments": 2709000, "netReceivables": 1100579000, "inventory": 299078000, "totalCurrentAssets": 1449266000, "longTermInvestments": 2534701000, "propertyPlantEquipment": 1348000, "otherAssets": 804868000, "deferredLongTermAssetCharges": 56273000, "totalAssets": 4790183000, "otherCurrentLiab": 4043000, "longTermDebt": 13888000, "otherLiab": 504000, "minorityInterest": 289277000, "totalCurrentLiabilities": 5686000, "totalLiab": 20078000, "commonStock": 51362000, "retainedEarnings": 2494205000, "treasuryStock": 1634841000, "capitalSurplus": 300420000, "otherStockholderEquity": 1634841000, "totalStockholderEquity": 4480828000, "netTangibleAssets": 4480828000}, {"maxAge": 1, "endDate": "2018-03-31", "cash": 105892000, "netReceivables": 1115474000, "totalCurrentAssets": 1276244000, "longTermInvestments": 2352034000, "propertyPlantEquipment": 14000, "otherAssets": 798268000, "deferredLongTermAssetCharges": 91648000, "totalAssets": 4426560000, "accountsPayable": 94884000, "otherCurrentLiab": 23597000, "longTermDebt": 326791000, "otherLiab": 344000, "minorityInterest": 279017000, "totalCurrentLiabilities": 119352000, "totalLiab": 446487000, "commonStock": 51362000, "retainedEarnings": 1713754000, "treasuryStock": 1635520000, "capitalSurplus": 300420000, "otherStockholderEquity": 1635520000, "totalStockholderEquity": 3701056000, "netTangibleAssets": 3701056000}, {"maxAge": 1, "endDate": "2017-03-31", "cash": 9133000, "netReceivables": 1190379000, "totalCurrentAssets": 1269055000, "longTermInvestments": 2321534000, "propertyPlantEquipment": 17000, "otherAssets": 750894000, "deferredLongTermAssetCharges": 81074000, "totalAssets": 4341500000, "accountsPayable": 94585000, "otherCurrentLiab": 24219000, "longTermDebt": 324395000, "otherLiab": 124000, "minorityInterest": 308336000, "totalCurrentLiabilities": 120385000, "totalLiab": 444904000, "commonStock": 51362000, "retainedEarnings": 1599642000, "treasuryStock": 1636836000, "capitalSurplus": 300420000, "otherStockholderEquity": 1636836000, "totalStockholderEquity": 3588260000, "netTangibleAssets": 3588260000}], "maxAge": 86400}, "earningsTrend": {"trend": [{"maxAge": 1, "period": "0q", "endDate": null, "growth": {}, "earningsEstimate": {"avg": 0.0, "low": 0.0, "high": 0.0, "yearAgoEps": {}, "numberOfAnalysts": 0, "growth": {}}, "revenueEstimate": {"avg": 0, "low": 0, "high": 0, "numberOfAnalysts": 0, "yearAgoRevenue": {}, "growth": {}}, "epsTrend": {"current": 0.0, "7daysAgo": 0.0, "30daysAgo": 0.0, "60daysAgo": 0.0, "90daysAgo": 0.0}, "epsRevisions": {"upLast7days": 0, "upLast30days": 0, "downLast30days": 0, "downLast90days": {}}}, {"maxAge": 1, "period": "+1q", "endDate": null, "growth": {}, "earningsEstimate": {"avg": 0.0, "low": 0.0, "high": 0.0, "yearAgoEps": {}, "numberOfAnalysts": 0, "growth": {}}, "revenueEstimate": {"avg": 0, "low": 0, "high": 0, "numberOfAnalysts": 0, "yearAgoRevenue": {}, "growth": {}}, "epsTrend": {"current": 0.0, "7daysAgo": 0.0, "30daysAgo": 0.0, "60daysAgo": 0.0, "90daysAgo": 0.0}, "epsRevisions": {"upLast7days": 0, "upLast30days": 0, "downLast30days": 0, "downLast90days": {}}}, {"maxAge": 1, "period": "0y", "endDate": null, "growth": {}, "earningsEstimate": {"avg": 0.0, "low": 0.0, "high": 0.0, "yearAgoEps": {}, "numberOfAnalysts": 0, "growth": {}}, "revenueEstimate": {"avg": 0, "low": 0, "high": 0, "numberOfAnalysts": 0, "yearAgoRevenue": {}, "growth": {}}, "epsTrend": {"current": 0.0, "7daysAgo": 0.0, "30daysAgo": 0.0, "60daysAgo": 0.0, "90daysAgo": 0.0}, "epsRevisions": {"upLast7days": 0, "upLast30days": 0, "downLast30days": 0, "downLast90days": {}}}, {"maxAge": 1, "period": "+1y", "endDate": null, "growth": {}, "earningsEstimate": {"avg": 0.0, "low": 0.0, "high": 0.0, "yearAgoEps": {}, "numberOfAnalysts": 0, "growth": {}}, "revenueEstimate": {"avg": 0, "low": 0, "high": 0, "numberOfAnalysts": 0, "yearAgoRevenue": {}, "growth": {}}, "epsTrend": {"current": 0.0, "7daysAgo": 0.0, "30daysAgo": 0.0, "60daysAgo": 0.0, "90daysAgo": 0.0}, "epsRevisions": {"upLast7days": 0, "upLast30days": 0, "downLast30days": 0, "downLast90days": {}}}, {"maxAge": 1, "period": "+5y", "endDate": null, "growth": {}, "earningsEstimate": {"avg": {}, "low": {}, "high": {}, "yearAgoEps": {}, "numberOfAnalysts": {}, "growth": {}}, "revenueEstimate": {"avg": {}, "low": {}, "high": {}, "numberOfAnalysts": {}, "yearAgoRevenue": {}, "growth": {}}, "epsTrend": {"current": {}, "7daysAgo": {}, "30daysAgo": {}, "60daysAgo": {}, "90daysAgo": {}}, "epsRevisions": {"upLast7days": {}, "upLast30days": {}, "downLast30days": {}, "downLast90days": {}}}, {"maxAge": 1, "period": "-5y", "endDate": null, "growth": {}, "earningsEstimate": {"avg": {}, "low": {}, "high": {}, "yearAgoEps": {}, "numberOfAnalysts": {}, "growth": {}}, "revenueEstimate": {"avg": {}, "low": {}, "high": {}, "numberOfAnalysts": {}, "yearAgoRevenue": {}, "growth": {}}, "epsTrend": {"current": {}, "7daysAgo": {}, "30daysAgo": {}, "60daysAgo": {}, "90daysAgo": {}}, "epsRevisions": {"upLast7days": {}, "upLast30days": {}, "downLast30days": {}, "downLast90days": {}}}], "maxAge": 1}, "financialData": {"maxAge": 86400, "currentPrice": 1550.0, "recommendationKey": "none", "grossProfits": 506354000, "financialCurrency": "INR"}}}