{"NTPC.NS": {"assetProfile": {"address1": "NTPC Bhawan", "address2": "SCOPE Complex 7, Institutional Area Lodhi Road", "city": "New Delhi", "zip": "110003", "country": "India", "phone": "91 11 2438 7333", "fax": "91 11 2436 1018", "website": "http://www.ntpc.co.in", "industry": "Utilities\u2014Independent Power Producers", "sector": "Utilities", "longBusinessSummary": "NTPC Limited generates and sells bulk power to state power utilities in India. It operates in two segments, Generation of Energy and Others. The company generates power from coal, gas, liquid fuel, hydro, solar, nuclear, wind, thermal, and renewable energy sources. It also offers consultancy, project management, and supervision services. In addition, the company is involved in the energy trading, oil and gas exploration, and coal mining activities. As of February 20, 2021, it had an installed power generation capacity of 64,880 megawatt. NTPC Limited was founded in 1975 and is based in New Delhi, India.", "fullTimeEmployees": 19165, "companyOfficers": [{"maxAge": 1, "name": "Mr. Gurdeep  Singh", "age": 55, "title": "Chairman & MD", "yearBorn": 1965, "fiscalYear": 2020, "totalPay": 11609727, "exercisedValue": 0, "unexercisedValue": 0}, {"maxAge": 1, "name": "Mr. Anil Kumar Gautam", "age": 58, "title": "CFO, Director of Fin. & Director", "yearBorn": 1962, "fiscalYear": 2020, "totalPay": 3539798, "exercisedValue": 0, "unexercisedValue": 0}, {"maxAge": 1, "name": "Ms. Nandini  Sarkar", "title": "Company Sec. & Compliance Officer", "fiscalYear": 2020, "totalPay": 5208873, "exercisedValue": 0, "unexercisedValue": 0}, {"maxAge": 1, "name": "Mr. V. Ramesh Babu", "age": 56, "title": "Director of Operations & Exec. Director", "yearBorn": 1964, "exercisedValue": 0, "unexercisedValue": 0}, {"maxAge": 1, "name": "Mr. Aditya  Dar", "age": 54, "title": "Chief Investor Relations Officer", "yearBorn": 1966, "exercisedValue": 0, "unexercisedValue": 0}, {"maxAge": 1, "name": "Mr. Dillip Kumar Patel", "age": 56, "title": "Director of HR & Exec. Director", "yearBorn": 1964, "exercisedValue": 0, "unexercisedValue": 0}, {"maxAge": 1, "name": "Mr. Chandan Kumar Mondol", "age": 57, "title": "Director of Commercial & Director", "yearBorn": 1963, "exercisedValue": 0, "unexercisedValue": 0}, {"maxAge": 1, "name": "Mr. Ujjwal Kanti Bhattacharya", "age": 57, "title": "Director of Projects & Exec. Director", "yearBorn": 1963, "exercisedValue": 0, "unexercisedValue": 0}, {"maxAge": 1, "name": "Mr. Gopal  Ravindra", "title": "Chief Exec. Officer of UPL", "exercisedValue": 0, "unexercisedValue": 0}, {"maxAge": 1, "name": "Mr. Debasis  Sarkar", "title": "Chief Exec. Officer of NTECL", "exercisedValue": 0, "unexercisedValue": 0}], "auditRisk": 5, "boardRisk": 10, "compensationRisk": 1, "shareHolderRightsRisk": 4, "overallRisk": 6, "governanceEpochDate": "2021-04-01 05:30:00", "compensationAsOfEpochDate": "2020-12-31 05:30:00", "maxAge": 86400}, "recommendationTrend": {"trend": [{"period": "0m", "strongBuy": 0, "buy": 0, "hold": 0, "sell": 0, "strongSell": 0}, {"period": "-1m", "strongBuy": 10, "buy": 16, "hold": 4, "sell": 1, "strongSell": 0}, {"period": "-2m", "strongBuy": 10, "buy": 17, "hold": 4, "sell": 1, "strongSell": 0}, {"period": "-3m", "strongBuy": 10, "buy": 19, "hold": 5, "sell": 1, "strongSell": 0}], "maxAge": 86400}, "cashflowStatementHistory": {"cashflowStatements": [{"maxAge": 1, "endDate": "2020-03-31", "netIncome": 116002300000, "depreciation": 103268300000, "changeToNetincome": 89466300000, "changeToAccountReceivables": -80924600000, "changeToLiabilities": 15241200000, "changeToInventory": -23096800000, "changeToOperatingActivities": 25582200000, "totalCashFromOperatingActivities": 245832200000, "capitalExpenditures": -182304400000, "investments": -7890700000, "otherCashflowsFromInvestingActivities": 299100000, "totalCashflowsFromInvestingActivities": -303216700000, "dividendsPaid": -31333700000, "netBorrowings": 231785000000, "otherCashflowsFromFinancingActivities": -140408700000, "totalCashFromFinancingActivities": 60042600000, "effectOfExchangeRate": -300000, "changeInCash": 2657800000}, {"maxAge": 1, "endDate": "2019-03-31", "netIncome": 137366800000, "depreciation": 86593100000, "changeToNetincome": 37680800000, "changeToAccountReceivables": -19067900000, "changeToLiabilities": 5024200000, "changeToInventory": -16654100000, "changeToOperatingActivities": -44183600000, "totalCashFromOperatingActivities": 186856500000, "capitalExpenditures": -216069000000, "investments": 12837200000, "otherCashflowsFromInvestingActivities": 159100000, "totalCashflowsFromInvestingActivities": -240632700000, "dividendsPaid": -54606700000, "netBorrowings": 230719900000, "otherCashflowsFromFinancingActivities": -126845700000, "totalCashFromFinancingActivities": 49267500000, "effectOfExchangeRate": -100000, "changeInCash": -4508800000}, {"maxAge": 1, "endDate": "2018-03-31", "netIncome": 105439500000, "depreciation": 74560800000, "changeToNetincome": 74848400000, "changeToAccountReceivables": 1858500000, "changeToLiabilities": 20848300000, "changeToInventory": 8127200000, "changeToOperatingActivities": -89062600000, "totalCashFromOperatingActivities": 196696100000, "capitalExpenditures": -187662800000, "investments": -22241100000, "otherCashflowsFromInvestingActivities": 3033400000, "totalCashflowsFromInvestingActivities": -206781100000, "dividendsPaid": -40402800000, "netBorrowings": 145058800000, "otherCashflowsFromFinancingActivities": -94378200000, "totalCashFromFinancingActivities": 10277800000, "effectOfExchangeRate": -100000, "changeInCash": 192800000}, {"maxAge": 1, "endDate": "2017-03-31", "netIncome": 107196400000, "depreciation": 60026100000, "changeToNetincome": 36435500000, "changeToAccountReceivables": -6395100000, "changeToLiabilities": 6570500000, "changeToInventory": 8041800000, "changeToOperatingActivities": -10289900000, "totalCashFromOperatingActivities": 201665600000, "capitalExpenditures": -243998600000, "investments": -4229100000, "otherCashflowsFromInvestingActivities": 2706900000, "totalCashflowsFromInvestingActivities": -244800700000, "dividendsPaid": -35950300000, "netBorrowings": 150332000000, "otherCashflowsFromFinancingActivities": -83002100000, "totalCashFromFinancingActivities": 31379600000, "effectOfExchangeRate": -600000, "changeInCash": -11756100000}], "maxAge": 86400}, "indexTrend": {"maxAge": 1, "symbol": "SP5", "peRatio": 19.7411, "pegRatio": 1.34172, "estimates": [{"period": "0q", "growth": 0.549}, {"period": "+1q", "growth": 0.431}, {"period": "0y", "growth": 0.305}, {"period": "+1y", "growth": 0.109}, {"period": "+5y", "growth": 0.120865}, {"period": "-5y"}]}, "defaultKeyStatistics": {"maxAge": 1, "priceHint": 2, "enterpriseValue": 2809550077952, "profitMargins": 0.10399, "floatShares": 4820277942, "sharesOutstanding": 9696669696, "heldPercentInsiders": 0.51113, "heldPercentInstitutions": 0.46210998, "beta": 0.441297, "category": null, "bookValue": 123.669, "priceToBook": 0.828421, "fundFamily": null, "legalType": null, "lastFiscalYearEnd": "2020-03-31 05:30:00", "nextFiscalYearEnd": "2022-03-31 05:30:00", "mostRecentQuarter": "2020-12-31 05:30:00", "earningsQuarterlyGrowth": 0.185, "netIncomeToCommon": 116275396608, "trailingEps": 11.754, "forwardEps": 15.64, "lastSplitFactor": "6:5", "lastSplitDate": "2019-03-19 05:30:00", "enterpriseToRevenue": 2.513, "enterpriseToEbitda": 7.928, "52WeekChange": 0.12028432, "SandP52WeekChange": 0.48148263, "lastDividendValue": 3.0, "lastDividendDate": 1613001600}, "industryTrend": {"maxAge": 1, "symbol": null, "estimates": []}, "quoteType": {"exchange": "NSI", "quoteType": "EQUITY", "symbol": "NTPC.NS", "underlyingSymbol": "NTPC.NS", "shortName": "NTPC LTD", "longName": "NTPC Limited", "firstTradeDateEpochUtc": "2004-11-05 09:15:00", "timeZoneFullName": "Asia/Kolkata", "timeZoneShortName": "IST", "uuid": "8ba23af1-4242-3e1c-8797-3049e46b897c", "messageBoardId": "finmb_9673133", "gmtOffSetMilliseconds": 19800000, "maxAge": 1}, "incomeStatementHistory": {"incomeStatementHistory": [{"maxAge": 1, "endDate": "2020-03-31", "totalRevenue": 1094640400000, "costOfRevenue": 623845600000, "grossProfit": 470794800000, "researchDevelopment": {}, "sellingGeneralAdministrative": 59786000000, "nonRecurring": {}, "otherOperatingExpenses": 83179400000, "totalOperatingExpenses": 870374000000, "operatingIncome": 224266400000, "totalOtherIncomeExpenseNet": -11771200000, "ebit": 224266400000, "interestExpense": -81681200000, "incomeBeforeTax": 212495200000, "incomeTaxExpense": 93475400000, "minorityInterest": 33171900000, "netIncomeFromContinuingOps": 119019800000, "discontinuedOperations": {}, "extraordinaryItems": {}, "effectOfAccountingCharges": {}, "otherItems": {}, "netIncome": 116002300000, "netIncomeApplicableToCommonShares": 116002300000}, {"maxAge": 1, "endDate": "2019-03-31", "totalRevenue": 1002865400000, "costOfRevenue": 597204900000, "grossProfit": 405660500000, "researchDevelopment": {}, "sellingGeneralAdministrative": 59924900000, "nonRecurring": {}, "otherOperatingExpenses": 76613900000, "totalOperatingExpenses": 820438700000, "operatingIncome": 182426700000, "totalOtherIncomeExpenseNet": -69881200000, "ebit": 182426700000, "interestExpense": -55755800000, "incomeBeforeTax": 112545500000, "incomeTaxExpense": -27799400000, "minorityInterest": 29082000000, "netIncomeFromContinuingOps": 140344900000, "discontinuedOperations": {}, "extraordinaryItems": {}, "effectOfAccountingCharges": {}, "otherItems": {}, "netIncome": 137366800000, "netIncomeApplicableToCommonShares": 137366800000}, {"maxAge": 1, "endDate": "2018-03-31", "totalRevenue": 880833100000, "costOfRevenue": 533387200000, "grossProfit": 347445900000, "researchDevelopment": {}, "sellingGeneralAdministrative": 48429900000, "nonRecurring": {}, "otherOperatingExpenses": 64487900000, "totalOperatingExpenses": 720970100000, "operatingIncome": 159863000000, "totalOtherIncomeExpenseNet": 1681400000, "ebit": 159863000000, "interestExpense": -44132700000, "incomeBeforeTax": 161544400000, "incomeTaxExpense": 56529400000, "minorityInterest": 9477700000, "netIncomeFromContinuingOps": 105015000000, "discontinuedOperations": {}, "extraordinaryItems": {}, "effectOfAccountingCharges": {}, "otherItems": {}, "netIncome": 105439500000, "netIncomeApplicableToCommonShares": 105439500000}, {"maxAge": 1, "endDate": "2017-03-31", "totalRevenue": 820424900000, "costOfRevenue": 533616100000, "grossProfit": 286808800000, "researchDevelopment": {}, "sellingGeneralAdministrative": 44474600000, "nonRecurring": {}, "otherOperatingExpenses": 26381700000, "totalOperatingExpenses": 665684600000, "operatingIncome": 154740300000, "totalOtherIncomeExpenseNet": -17849900000, "ebit": 154740300000, "interestExpense": -37107500000, "incomeBeforeTax": 136890400000, "incomeTaxExpense": 29751000000, "minorityInterest": 8032600000, "netIncomeFromContinuingOps": 107139400000, "discontinuedOperations": {}, "extraordinaryItems": {}, "effectOfAccountingCharges": {}, "otherItems": {}, "netIncome": 107196400000, "netIncomeApplicableToCommonShares": 107196400000}], "maxAge": 86400}, "fundOwnership": {"maxAge": 1, "ownershipList": [{"maxAge": 1, "reportDate": "2021-01-31", "organization": "Price (T.Rowe) International Stock Fund", "pctHeld": 0.0108, "position": 104946964, "value": 9335032447}, {"maxAge": 1, "reportDate": "2020-12-31", "organization": "Price (T.Rowe) International Growth Equity Trust", "pctHeld": 0.0054, "position": 52706363, "value": 5236377164}, {"maxAge": 1, "reportDate": "2021-01-31", "organization": "Vanguard International Stock Index-Emerging Markets Stk", "pctHeld": 0.0047, "position": 45743223, "value": 4068859685}, {"maxAge": 1, "reportDate": "2021-01-31", "organization": "Vanguard International Stock Index-Total Intl Stock Indx", "pctHeld": 0.0046, "position": 44712183, "value": 3977148677}, {"maxAge": 1, "reportDate": "2021-03-31", "organization": "iShares Core MSCI Emerging Markets ETF", "pctHeld": 0.004, "position": 38877200, "value": 4142365660}, {"maxAge": 1, "reportDate": "2021-02-28", "organization": "Fidelity Series Emerging Markets Opportunities Fund", "pctHeld": 0.004, "position": 38628945, "value": 4144885798}, {"maxAge": 1, "reportDate": "2021-03-31", "organization": "iShares MSCI India ETF", "pctHeld": 0.0032, "position": 31187091, "value": 3322984546}, {"maxAge": 1, "reportDate": "2021-03-31", "organization": "iShares MSCI Emerging Markets ETF", "pctHeld": 0.0017, "position": 16800321, "value": 1790074202}, {"maxAge": 1, "reportDate": "2021-02-28", "organization": "WisdomTree Tr-WisdomTree India Earnings Fd", "pctHeld": 0.0011, "position": 10658644, "value": 1143672501}, {"maxAge": 1, "reportDate": "2021-01-31", "organization": "Vanguard Intl Equity Index Fds-FTSE All World ex U.S. Index Fund", "pctHeld": 0.00059999997, "position": 6183756, "value": 550045096}]}, "summaryDetail": {"maxAge": 1, "priceHint": 2, "previousClose": 103.05, "open": 102.25, "dayLow": 102.05, "dayHigh": 105.65, "regularMarketPreviousClose": 103.05, "regularMarketOpen": 102.25, "regularMarketDayLow": 102.05, "regularMarketDayHigh": 105.65, "dividendRate": 5.65, "dividendYield": 0.0548, "exDividendDate": "2021-02-11 05:30:00", "payoutRatio": 0.4155, "fiveYearAvgDividendYield": 3.25, "beta": 0.441297, "trailingPE": 8.716182, "forwardPE": 6.5505114, "volume": 15313892, "regularMarketVolume": 15313892, "averageVolume": 26717145, "averageVolume10days": 18900320, "averageDailyVolume10Day": 18900320, "bid": 0.0, "ask": 0.0, "bidSize": 0, "askSize": 0, "marketCap": 992941309952, "fiftyTwoWeekLow": 78.1, "fiftyTwoWeekHigh": 114.7, "priceToSalesTrailing12Months": 0.88798934, "fiftyDayAverage": 104.327774, "twoHundredDayAverage": 98.30724, "trailingAnnualDividendRate": 5.65, "trailingAnnualDividendYield": 0.054827753, "currency": "INR", "fromCurrency": null, "toCurrency": null, "lastMarket": null, "algorithm": null, "tradeable": false}, "insiderHolders": {"holders": [{"maxAge": 1, "name": "Pandey (S C)", "relation": "Director (Executive)", "url": "", "transactionDescription": "Acquisition", "latestTransDate": "2013-10-01", "positionDirect": 2304, "positionDirectDate": "2013-10-01"}, {"maxAge": 1, "name": "Pani (Umesh Prasad)", "relation": "Director (Executive)", "url": "", "transactionDescription": "Acquisition", "latestTransDate": "2013-03-01", "positionDirect": 922, "positionDirectDate": "2013-03-01"}, {"maxAge": 1, "name": "President of India", "relation": "Promoter", "url": "", "transactionDescription": "Sale", "latestTransDate": "2020-02-03", "positionDirect": 5048097508, "positionDirectDate": "2020-02-03"}], "maxAge": 1}, "calendarEvents": {"maxAge": 1, "earnings": {"earningsDate": ["2021-06-25 05:30:S", "2021-06-29 05:30:S"], "revenueAverage": 224516000000, "revenueLow": 224516000000, "revenueHigh": 224516000000}, "exDividendDate": "2021-02-11 05:30:00"}, "price": {"maxAge": 1, "regularMarketChangePercent": -0.0058224755, "regularMarketChange": -0.6000061, "regularMarketTime": "2021-04-30 15:30:01", "priceHint": 2, "regularMarketPrice": 102.45, "regularMarketDayHigh": 105.65, "regularMarketDayLow": 102.05, "regularMarketVolume": 15313892, "averageDailyVolume10Day": 18900320, "averageDailyVolume3Month": 26717145, "regularMarketPreviousClose": 103.05, "regularMarketSource": "FREE_REALTIME", "regularMarketOpen": 102.25, "exchange": "NSI", "exchangeName": "NSE", "exchangeDataDelayedBy": 15, "marketState": "CLOSED", "quoteType": "EQUITY", "symbol": "NTPC.NS", "underlyingSymbol": null, "shortName": "NTPC LTD", "longName": "NTPC Limited", "currency": "INR", "quoteSourceName": "Delayed Quote", "currencySymbol": "\u20b9", "fromCurrency": null, "toCurrency": null, "lastMarket": null, "marketCap": 992941309952}, "balanceSheetHistory": {"balanceSheetStatements": [{"maxAge": 1, "endDate": "2020-03-31", "cash": 5895200000, "shortTermInvestments": 10759100000, "netReceivables": 378532700000, "inventory": 111385400000, "otherCurrentAssets": 62486300000, "totalCurrentAssets": 569058700000, "longTermInvestments": 93065900000, "propertyPlantEquipment": 2853874000000, "intangibleAssets": 9238600000, "otherAssets": 248634100000, "totalAssets": 3773871300000, "accountsPayable": 101085800000, "shortLongTermDebt": 79352200000, "otherCurrentLiab": 239106100000, "longTermDebt": 1752826100000, "otherLiab": 148726600000, "deferredLongTermLiab": 93977300000, "minorityInterest": 33171900000, "totalCurrentLiabilities": 643381000000, "totalLiab": 2552307800000, "commonStock": 98945600000, "retainedEarnings": 1041105700000, "treasuryStock": 26055700000, "capitalSurplus": 22284600000, "otherStockholderEquity": 26055700000, "totalStockholderEquity": 1188391600000, "netTangibleAssets": 1179153000000}, {"maxAge": 1, "endDate": "2019-03-31", "cash": 3237400000, "shortTermInvestments": 9806800000, "netReceivables": 256696700000, "inventory": 82516200000, "otherCurrentAssets": 130206700000, "totalCurrentAssets": 482463800000, "longTermInvestments": 81323100000, "propertyPlantEquipment": 2685536500000, "intangibleAssets": 8277400000, "otherAssets": 209010800000, "totalAssets": 3466611600000, "accountsPayable": 86143200000, "shortLongTermDebt": 85895700000, "otherCurrentLiab": 353676200000, "longTermDebt": 1469134000000, "otherLiab": 106804900000, "deferredLongTermLiab": 36280300000, "minorityInterest": 29082000000, "totalCurrentLiabilities": 746525500000, "totalLiab": 2323967500000, "commonStock": 98945600000, "retainedEarnings": 957399800000, "treasuryStock": 34932100000, "capitalSurplus": 22284600000, "otherStockholderEquity": 34932100000, "totalStockholderEquity": 1113562100000, "netTangibleAssets": 1105284700000}, {"maxAge": 1, "endDate": "2018-03-31", "cash": 3831100000, "shortTermInvestments": 9477300000, "netReceivables": 199578200000, "inventory": 61402900000, "otherCurrentAssets": 118407200000, "totalCurrentAssets": 392696700000, "longTermInvestments": 88756100000, "propertyPlantEquipment": 2108304000000, "intangibleAssets": 8011200000, "otherAssets": 225848700000, "totalAssets": 2823616700000, "accountsPayable": 67075500000, "shortLongTermDebt": 65581100000, "otherCurrentLiab": 201256700000, "longTermDebt": 1166257300000, "otherLiab": 154246400000, "deferredLongTermLiab": 87394000000, "minorityInterest": 9477700000, "totalCurrentLiabilities": 456499800000, "totalLiab": 1778504300000, "commonStock": 82454600000, "retainedEarnings": 857672000000, "treasuryStock": 73223500000, "capitalSurplus": 22284600000, "otherStockholderEquity": 73223500000, "totalStockholderEquity": 1035634700000, "netTangibleAssets": 1027623500000}, {"maxAge": 1, "endDate": "2017-03-31", "cash": 3638300000, "shortTermInvestments": 4918900000, "netReceivables": 176317100000, "inventory": 65861300000, "otherCurrentAssets": 49355300000, "totalCurrentAssets": 300090900000, "longTermInvestments": 76139200000, "propertyPlantEquipment": 1906996200000, "intangibleAssets": 7277500000, "otherAssets": 194469800000, "totalAssets": 2484973600000, "accountsPayable": 55727000000, "shortLongTermDebt": 65603900000, "otherCurrentLiab": 187255000000, "longTermDebt": 1039482500000, "otherLiab": 72305300000, "deferredLongTermLiab": 5228300000, "minorityInterest": 8032600000, "totalCurrentLiabilities": 385504300000, "totalLiab": 1498560800000, "commonStock": 82454600000, "retainedEarnings": 813412500000, "treasuryStock": 60228500000, "capitalSurplus": 22284600000, "otherStockholderEquity": 60228500000, "totalStockholderEquity": 978380200000, "netTangibleAssets": 971102700000}], "maxAge": 86400}, "earningsTrend": {"trend": [{"maxAge": 1, "period": "0q", "endDate": "2018-12-31", "growth": {}, "earningsEstimate": {"avg": 0.0, "low": 0.0, "high": 0.0, "yearAgoEps": 2.86, "numberOfAnalysts": 0, "growth": {}}, "revenueEstimate": {"avg": 224516000000, "low": 224516000000, "high": 224516000000, "numberOfAnalysts": 1, "yearAgoRevenue": 207744000000, "growth": 0.081}, "epsTrend": {"current": 0.0, "7daysAgo": 3.18, "30daysAgo": 3.18, "60daysAgo": 3.18, "90daysAgo": 3.18}, "epsRevisions": {"upLast7days": 0, "upLast30days": 0, "downLast30days": 0, "downLast90days": {}}}, {"maxAge": 1, "period": "+1q", "endDate": "2019-03-31", "growth": {}, "earningsEstimate": {"avg": 0.0, "low": 0.0, "high": 0.0, "yearAgoEps": 3.54, "numberOfAnalysts": 0, "growth": {}}, "revenueEstimate": {"avg": 191167000000, "low": 191167000000, "high": 191167000000, "numberOfAnalysts": 1, "yearAgoRevenue": 231003000000, "growth": -0.172}, "epsTrend": {"current": 0.0, "7daysAgo": 3.31, "30daysAgo": 3.31, "60daysAgo": 3.31, "90daysAgo": 3.31}, "epsRevisions": {"upLast7days": 0, "upLast30days": 0, "downLast30days": 0, "downLast90days": {}}}, {"maxAge": 1, "period": "0y", "endDate": "2019-03-31", "growth": {}, "earningsEstimate": {"avg": 0.0, "low": 0.0, "high": 0.0, "yearAgoEps": {}, "numberOfAnalysts": 0, "growth": {}}, "revenueEstimate": {"avg": 972535000000, "low": 921739000000, "high": 1122920000000, "numberOfAnalysts": 14, "yearAgoRevenue": 834527000000, "growth": 0.165}, "epsTrend": {"current": 0.0, "7daysAgo": 13.73, "30daysAgo": 13.73, "60daysAgo": 13.73, "90daysAgo": 13.73}, "epsRevisions": {"upLast7days": 0, "upLast30days": 0, "downLast30days": 0, "downLast90days": {}}}, {"maxAge": 1, "period": "+1y", "endDate": "2020-03-31", "growth": {}, "earningsEstimate": {"avg": 0.0, "low": 0.0, "high": 0.0, "yearAgoEps": {}, "numberOfAnalysts": 0, "growth": {}}, "revenueEstimate": {"avg": 1092910000000, "low": 1026310000000, "high": 1263360000000, "numberOfAnalysts": 14, "yearAgoRevenue": 972535000000, "growth": 0.124}, "epsTrend": {"current": 0.0, "7daysAgo": 15.64, "30daysAgo": 15.64, "60daysAgo": 15.64, "90daysAgo": 15.64}, "epsRevisions": {"upLast7days": 0, "upLast30days": 1, "downLast30days": 0, "downLast90days": {}}}, {"maxAge": 1, "period": "+5y", "endDate": null, "growth": 0.1073, "earningsEstimate": {"avg": {}, "low": {}, "high": {}, "yearAgoEps": {}, "numberOfAnalysts": {}, "growth": {}}, "revenueEstimate": {"avg": {}, "low": {}, "high": {}, "numberOfAnalysts": {}, "yearAgoRevenue": {}, "growth": {}}, "epsTrend": {"current": {}, "7daysAgo": {}, "30daysAgo": {}, "60daysAgo": {}, "90daysAgo": {}}, "epsRevisions": {"upLast7days": {}, "upLast30days": {}, "downLast30days": {}, "downLast90days": {}}}, {"maxAge": 1, "period": "-5y", "endDate": null, "growth": {}, "earningsEstimate": {"avg": {}, "low": {}, "high": {}, "yearAgoEps": {}, "numberOfAnalysts": {}, "growth": {}}, "revenueEstimate": {"avg": {}, "low": {}, "high": {}, "numberOfAnalysts": {}, "yearAgoRevenue": {}, "growth": {}}, "epsTrend": {"current": {}, "7daysAgo": {}, "30daysAgo": {}, "60daysAgo": {}, "90daysAgo": {}}, "epsRevisions": {"upLast7days": {}, "upLast30days": {}, "downLast30days": {}, "downLast90days": {}}}], "maxAge": 1}, "institutionOwnership": {"maxAge": 1, "ownershipList": []}, "majorHoldersBreakdown": {"maxAge": 1, "insidersPercentHeld": 0.51113, "institutionsPercentHeld": 0.46210998, "institutionsFloatPercentHeld": 0.94526, "institutionsCount": 157}, "balanceSheetHistoryQuarterly": {"balanceSheetStatements": [{"maxAge": 1, "endDate": "2020-12-31", "totalStockholderEquity": 1224573600000, "netTangibleAssets": 1213789300000}, {"maxAge": 1, "endDate": "2020-09-30", "cash": 76358400000, "shortTermInvestments": 138634300000, "netReceivables": 318503000000, "inventory": 96580800000, "otherCurrentAssets": 84971400000, "totalCurrentAssets": 715047900000, "longTermInvestments": 108436400000, "propertyPlantEquipment": 2878818800000, "intangibleAssets": 10784300000, "otherAssets": 256445800000, "totalAssets": 3969533200000, "accountsPayable": 105199400000, "otherCurrentLiab": 486402900000, "longTermDebt": 1775402000000, "otherLiab": 147538200000, "deferredLongTermLiab": 108964100000, "minorityInterest": 33832000000, "totalCurrentLiabilities": 788187400000, "totalLiab": 2711127600000, "commonStock": 98945600000, "treasuryStock": 1125628000000, "otherStockholderEquity": 1125628000000, "totalStockholderEquity": 1224573600000, "netTangibleAssets": 1213789300000}, {"maxAge": 1, "endDate": "2020-06-30", "totalStockholderEquity": 1188391600000, "netTangibleAssets": 1179153000000}, {"maxAge": 1, "endDate": "2020-03-31", "cash": 5895200000, "shortTermInvestments": 10759100000, "netReceivables": 378532700000, "inventory": 111385400000, "otherCurrentAssets": 62486300000, "totalCurrentAssets": 569058700000, "longTermInvestments": 93065900000, "propertyPlantEquipment": 2853874000000, "intangibleAssets": 9238600000, "otherAssets": 248634100000, "totalAssets": 3773871300000, "accountsPayable": 101085800000, "shortLongTermDebt": 79352200000, "otherCurrentLiab": 239106100000, "longTermDebt": 1752826100000, "otherLiab": 148726600000, "deferredLongTermLiab": 93977300000, "minorityInterest": 33171900000, "totalCurrentLiabilities": 643381000000, "totalLiab": 2552307800000, "commonStock": 98945600000, "retainedEarnings": 1041105700000, "treasuryStock": 26055700000, "capitalSurplus": 22284600000, "otherStockholderEquity": 26055700000, "totalStockholderEquity": 1188391600000, "netTangibleAssets": 1179153000000}], "maxAge": 86400}, "earningsHistory": {"history": [{"maxAge": 1, "epsActual": 2.86, "epsEstimate": 3.29, "epsDifference": -0.43, "surprisePercent": -0.131, "quarter": "2017-12-31", "period": "-4q"}, {"maxAge": 1, "epsActual": 3.54, "epsEstimate": 3.14, "epsDifference": 0.4, "surprisePercent": 0.127, "quarter": "2018-03-31", "period": "-3q"}, {"maxAge": 1, "epsActual": 3.14, "epsEstimate": 3.32, "epsDifference": -0.18, "surprisePercent": -0.054, "quarter": "2018-06-30", "period": "-2q"}, {"maxAge": 1, "epsActual": 2.94, "epsEstimate": 3.23, "epsDifference": -0.29, "surprisePercent": -0.09, "quarter": "2018-09-30", "period": "-1q"}], "maxAge": 86400}, "esgScores": {"maxAge": 86400, "totalEsg": 42.66, "environmentScore": 22.68, "socialScore": 12.4, "governanceScore": 7.58, "ratingYear": 2021, "ratingMonth": 3, "highestControversy": 4.0, "peerCount": 107, "esgPerformance": "LEAD_PERF", "peerGroup": "Utilities", "relatedControversy": ["Employee Incidents"], "peerEsgScorePerformance": {"min": 9.36, "avg": 31.41775700934581, "max": 67.39}, "peerGovernancePerformance": {"min": 3.77, "avg": 6.713106796116505, "max": 10.58}, "peerSocialPerformance": {"min": 2.88, "avg": 10.809708737864078, "max": 29.63}, "peerEnvironmentPerformance": {"min": 1.82, "avg": 13.915436893203884, "max": 28.88}, "peerHighestControversyPerformance": {"min": 0.0, "avg": 1.8130841121495327, "max": 5.0}, "percentile": 89.15, "environmentPercentile": null, "socialPercentile": null, "governancePercentile": null, "adult": false, "alcoholic": false, "animalTesting": false, "catholic": false, "controversialWeapons": false, "smallArms": false, "furLeather": false, "gambling": false, "gmo": false, "militaryContract": false, "nuclear": false, "pesticides": false, "palmOil": false, "coal": true, "tobacco": false}, "summaryProfile": {"address1": "NTPC Bhawan", "address2": "SCOPE Complex 7, Institutional Area Lodhi Road", "city": "New Delhi", "zip": "110003", "country": "India", "phone": "91 11 2438 7333", "fax": "91 11 2436 1018", "website": "http://www.ntpc.co.in", "industry": "Utilities\u2014Independent Power Producers", "sector": "Utilities", "longBusinessSummary": "NTPC Limited generates and sells bulk power to state power utilities in India. It operates in two segments, Generation of Energy and Others. The company generates power from coal, gas, liquid fuel, hydro, solar, nuclear, wind, thermal, and renewable energy sources. It also offers consultancy, project management, and supervision services. In addition, the company is involved in the energy trading, oil and gas exploration, and coal mining activities. As of February 20, 2021, it had an installed power generation capacity of 64,880 megawatt. NTPC Limited was founded in 1975 and is based in New Delhi, India.", "fullTimeEmployees": 19165, "companyOfficers": [], "maxAge": 86400}, "netSharePurchaseActivity": {"maxAge": 1, "period": "6m", "buyInfoCount": 0, "buyInfoShares": 0, "sellInfoCount": 0, "netInfoCount": 0, "netInfoShares": 0, "netPercentInsiderShares": 0.0, "totalInsiderShares": 5052888576}, "insiderTransactions": {"transactions": [{"maxAge": 1, "shares": 308748936, "filerUrl": "", "transactionText": "", "filerName": "President of India", "filerRelation": "Promoter", "moneyText": "", "startDate": "2020-02-03", "ownership": "D"}, {"maxAge": 1, "shares": 36073713, "filerUrl": "", "transactionText": "", "filerName": "President of India", "filerRelation": "Promoter", "moneyText": "", "startDate": "2019-10-10", "ownership": "D"}, {"maxAge": 1, "shares": 769472654, "filerUrl": "", "transactionText": "", "filerName": "President of India", "filerRelation": "Promoter", "moneyText": "", "startDate": "2019-07-24", "ownership": "D"}, {"maxAge": 1, "shares": 235797603, "filerUrl": "", "transactionText": "", "filerName": "President of India", "filerRelation": "Promoter", "moneyText": "", "startDate": "2019-03-26", "ownership": "D"}, {"maxAge": 1, "shares": 234012589, "filerUrl": "", "transactionText": "", "filerName": "President of India", "filerRelation": "Promoter", "moneyText": "", "startDate": "2018-12-04", "ownership": "D"}, {"maxAge": 1, "shares": 41567567, "filerUrl": "", "transactionText": "", "filerName": "President of India", "filerRelation": "Promoter", "moneyText": "", "startDate": "2018-06-22", "ownership": "D"}, {"maxAge": 1, "shares": 59313616, "filerUrl": "", "transactionText": "", "filerName": "President of India", "filerRelation": "Promoter", "moneyText": "", "startDate": "2017-11-21", "ownership": "D"}, {"maxAge": 1, "shares": 9469848, "filerUrl": "", "transactionText": "", "filerName": "President of India", "filerRelation": "Promoter", "moneyText": "", "startDate": "2017-09-19", "ownership": "D"}, {"maxAge": 1, "shares": 547150444, "filerUrl": "", "transactionText": "", "filerName": "President of India", "filerRelation": "Promoter", "moneyText": "", "startDate": "2017-08-30", "ownership": "D"}, {"maxAge": 1, "shares": 17582590, "filerUrl": "", "transactionText": "", "filerName": "President of India", "filerRelation": "Promoter", "moneyText": "", "startDate": "2016-07-13", "ownership": "D"}, {"maxAge": 1, "shares": 82454644, "filerUrl": "", "transactionText": "", "filerName": "President of India", "filerRelation": "Promoter", "moneyText": "", "startDate": "2016-02-24", "ownership": "D"}, {"maxAge": 1, "shares": 329818576, "filerUrl": "", "transactionText": "", "filerName": "President of India", "filerRelation": "Promoter", "moneyText": "", "startDate": "2016-02-23", "ownership": "D"}, {"maxAge": 1, "shares": 3483320, "filerUrl": "", "transactionText": "", "filerName": "President of India", "filerRelation": "Promoter", "moneyText": "", "startDate": "2014-06-05", "ownership": "D"}, {"maxAge": 1, "shares": 2304, "filerUrl": "", "transactionText": "", "filerName": "Pandey (S C)", "filerRelation": "Director (Executive)", "moneyText": "", "startDate": "2013-10-01", "ownership": "D"}, {"maxAge": 1, "shares": 922, "filerUrl": "", "transactionText": "", "filerName": "Pani (Umesh Prasad)", "filerRelation": "Director (Executive)", "moneyText": "", "startDate": "2013-03-01", "ownership": "D"}, {"maxAge": 1, "shares": 783262880, "filerUrl": "", "transactionText": "", "filerName": "President of India", "filerRelation": "Promoter", "moneyText": "", "startDate": "2013-02-07", "ownership": "D"}], "maxAge": 1}, "sectorTrend": {"maxAge": 1, "symbol": null, "estimates": []}, "incomeStatementHistoryQuarterly": {"incomeStatementHistory": [{"maxAge": 1, "endDate": "2020-12-31", "totalRevenue": 275260300000, "costOfRevenue": 145628400000, "grossProfit": 129631900000, "researchDevelopment": {}, "sellingGeneralAdministrative": 15548800000, "nonRecurring": {}, "otherOperatingExpenses": 26674500000, "totalOperatingExpenses": 218267700000, "operatingIncome": 56992600000, "totalOtherIncomeExpenseNet": -4688500000, "ebit": 56992600000, "interestExpense": -24565400000, "incomeBeforeTax": 52304100000, "incomeTaxExpense": 13540500000, "minorityInterest": {}, "netIncomeFromContinuingOps": 38763600000, "discontinuedOperations": {}, "extraordinaryItems": {}, "effectOfAccountingCharges": {}, "otherItems": {}, "netIncome": 37664600000, "netIncomeApplicableToCommonShares": 37664600000}, {"maxAge": 1, "endDate": "2020-09-30", "totalRevenue": 277077600000, "costOfRevenue": 149283300000, "grossProfit": 127794300000, "researchDevelopment": {}, "sellingGeneralAdministrative": 16118700000, "nonRecurring": {}, "otherOperatingExpenses": 26552800000, "totalOperatingExpenses": 222103100000, "operatingIncome": 54974500000, "totalOtherIncomeExpenseNet": -13622800000, "ebit": 54974500000, "interestExpense": -22193700000, "incomeBeforeTax": 41351700000, "incomeTaxExpense": 6405600000, "minorityInterest": 33832000000, "netIncomeFromContinuingOps": 34946100000, "discontinuedOperations": {}, "extraordinaryItems": {}, "effectOfAccountingCharges": {}, "otherItems": {}, "netIncome": 34359900000, "netIncomeApplicableToCommonShares": 34359900000}, {"maxAge": 1, "endDate": "2020-06-30", "totalRevenue": 261947600000, "costOfRevenue": 134729200000, "grossProfit": 127218400000, "researchDevelopment": {}, "sellingGeneralAdministrative": 15366800000, "nonRecurring": {}, "otherOperatingExpenses": 22375500000, "totalOperatingExpenses": 201837900000, "operatingIncome": 60109700000, "totalOtherIncomeExpenseNet": -16754500000, "ebit": 60109700000, "interestExpense": -24652500000, "incomeBeforeTax": 43355200000, "incomeTaxExpense": 13865800000, "minorityInterest": 33832000000, "netIncomeFromContinuingOps": 29489400000, "discontinuedOperations": {}, "extraordinaryItems": {}, "effectOfAccountingCharges": {}, "otherItems": {}, "netIncome": 28903900000, "netIncomeApplicableToCommonShares": 28903900000}, {"maxAge": 1, "endDate": "2020-03-31", "totalRevenue": 336608400000, "costOfRevenue": 177706900000, "grossProfit": 158901500000, "researchDevelopment": {}, "sellingGeneralAdministrative": 23893200000, "nonRecurring": {}, "otherOperatingExpenses": 20343800000, "totalOperatingExpenses": 255309900000, "operatingIncome": 81298500000, "totalOtherIncomeExpenseNet": -5847400000, "ebit": 81298500000, "interestExpense": -25476500000, "incomeBeforeTax": 75451100000, "incomeTaxExpense": 50900600000, "minorityInterest": 33171900000, "netIncomeFromContinuingOps": 24550500000, "discontinuedOperations": {}, "extraordinaryItems": {}, "effectOfAccountingCharges": {}, "otherItems": {}, "netIncome": 21832100000, "netIncomeApplicableToCommonShares": 21832100000}], "maxAge": 86400}, "cashflowStatementHistoryQuarterly": {"cashflowStatements": [{"maxAge": 1, "endDate": "2020-12-31", "netIncome": 37664600000, "changeToLiabilities": 0}, {"maxAge": 1, "endDate": "2020-09-30", "netIncome": 34359900000, "changeToLiabilities": 0}, {"maxAge": 1, "endDate": "2020-06-30", "netIncome": 28903900000, "changeToLiabilities": 0}, {"maxAge": 1, "endDate": "2020-03-31", "netIncome": 21832100000, "changeToLiabilities": 0}], "maxAge": 86400}, "earnings": {"maxAge": 86400, "earningsChart": {"quarterly": [{"date": "4Q2017", "actual": 2.86, "estimate": 3.29}, {"date": "1Q2018", "actual": 3.54, "estimate": 3.14}, {"date": "2Q2018", "actual": 3.14, "estimate": 3.32}, {"date": "3Q2018", "actual": 2.94, "estimate": 3.23}], "currentQuarterEstimateDate": "4Q", "currentQuarterEstimateYear": 2018, "earningsDate": ["2021-06-25 05:30:S", "2021-06-29 05:30:S"]}, "financialsChart": {"yearly": [{"date": 2017, "revenue": 820424900000, "earnings": 107196400000}, {"date": 2018, "revenue": 880833100000, "earnings": 105439500000}, {"date": 2019, "revenue": 1002865400000, "earnings": 137366800000}, {"date": 2020, "revenue": 1094640400000, "earnings": 116002300000}], "quarterly": [{"date": "1Q2020", "revenue": 336608400000, "earnings": 21832100000}, {"date": "2Q2020", "revenue": 261947600000, "earnings": 28903900000}, {"date": "3Q2020", "revenue": 277077600000, "earnings": 34359900000}, {"date": "4Q2020", "revenue": 275260300000, "earnings": 37664600000}]}, "financialCurrency": "INR"}, "financialData": {"maxAge": 86400, "currentPrice": 102.45, "targetHighPrice": 210.0, "targetLowPrice": 160.0, "targetMeanPrice": 191.33, "targetMedianPrice": 191.0, "recommendationKey": "none", "numberOfAnalystOpinions": 27, "totalCash": 214992699392, "totalCashPerShare": 21.748, "ebitda": 354387460096, "totalDebt": 1971987152896, "totalRevenue": 1118190567424, "debtToEquity": 156.705, "revenuePerShare": 113.031, "grossProfits": 470794800000, "earningsGrowth": 0.187, "revenueGrowth": 0.083, "grossMargins": 0.46137002, "ebitdaMargins": 0.31693, "operatingMargins": 0.21783, "profitMargins": 0.10399, "financialCurrency": "INR"}}}