{"NTPC.BO": {"cashflowStatementHistory": {"cashflowStatements": [{"maxAge": 1, "endDate": "2020-03-31", "netIncome": 116002300000, "depreciation": 103268300000, "changeToNetincome": 89466300000, "changeToAccountReceivables": -80924600000, "changeToLiabilities": 15241200000, "changeToInventory": -23096800000, "changeToOperatingActivities": 25582200000, "totalCashFromOperatingActivities": 245832200000, "capitalExpenditures": -182304400000, "investments": -7890700000, "otherCashflowsFromInvestingActivities": 299100000, "totalCashflowsFromInvestingActivities": -303216700000, "dividendsPaid": -31333700000, "netBorrowings": 231785000000, "otherCashflowsFromFinancingActivities": -140408700000, "totalCashFromFinancingActivities": 60042600000, "effectOfExchangeRate": -300000, "changeInCash": 2657800000}, {"maxAge": 1, "endDate": "2019-03-31", "netIncome": 137366800000, "depreciation": 86593100000, "changeToNetincome": 37680800000, "changeToAccountReceivables": -19067900000, "changeToLiabilities": 5024200000, "changeToInventory": -16654100000, "changeToOperatingActivities": -44183600000, "totalCashFromOperatingActivities": 186856500000, "capitalExpenditures": -216069000000, "investments": 12837200000, "otherCashflowsFromInvestingActivities": 159100000, "totalCashflowsFromInvestingActivities": -240632700000, "dividendsPaid": -54606700000, "netBorrowings": 230719900000, "otherCashflowsFromFinancingActivities": -126845700000, "totalCashFromFinancingActivities": 49267500000, "effectOfExchangeRate": -100000, "changeInCash": -4508800000}, {"maxAge": 1, "endDate": "2018-03-31", "netIncome": 105439500000, "depreciation": 74560800000, "changeToNetincome": 74848400000, "changeToAccountReceivables": 1858500000, "changeToLiabilities": 20848300000, "changeToInventory": 8127200000, "changeToOperatingActivities": -89062600000, "totalCashFromOperatingActivities": 196696100000, "capitalExpenditures": -187662800000, "investments": -22241100000, "otherCashflowsFromInvestingActivities": 3033400000, "totalCashflowsFromInvestingActivities": -206781100000, "dividendsPaid": -40402800000, "netBorrowings": 145058800000, "otherCashflowsFromFinancingActivities": -94378200000, "totalCashFromFinancingActivities": 10277800000, "effectOfExchangeRate": -100000, "changeInCash": 192800000}, {"maxAge": 1, "endDate": "2017-03-31", "netIncome": 107196400000, "depreciation": 60026100000, "changeToNetincome": 36435500000, "changeToAccountReceivables": -6395100000, "changeToLiabilities": 6570500000, "changeToInventory": 8041800000, "changeToOperatingActivities": -10289900000, "totalCashFromOperatingActivities": 201665600000, "capitalExpenditures": -243998600000, "investments": -4229100000, "otherCashflowsFromInvestingActivities": 2706900000, "totalCashflowsFromInvestingActivities": -244800700000, "dividendsPaid": -35950300000, "netBorrowings": 150332000000, "otherCashflowsFromFinancingActivities": -83002100000, "totalCashFromFinancingActivities": 31379600000, "effectOfExchangeRate": -600000, "changeInCash": -11756100000}], "maxAge": 86400}, "institutionOwnership": {"ownershipList": [], "maxAge": 1}, "balanceSheetHistoryQuarterly": {"balanceSheetStatements": [{"maxAge": 1, "endDate": "2020-06-30", "totalStockholderEquity": 1188391600000, "netTangibleAssets": 1179153000000}, {"maxAge": 1, "endDate": "2020-03-31", "cash": 5895200000, "shortTermInvestments": 10759100000, "netReceivables": 378532700000, "inventory": 111385400000, "otherCurrentAssets": 62486300000, "totalCurrentAssets": 569058700000, "longTermInvestments": 93065900000, "propertyPlantEquipment": 2853874000000, "intangibleAssets": 9238600000, "otherAssets": 248634100000, "totalAssets": 3773871300000, "accountsPayable": 101085800000, "shortLongTermDebt": 79352200000, "otherCurrentLiab": 239106100000, "longTermDebt": 1752826100000, "otherLiab": 148726600000, "deferredLongTermLiab": 93977300000, "minorityInterest": 33171900000, "totalCurrentLiabilities": 643381000000, "totalLiab": 2552307800000, "commonStock": 98945600000, "retainedEarnings": 1041105700000, "treasuryStock": 26055700000, "capitalSurplus": 22284600000, "otherStockholderEquity": 26055700000, "totalStockholderEquity": 1188391600000, "netTangibleAssets": 1179153000000}, {"maxAge": 1, "endDate": "2019-12-31", "totalStockholderEquity": 1132197100000, "netTangibleAssets": 1124609900000}, {"maxAge": 1, "endDate": "2019-09-30", "cash": 43282600000, "shortTermInvestments": 95094500000, "netReceivables": 219677900000, "inventory": 72706300000, "otherCurrentAssets": 230204600000, "totalCurrentAssets": 565871400000, "longTermInvestments": 100358000000, "propertyPlantEquipment": 2510769700000, "intangibleAssets": 7587200000, "otherAssets": 195821200000, "totalAssets": 3380407500000, "accountsPayable": 104863200000, "otherCurrentLiab": 357827500000, "longTermDebt": 1499634300000, "otherLiab": 100677800000, "deferredLongTermLiab": 50296400000, "minorityInterest": 7784200000, "totalCurrentLiabilities": 640114100000, "totalLiab": 2240426200000, "commonStock": 98945600000, "treasuryStock": 1033251500000, "otherStockholderEquity": 1033251500000, "totalStockholderEquity": 1132197100000, "netTangibleAssets": 1124609900000}], "maxAge": 86400}, "indexTrend": {"maxAge": 1, "symbol": "SP5", "peRatio": 19.7411, "pegRatio": 1.34172, "estimates": [{"period": "0q", "growth": 0.549}, {"period": "+1q", "growth": 0.431}, {"period": "0y", "growth": 0.305}, {"period": "+1y", "growth": 0.109}, {"period": "+5y", "growth": 0.120865}, {"period": "-5y"}]}, "esgScores": {"maxAge": 86400, "totalEsg": 42.66, "environmentScore": 22.68, "socialScore": 12.4, "governanceScore": 7.58, "ratingYear": 2020, "ratingMonth": 10, "highestControversy": 4.0, "esgPerformance": null, "peerCount": 107, "peerGroup": "Utilities", "relatedControversy": ["Employee Incidents"], "peerEsgScorePerformance": {"min": 14.33, "avg": 32.18046728971962, "max": 70.1}, "peerGovernancePerformance": {"min": 3.77, "avg": 6.942450980392156, "max": 10.24}, "peerSocialPerformance": {"min": 4.7, "avg": 11.071862745098036, "max": 30.45}, "peerEnvironmentPerformance": {"min": 2.01, "avg": 14.154019607843136, "max": 31.05}, "peerHighestControversyPerformance": {"min": 0.0, "avg": 1.841121495327103, "max": 5.0}, "percentile": 88.31, "environmentPercentile": 0.0, "socialPercentile": 0.0, "governancePercentile": 0.0, "adult": false, "alcoholic": false, "animalTesting": false, "catholic": false, "controversialWeapons": false, "smallArms": false, "furLeather": false, "gambling": false, "gmo": false, "militaryContract": false, "nuclear": false, "pesticides": false, "palmOil": false, "coal": true, "tobacco": false}, "insiderTransactions": {"transactions": [{"maxAge": 1, "shares": 308748936, "filerUrl": "", "transactionText": "", "filerName": "President of India", "filerRelation": "Promoter", "moneyText": "", "startDate": "2020-02-03", "ownership": "D"}, {"maxAge": 1, "shares": 36073713, "filerUrl": "", "transactionText": "", "filerName": "President of India", "filerRelation": "Promoter", "moneyText": "", "startDate": "2019-10-10", "ownership": "D"}, {"maxAge": 1, "shares": 769472654, "filerUrl": "", "transactionText": "", "filerName": "President of India", "filerRelation": "Promoter", "moneyText": "", "startDate": "2019-07-24", "ownership": "D"}, {"maxAge": 1, "shares": 235797603, "filerUrl": "", "transactionText": "", "filerName": "President of India", "filerRelation": "Promoter", "moneyText": "", "startDate": "2019-03-26", "ownership": "D"}, {"maxAge": 1, "shares": 234012589, "filerUrl": "", "transactionText": "", "filerName": "President of India", "filerRelation": "Promoter", "moneyText": "", "startDate": "2018-12-04", "ownership": "D"}, {"maxAge": 1, "shares": 41567567, "filerUrl": "", "transactionText": "", "filerName": "President of India", "filerRelation": "Promoter", "moneyText": "", "startDate": "2018-06-22", "ownership": "D"}, {"maxAge": 1, "shares": 59313616, "filerUrl": "", "transactionText": "", "filerName": "President of India", "filerRelation": "Promoter", "moneyText": "", "startDate": "2017-11-21", "ownership": "D"}, {"maxAge": 1, "shares": 9469848, "filerUrl": "", "transactionText": "", "filerName": "President of India", "filerRelation": "Promoter", "moneyText": "", "startDate": "2017-09-19", "ownership": "D"}, {"maxAge": 1, "shares": 547150444, "filerUrl": "", "transactionText": "", "filerName": "President of India", "filerRelation": "Promoter", "moneyText": "", "startDate": "2017-08-30", "ownership": "D"}, {"maxAge": 1, "shares": 17582590, "filerUrl": "", "transactionText": "", "filerName": "President of India", "filerRelation": "Promoter", "moneyText": "", "startDate": "2016-07-13", "ownership": "D"}, {"maxAge": 1, "shares": 82454644, "filerUrl": "", "transactionText": "", "filerName": "President of India", "filerRelation": "Promoter", "moneyText": "", "startDate": "2016-02-24", "ownership": "D"}, {"maxAge": 1, "shares": 329818576, "filerUrl": "", "transactionText": "", "filerName": "President of India", "filerRelation": "Promoter", "moneyText": "", "startDate": "2016-02-23", "ownership": "D"}, {"maxAge": 1, "shares": 3483320, "filerUrl": "", "transactionText": "", "filerName": "President of India", "filerRelation": "Promoter", "moneyText": "", "startDate": "2014-06-05", "ownership": "D"}, {"maxAge": 1, "shares": 2304, "filerUrl": "", "transactionText": "", "filerName": "Pandey (S C)", "filerRelation": "Director (Executive)", "moneyText": "", "startDate": "2013-10-01", "ownership": "D"}, {"maxAge": 1, "shares": 922, "filerUrl": "", "transactionText": "", "filerName": "Pani (Umesh Prasad)", "filerRelation": "Director (Executive)", "moneyText": "", "startDate": "2013-03-01", "ownership": "D"}, {"maxAge": 1, "shares": 783262880, "filerUrl": "", "transactionText": "", "filerName": "President of India", "filerRelation": "Promoter", "moneyText": "", "startDate": "2013-02-07", "ownership": "D"}], "maxAge": 1}, "quoteType": {"exchange": "BSE", "quoteType": "EQUITY", "symbol": "NTPC.BO", "underlyingSymbol": "NTPC.BO", "shortName": "NTPC LTD.", "longName": "NTPC Limited", "firstTradeDateEpochUtc": "2004-11-05 09:15:00", "timeZoneFullName": "Asia/Kolkata", "timeZoneShortName": "IST", "uuid": "ae5d6d97-92a8-31b5-9b13-7f215234c47e", "gmtOffSetMilliseconds": 19800000, "maxAge": 1}, "incomeStatementHistory": {"incomeStatementHistory": [{"maxAge": 1, "endDate": "2020-03-31", "totalRevenue": 1094640400000, "costOfRevenue": 623845600000, "grossProfit": 470794800000, "researchDevelopment": {}, "sellingGeneralAdministrative": 59786000000, "nonRecurring": {}, "otherOperatingExpenses": 83179400000, "totalOperatingExpenses": 870374000000, "operatingIncome": 224266400000, "totalOtherIncomeExpenseNet": -11771200000, "ebit": 224266400000, "interestExpense": -81681200000, "incomeBeforeTax": 212495200000, "incomeTaxExpense": 93475400000, "minorityInterest": 33171900000, "netIncomeFromContinuingOps": 119019800000, "discontinuedOperations": {}, "extraordinaryItems": {}, "effectOfAccountingCharges": {}, "otherItems": {}, "netIncome": 116002300000, "netIncomeApplicableToCommonShares": 116002300000}, {"maxAge": 1, "endDate": "2019-03-31", "totalRevenue": 1002865400000, "costOfRevenue": 597204900000, "grossProfit": 405660500000, "researchDevelopment": {}, "sellingGeneralAdministrative": 59924900000, "nonRecurring": {}, "otherOperatingExpenses": 76613900000, "totalOperatingExpenses": 820438700000, "operatingIncome": 182426700000, "totalOtherIncomeExpenseNet": -69881200000, "ebit": 182426700000, "interestExpense": -55755800000, "incomeBeforeTax": 112545500000, "incomeTaxExpense": -27799400000, "minorityInterest": 29082000000, "netIncomeFromContinuingOps": 140344900000, "discontinuedOperations": {}, "extraordinaryItems": {}, "effectOfAccountingCharges": {}, "otherItems": {}, "netIncome": 137366800000, "netIncomeApplicableToCommonShares": 137366800000}, {"maxAge": 1, "endDate": "2018-03-31", "totalRevenue": 880833100000, "costOfRevenue": 533387200000, "grossProfit": 347445900000, "researchDevelopment": {}, "sellingGeneralAdministrative": 48429900000, "nonRecurring": {}, "otherOperatingExpenses": 64487900000, "totalOperatingExpenses": 720970100000, "operatingIncome": 159863000000, "totalOtherIncomeExpenseNet": 1681400000, "ebit": 159863000000, "interestExpense": -44132700000, "incomeBeforeTax": 161544400000, "incomeTaxExpense": 56529400000, "minorityInterest": 9477700000, "netIncomeFromContinuingOps": 105015000000, "discontinuedOperations": {}, "extraordinaryItems": {}, "effectOfAccountingCharges": {}, "otherItems": {}, "netIncome": 105439500000, "netIncomeApplicableToCommonShares": 105439500000}, {"maxAge": 1, "endDate": "2017-03-31", "totalRevenue": 820424900000, "costOfRevenue": 533616100000, "grossProfit": 286808800000, "researchDevelopment": {}, "sellingGeneralAdministrative": 44474600000, "nonRecurring": {}, "otherOperatingExpenses": 26381700000, "totalOperatingExpenses": 665684600000, "operatingIncome": 154740300000, "totalOtherIncomeExpenseNet": -17849900000, "ebit": 154740300000, "interestExpense": -37107500000, "incomeBeforeTax": 136890400000, "incomeTaxExpense": 29751000000, "minorityInterest": 8032600000, "netIncomeFromContinuingOps": 107139400000, "discontinuedOperations": {}, "extraordinaryItems": {}, "effectOfAccountingCharges": {}, "otherItems": {}, "netIncome": 107196400000, "netIncomeApplicableToCommonShares": 107196400000}], "maxAge": 86400}, "fundOwnership": {"ownershipList": [], "maxAge": 1}, "summaryDetail": {"maxAge": 1, "priceHint": 2, "previousClose": 103.0, "open": 102.45, "dayLow": 102.0, "dayHigh": 105.6, "regularMarketPreviousClose": 103.0, "regularMarketOpen": 102.45, "regularMarketDayLow": 102.0, "regularMarketDayHigh": 105.6, "trailingPE": 8.906249, "volume": 575940, "regularMarketVolume": 575940, "averageVolume": 1541378, "averageVolume10days": 983431, "averageDailyVolume10Day": 983431, "bid": 0.0, "ask": 102.6, "bidSize": 0, "askSize": 0, "marketCap": 1013984526336, "fiftyTwoWeekLow": 74.0, "fiftyTwoWeekHigh": 118.85, "fiftyDayAverage": 98.45303, "twoHundredDayAverage": 92.30846, "trailingAnnualDividendRate": 3.15, "trailingAnnualDividendYield": 0.030582525, "currency": "INR", "fromCurrency": null, "lastMarket": null, "algorithm": null, "tradeable": false}, "incomeStatementHistoryQuarterly": {"incomeStatementHistory": [{"maxAge": 1, "endDate": "2020-06-30", "totalRevenue": 261947600000, "costOfRevenue": 134729200000, "grossProfit": 127218400000, "researchDevelopment": {}, "sellingGeneralAdministrative": 15366800000, "nonRecurring": {}, "otherOperatingExpenses": 22375500000, "totalOperatingExpenses": 201837900000, "operatingIncome": 60109700000, "totalOtherIncomeExpenseNet": -16754500000, "ebit": 60109700000, "interestExpense": -24652500000, "incomeBeforeTax": 43355200000, "incomeTaxExpense": 13865800000, "minorityInterest": {}, "netIncomeFromContinuingOps": 29489400000, "discontinuedOperations": {}, "extraordinaryItems": {}, "effectOfAccountingCharges": {}, "otherItems": {}, "netIncome": 28903900000, "netIncomeApplicableToCommonShares": 28903900000}, {"maxAge": 1, "endDate": "2020-03-31", "totalRevenue": 336608400000, "costOfRevenue": 177706900000, "grossProfit": 158901500000, "researchDevelopment": {}, "sellingGeneralAdministrative": 23893200000, "nonRecurring": {}, "otherOperatingExpenses": 20343800000, "totalOperatingExpenses": 255309900000, "operatingIncome": 81298500000, "totalOtherIncomeExpenseNet": -5847400000, "ebit": 81298500000, "interestExpense": -25476500000, "incomeBeforeTax": 75451100000, "incomeTaxExpense": 50900600000, "minorityInterest": 33171900000, "netIncomeFromContinuingOps": 24550500000, "discontinuedOperations": {}, "extraordinaryItems": {}, "effectOfAccountingCharges": {}, "otherItems": {}, "netIncome": 21832100000, "netIncomeApplicableToCommonShares": 21832100000}, {"maxAge": 1, "endDate": "2019-12-31", "totalRevenue": 254123900000, "costOfRevenue": 141583900000, "grossProfit": 112540000000, "researchDevelopment": {}, "sellingGeneralAdministrative": 11912900000, "nonRecurring": {}, "otherOperatingExpenses": 24693600000, "totalOperatingExpenses": 203610100000, "operatingIncome": 50513800000, "totalOtherIncomeExpenseNet": 1748100000, "ebit": 50513800000, "interestExpense": -20481900000, "incomeBeforeTax": 52261900000, "incomeTaxExpense": 20284600000, "minorityInterest": 33171900000, "netIncomeFromContinuingOps": 31977300000, "discontinuedOperations": {}, "extraordinaryItems": {}, "effectOfAccountingCharges": {}, "otherItems": {}, "netIncome": 31790600000, "netIncomeApplicableToCommonShares": 31790600000}, {"maxAge": 1, "endDate": "2019-09-30", "totalRevenue": 244597000000, "costOfRevenue": 145917800000, "grossProfit": 98679200000, "researchDevelopment": {}, "sellingGeneralAdministrative": 11768800000, "nonRecurring": {}, "otherOperatingExpenses": 18678500000, "totalOperatingExpenses": 199220900000, "operatingIncome": 45376100000, "totalOtherIncomeExpenseNet": 13000000, "ebit": 45376100000, "interestExpense": -18050500000, "incomeBeforeTax": 45389100000, "incomeTaxExpense": 11299900000, "minorityInterest": 7784200000, "netIncomeFromContinuingOps": 34089200000, "discontinuedOperations": {}, "extraordinaryItems": {}, "effectOfAccountingCharges": {}, "otherItems": {}, "netIncome": 34008400000, "netIncomeApplicableToCommonShares": 34008400000}], "maxAge": 86400}, "cashflowStatementHistoryQuarterly": {"cashflowStatements": [{"maxAge": 1, "endDate": "2020-06-30", "netIncome": 28903900000, "changeToLiabilities": 0}, {"maxAge": 1, "endDate": "2020-03-31", "netIncome": 21832100000, "changeToLiabilities": 0}, {"maxAge": 1, "endDate": "2019-12-31", "netIncome": 31790600000, "changeToLiabilities": 0}, {"maxAge": 1, "endDate": "2019-09-30", "netIncome": 34008400000, "changeToLiabilities": 0}], "maxAge": 86400}, "insiderHolders": {"holders": [{"maxAge": 1, "name": "Pandey (S C)", "relation": "Director (Executive)", "url": "", "transactionDescription": "Acquisition", "latestTransDate": "2013-10-01", "positionDirect": 2304, "positionDirectDate": "2013-10-01"}, {"maxAge": 1, "name": "Pani (Umesh Prasad)", "relation": "Director (Executive)", "url": "", "transactionDescription": "Acquisition", "latestTransDate": "2013-03-01", "positionDirect": 922, "positionDirectDate": "2013-03-01"}, {"maxAge": 1, "name": "President of India", "relation": "Promoter", "url": "", "transactionDescription": "Sale", "latestTransDate": "2020-02-03", "positionDirect": 5048097508, "positionDirectDate": "2020-02-03"}], "maxAge": 1}, "calendarEvents": {"maxAge": 1, "earnings": {"earningsDate": ["2019-08-05 05:30:S", "2019-08-09 05:30:S"]}}, "upgradeDowngradeHistory": {"history": [], "maxAge": 86400}, "price": {"maxAge": 1, "regularMarketChangePercent": -0.00388351, "regularMarketChange": -0.40000153, "regularMarketTime": "2021-04-30 15:54:18", "priceHint": 2, "regularMarketPrice": 102.6, "regularMarketDayHigh": 105.6, "regularMarketDayLow": 102.0, "regularMarketVolume": 575940, "averageDailyVolume10Day": 983431, "averageDailyVolume3Month": 1541378, "regularMarketPreviousClose": 103.0, "regularMarketSource": "FREE_REALTIME", "regularMarketOpen": 102.45, "exchange": "BSE", "exchangeName": "BSE", "exchangeDataDelayedBy": 0, "marketState": "CLOSED", "quoteType": "EQUITY", "symbol": "NTPC.BO", "underlyingSymbol": null, "shortName": "NTPC LTD.", "longName": "NTPC Limited", "currency": "INR", "quoteSourceName": "Delayed Quote", "currencySymbol": "\u20b9", "fromCurrency": null, "lastMarket": null, "marketCap": 1013984526336}, "balanceSheetHistory": {"balanceSheetStatements": [{"maxAge": 1, "endDate": "2020-03-31", "cash": 5895200000, "shortTermInvestments": 10759100000, "netReceivables": 378532700000, "inventory": 111385400000, "otherCurrentAssets": 62486300000, "totalCurrentAssets": 569058700000, "longTermInvestments": 93065900000, "propertyPlantEquipment": 2853874000000, "intangibleAssets": 9238600000, "otherAssets": 248634100000, "totalAssets": 3773871300000, "accountsPayable": 101085800000, "shortLongTermDebt": 79352200000, "otherCurrentLiab": 239106100000, "longTermDebt": 1752826100000, "otherLiab": 148726600000, "deferredLongTermLiab": 93977300000, "minorityInterest": 33171900000, "totalCurrentLiabilities": 643381000000, "totalLiab": 2552307800000, "commonStock": 98945600000, "retainedEarnings": 1041105700000, "treasuryStock": 26055700000, "capitalSurplus": 22284600000, "otherStockholderEquity": 26055700000, "totalStockholderEquity": 1188391600000, "netTangibleAssets": 1179153000000}, {"maxAge": 1, "endDate": "2019-03-31", "cash": 3237400000, "shortTermInvestments": 9806800000, "netReceivables": 256696700000, "inventory": 82516200000, "otherCurrentAssets": 130206700000, "totalCurrentAssets": 482463800000, "longTermInvestments": 81323100000, "propertyPlantEquipment": 2685536500000, "intangibleAssets": 8277400000, "otherAssets": 209010800000, "totalAssets": 3466611600000, "accountsPayable": 86143200000, "shortLongTermDebt": 85895700000, "otherCurrentLiab": 353676200000, "longTermDebt": 1469134000000, "otherLiab": 106804900000, "deferredLongTermLiab": 36280300000, "minorityInterest": 29082000000, "totalCurrentLiabilities": 746525500000, "totalLiab": 2323967500000, "commonStock": 98945600000, "retainedEarnings": 957399800000, "treasuryStock": 34932100000, "capitalSurplus": 22284600000, "otherStockholderEquity": 34932100000, "totalStockholderEquity": 1113562100000, "netTangibleAssets": 1105284700000}, {"maxAge": 1, "endDate": "2018-03-31", "cash": 3831100000, "shortTermInvestments": 9477300000, "netReceivables": 199578200000, "inventory": 61402900000, "otherCurrentAssets": 118407200000, "totalCurrentAssets": 392696700000, "longTermInvestments": 88756100000, "propertyPlantEquipment": 2108304000000, "intangibleAssets": 8011200000, "otherAssets": 225848700000, "totalAssets": 2823616700000, "accountsPayable": 67075500000, "shortLongTermDebt": 65581100000, "otherCurrentLiab": 201256700000, "longTermDebt": 1166257300000, "otherLiab": 154246400000, "deferredLongTermLiab": 87394000000, "minorityInterest": 9477700000, "totalCurrentLiabilities": 456499800000, "totalLiab": 1778504300000, "commonStock": 82454600000, "retainedEarnings": 857672000000, "treasuryStock": 73223500000, "capitalSurplus": 22284600000, "otherStockholderEquity": 73223500000, "totalStockholderEquity": 1035634700000, "netTangibleAssets": 1027623500000}, {"maxAge": 1, "endDate": "2017-03-31", "cash": 3638300000, "shortTermInvestments": 4918900000, "netReceivables": 176317100000, "inventory": 65861300000, "otherCurrentAssets": 49355300000, "totalCurrentAssets": 300090900000, "longTermInvestments": 76139200000, "propertyPlantEquipment": 1906996200000, "intangibleAssets": 7277500000, "otherAssets": 194469800000, "totalAssets": 2484973600000, "accountsPayable": 55727000000, "shortLongTermDebt": 65603900000, "otherCurrentLiab": 187255000000, "longTermDebt": 1039482500000, "otherLiab": 72305300000, "deferredLongTermLiab": 5228300000, "minorityInterest": 8032600000, "totalCurrentLiabilities": 385504300000, "totalLiab": 1498560800000, "commonStock": 82454600000, "retainedEarnings": 813412500000, "treasuryStock": 60228500000, "capitalSurplus": 22284600000, "otherStockholderEquity": 60228500000, "totalStockholderEquity": 978380200000, "netTangibleAssets": 971102700000}], "maxAge": 86400}, "financialData": {"maxAge": 86400, "currentPrice": 102.6, "recommendationKey": "none", "grossProfits": 470794800000, "financialCurrency": "INR"}}}