{"OAL.NS": {"assetProfile": {"address1": "133 Jehangir Building", "address2": "2nd Floor Mahatma Gandhi Road Fort", "city": "Mumbai", "zip": "400001", "country": "India", "phone": "91 22 6655 6000", "fax": "91 22 6655 6099", "website": "http://www.orientalaromatics.com", "industry": "Specialty Chemicals", "sector": "Basic Materials", "longBusinessSummary": "Oriental Aromatics Limited manufactures and sells terpene chemicals, camphor, and other specialty aroma chemicals in India and internationally. It offers sandalwood derivates, including mysornaol, durganol, shivanol, and shaktinol; and pinene derivatives, which include alpha pinene epoxide, alpha campholenic aldehyde, camphor GF, isobornyl acetate, isoborneol, terpineol, and terpinyl acetate. The company also provides specialty aroma chemicals comprising astromeran, amberone, astrone, capinone, ketone 101, safranal, and sealone; and musk polycyclic and macrocyclic that include astromusk concentrate and cambrettolide, as well as synthetic camphor, pine oils, and perfumery chemicals. In addition, it offers fragrances for soaps, shampoos, detergents, hair oils, perfumes, cosmetics, air fresheners, etc; and flavors for biscuits, confectionaries, beverages, ice-creams, chocolates, etc. The company's products are used in various applications in industries, such as flavors and fragrances, pharmaceuticals, soaps and cosmetics, rubber and tire, paints and varnishes, and others. It also exports its products to Mexico, the United States, Argentina, Brazil, Colombia, Egypt, Nigeria, France, Geneva, Germany, the Netherlands, Portugal, Spain, Switzerland, Turkey, the United Kingdom, Ukraine, Bangladesh, China, Hongkong, Indonesia, Japan, Korea, Malaysia, Myanmar, Oman, Pakistan, Singapore, Sri Lanka, Thailand, the United Arab Emirates, Vietnam, and Yemen. The company was formerly known as Camphor & Allied Products Limited and changed its name to Oriental Aromatics Limited in February 2018. Oriental Aromatics Limited was founded in 1955 and is headquartered in Mumbai, India.", "fullTimeEmployees": 653, "companyOfficers": [{"maxAge": 1, "name": "Mr. Dharmil Anil Bodani", "age": 50, "title": "Chairman & MD", "yearBorn": 1970, "fiscalYear": 2020, "totalPay": 20180000, "exercisedValue": 0, "unexercisedValue": 0}, {"maxAge": 1, "name": "Mr. Parag K. Satoskar", "title": "Chief Exec. Officer", "fiscalYear": 2020, "totalPay": 2940690, "exercisedValue": 0, "unexercisedValue": 0}, {"maxAge": 1, "name": "Mr. Girish  Khandelwal", "title": "Chief Financial Officer", "fiscalYear": 2020, "totalPay": 3117000, "exercisedValue": 0, "unexercisedValue": 0}, {"maxAge": 1, "name": "Mr. Satish Kumar Ray", "age": 49, "title": "Exec. Director of Operations & Exec. Director", "yearBorn": 1971, "fiscalYear": 2020, "totalPay": 2100000, "exercisedValue": 0, "unexercisedValue": 0}, {"maxAge": 1, "name": "Ms. Kiranpreet Kaur Gill", "title": "Company Sec. & Compliance Officer", "fiscalYear": 2020, "totalPay": 1266000, "exercisedValue": 0, "unexercisedValue": 0}, {"maxAge": 1, "name": "Mr. Shyamal Anil Bodani", "age": 40, "title": "Exec. Director", "yearBorn": 1980, "fiscalYear": 2020, "totalPay": 10908000, "exercisedValue": 0, "unexercisedValue": 0}, {"maxAge": 1, "name": "Mr. Bhadreshkumar A. Pandiya", "age": 47, "title": "Exec. Director of Operations & Additional Whole-Time Director", "yearBorn": 1973, "exercisedValue": 0, "unexercisedValue": 0}, {"maxAge": 1, "name": "Ms. Anita  Satoskar", "title": "Chief R&D Officer", "exercisedValue": 0, "unexercisedValue": 0}], "compensationAsOfEpochDate": "2020-12-31 05:30:00", "maxAge": 86400}, "cashflowStatementHistory": {"cashflowStatements": [{"maxAge": 1, "endDate": "2020-03-31", "netIncome": 861888000, "depreciation": 188090000, "changeToNetincome": 32930000, "changeToAccountReceivables": 285776000, "changeToLiabilities": 33080000, "changeToInventory": 405565000, "totalCashFromOperatingActivities": 1809425000, "capitalExpenditures": -98840000, "totalCashflowsFromInvestingActivities": -96348000, "dividendsPaid": -117788000, "netBorrowings": -1350853000, "otherCashflowsFromFinancingActivities": -121911000, "totalCashFromFinancingActivities": -1590552000, "changeInCash": 122525000}, {"maxAge": 1, "endDate": "2019-03-31", "netIncome": 571432000, "depreciation": 176189000, "changeToNetincome": 170100000, "changeToAccountReceivables": -343923000, "changeToLiabilities": -109177000, "changeToInventory": -700633000, "totalCashFromOperatingActivities": -234230000, "capitalExpenditures": -128658000, "totalCashflowsFromInvestingActivities": -124291000, "dividendsPaid": -16859000, "netBorrowings": 515294000, "otherCashflowsFromFinancingActivities": -135150000, "totalCashFromFinancingActivities": 363285000, "changeInCash": 4764000}, {"maxAge": 1, "endDate": "2018-03-31", "netIncome": 249816000, "depreciation": 146515000, "changeToNetincome": 81835000, "changeToAccountReceivables": -419421000, "changeToLiabilities": 283650000, "changeToInventory": -183848000, "totalCashFromOperatingActivities": 160264000, "capitalExpenditures": -308280000, "totalCashflowsFromInvestingActivities": -306619000, "dividendsPaid": -46803000, "netBorrowings": 270914000, "otherCashflowsFromFinancingActivities": -75679000, "totalCashFromFinancingActivities": 148432000, "changeInCash": 2077000}, {"maxAge": 1, "endDate": "2017-03-31", "netIncome": 278860000, "depreciation": 116242000, "changeToNetincome": 59811000, "changeToAccountReceivables": -10504000, "changeToLiabilities": -14964000, "changeToInventory": 28863000, "totalCashFromOperatingActivities": 420996000, "capitalExpenditures": -197937000, "totalCashflowsFromInvestingActivities": -196821000, "dividendsPaid": -7700000, "netBorrowings": -171091000, "otherCashflowsFromFinancingActivities": -42956000, "totalCashFromFinancingActivities": -221747000, "changeInCash": 2429000}], "maxAge": 86400}, "institutionOwnership": {"maxAge": 1, "ownershipList": []}, "majorHoldersBreakdown": {"maxAge": 1, "insidersPercentHeld": 0.76014, "institutionsPercentHeld": 0.0, "institutionsFloatPercentHeld": 0.0, "institutionsCount": 0}, "balanceSheetHistoryQuarterly": {"balanceSheetStatements": [{"maxAge": 1, "endDate": "2020-12-31", "totalStockholderEquity": 5069330000, "netTangibleAssets": 4612475000}, {"maxAge": 1, "endDate": "2020-09-30", "cash": 109234000, "shortTermInvestments": 10842000, "netReceivables": 1340041000, "inventory": 1997431000, "otherCurrentAssets": 321253000, "totalCurrentAssets": 3778801000, "longTermInvestments": 37788000, "propertyPlantEquipment": 1957164000, "goodWill": 449772000, "intangibleAssets": 7083000, "otherAssets": 55275000, "totalAssets": 6285883000, "accountsPayable": 654389000, "otherCurrentLiab": 127348000, "otherLiab": 278071000, "totalCurrentLiabilities": 932825000, "totalLiab": 1216553000, "commonStock": 168268000, "treasuryStock": 4901062000, "otherStockholderEquity": 4901062000, "totalStockholderEquity": 5069330000, "netTangibleAssets": 4612475000}, {"maxAge": 1, "endDate": "2020-06-30", "totalStockholderEquity": 4641399000, "netTangibleAssets": 4167612000}, {"maxAge": 1, "endDate": "2020-03-31", "cash": 172986000, "shortTermInvestments": 20954000, "netReceivables": 1531278000, "inventory": 1623442000, "otherCurrentAssets": 241064000, "totalCurrentAssets": 3628166000, "propertyPlantEquipment": 1905504000, "goodWill": 449772000, "intangibleAssets": 24015000, "otherAssets": 75564000, "totalAssets": 6083021000, "accountsPayable": 556347000, "shortLongTermDebt": 61176000, "otherCurrentLiab": 50114000, "longTermDebt": 15295000, "otherLiab": 277785000, "totalCurrentLiabilities": 1140108000, "totalLiab": 1441622000, "commonStock": 168268000, "retainedEarnings": 4462822000, "treasuryStock": 10309000, "otherStockholderEquity": 10309000, "totalStockholderEquity": 4641399000, "netTangibleAssets": 4167612000}], "maxAge": 86400}, "indexTrend": {"maxAge": 1, "symbol": "SP5", "peRatio": 19.7411, "pegRatio": 1.34172, "estimates": [{"period": "0q", "growth": 0.549}, {"period": "+1q", "growth": 0.431}, {"period": "0y", "growth": 0.305}, {"period": "+1y", "growth": 0.109}, {"period": "+5y", "growth": 0.120865}, {"period": "-5y"}]}, "defaultKeyStatistics": {"maxAge": 1, "priceHint": 2, "enterpriseValue": 30539673600, "profitMargins": 0.15762, "floatShares": 7426284, "sharesOutstanding": 33653600, "heldPercentInsiders": 0.76014, "heldPercentInstitutions": 0.0, "beta": 1.142987, "category": null, "bookValue": 150.648, "priceToBook": 5.920756, "fundFamily": null, "legalType": null, "lastFiscalYearEnd": "2020-03-31 05:30:00", "nextFiscalYearEnd": "2022-03-31 05:30:00", "mostRecentQuarter": "2020-12-31 05:30:00", "earningsQuarterlyGrowth": 1.061, "netIncomeToCommon": 1033832000, "trailingEps": 30.721, "lastSplitFactor": null, "enterpriseToRevenue": 4.656, "enterpriseToEbitda": 19.331, "52WeekChange": 4.8259306, "SandP52WeekChange": 0.48148263, "lastDividendValue": 2.5, "lastDividendDate": 1606953600}, "summaryProfile": {"address1": "133 Jehangir Building", "address2": "2nd Floor Mahatma Gandhi Road Fort", "city": "Mumbai", "zip": "400001", "country": "India", "phone": "91 22 6655 6000", "fax": "91 22 6655 6099", "website": "http://www.orientalaromatics.com", "industry": "Specialty Chemicals", "sector": "Basic Materials", "longBusinessSummary": "Oriental Aromatics Limited manufactures and sells terpene chemicals, camphor, and other specialty aroma chemicals in India and internationally. It offers sandalwood derivates, including mysornaol, durganol, shivanol, and shaktinol; and pinene derivatives, which include alpha pinene epoxide, alpha campholenic aldehyde, camphor GF, isobornyl acetate, isoborneol, terpineol, and terpinyl acetate. The company also provides specialty aroma chemicals comprising astromeran, amberone, astrone, capinone, ketone 101, safranal, and sealone; and musk polycyclic and macrocyclic that include astromusk concentrate and cambrettolide, as well as synthetic camphor, pine oils, and perfumery chemicals. In addition, it offers fragrances for soaps, shampoos, detergents, hair oils, perfumes, cosmetics, air fresheners, etc; and flavors for biscuits, confectionaries, beverages, ice-creams, chocolates, etc. The company's products are used in various applications in industries, such as flavors and fragrances, pharmaceuticals, soaps and cosmetics, rubber and tire, paints and varnishes, and others. It also exports its products to Mexico, the United States, Argentina, Brazil, Colombia, Egypt, Nigeria, France, Geneva, Germany, the Netherlands, Portugal, Spain, Switzerland, Turkey, the United Kingdom, Ukraine, Bangladesh, China, Hongkong, Indonesia, Japan, Korea, Malaysia, Myanmar, Oman, Pakistan, Singapore, Sri Lanka, Thailand, the United Arab Emirates, Vietnam, and Yemen. The company was formerly known as Camphor & Allied Products Limited and changed its name to Oriental Aromatics Limited in February 2018. Oriental Aromatics Limited was founded in 1955 and is headquartered in Mumbai, India.", "fullTimeEmployees": 653, "companyOfficers": [], "maxAge": 86400}, "netSharePurchaseActivity": {"maxAge": 1, "period": "6m", "buyInfoCount": 0, "buyInfoShares": 0, "sellInfoCount": 0, "netInfoCount": 0, "netInfoShares": 0, "netPercentInsiderShares": 0.0, "totalInsiderShares": 25588212}, "quoteType": {"exchange": "NSI", "quoteType": "EQUITY", "symbol": "OAL.NS", "underlyingSymbol": "OAL.NS", "shortName": "Oriental Aromatics Limite", "longName": "Oriental Aromatics Limited", "firstTradeDateEpochUtc": "2020-04-15 09:15:00", "timeZoneFullName": "Asia/Kolkata", "timeZoneShortName": "IST", "uuid": "66745fda-a790-35b8-9a53-43295fd3a7d1", "messageBoardId": "finmb_881134", "gmtOffSetMilliseconds": 19800000, "maxAge": 1}, "incomeStatementHistory": {"incomeStatementHistory": [{"maxAge": 1, "endDate": "2020-03-31", "totalRevenue": 7598945000, "costOfRevenue": 5489969000, "grossProfit": 2108976000, "researchDevelopment": {}, "sellingGeneralAdministrative": 370704000, "nonRecurring": {}, "otherOperatingExpenses": 472078000, "totalOperatingExpenses": 6522937000, "operatingIncome": 1076008000, "totalOtherIncomeExpenseNet": -47025000, "ebit": 1076008000, "interestExpense": -68229000, "incomeBeforeTax": 1028983000, "incomeTaxExpense": 167095000, "minorityInterest": {}, "netIncomeFromContinuingOps": 861888000, "discontinuedOperations": {}, "extraordinaryItems": {}, "effectOfAccountingCharges": {}, "otherItems": {}, "netIncome": 861888000, "netIncomeApplicableToCommonShares": 861888000}, {"maxAge": 1, "endDate": "2019-03-31", "totalRevenue": 7546857000, "costOfRevenue": 5637682000, "grossProfit": 1909175000, "researchDevelopment": {}, "sellingGeneralAdministrative": 331419000, "nonRecurring": {}, "otherOperatingExpenses": 414217000, "totalOperatingExpenses": 6561289000, "operatingIncome": 985568000, "totalOtherIncomeExpenseNet": -153874000, "ebit": 985568000, "interestExpense": -129640000, "incomeBeforeTax": 831694000, "incomeTaxExpense": 260262000, "minorityInterest": {}, "netIncomeFromContinuingOps": 571432000, "discontinuedOperations": {}, "extraordinaryItems": {}, "effectOfAccountingCharges": {}, "otherItems": {}, "netIncome": 571432000, "netIncomeApplicableToCommonShares": 571432000}, {"maxAge": 1, "endDate": "2018-03-31", "totalRevenue": 5060331000, "costOfRevenue": 3829214000, "grossProfit": 1231117000, "researchDevelopment": {}, "sellingGeneralAdministrative": 285222000, "nonRecurring": {}, "otherOperatingExpenses": 306580000, "totalOperatingExpenses": 4562190000, "operatingIncome": 498141000, "totalOtherIncomeExpenseNet": -68490000, "ebit": 498141000, "interestExpense": -71216000, "incomeBeforeTax": 429651000, "incomeTaxExpense": 179835000, "minorityInterest": {}, "netIncomeFromContinuingOps": 249816000, "discontinuedOperations": {}, "extraordinaryItems": {}, "effectOfAccountingCharges": {}, "otherItems": {}, "netIncome": 249816000, "netIncomeApplicableToCommonShares": 249816000}, {"maxAge": 1, "endDate": "2017-03-31", "totalRevenue": 4577508000, "costOfRevenue": 3481299000, "grossProfit": 1096209000, "researchDevelopment": {}, "sellingGeneralAdministrative": 244718000, "nonRecurring": {}, "otherOperatingExpenses": 217385000, "totalOperatingExpenses": 4086427000, "operatingIncome": 491081000, "totalOtherIncomeExpenseNet": -49175000, "ebit": 491081000, "interestExpense": -51196000, "incomeBeforeTax": 441906000, "incomeTaxExpense": 163046000, "minorityInterest": {}, "netIncomeFromContinuingOps": 278860000, "discontinuedOperations": {}, "extraordinaryItems": {}, "effectOfAccountingCharges": {}, "otherItems": {}, "netIncome": 278860000, "netIncomeApplicableToCommonShares": 278860000}], "maxAge": 86400}, "fundOwnership": {"maxAge": 1, "ownershipList": []}, "summaryDetail": {"maxAge": 1, "priceHint": 2, "previousClose": 906.8, "open": 908.0, "dayLow": 875.2, "dayHigh": 934.85, "regularMarketPreviousClose": 906.8, "regularMarketOpen": 908.0, "regularMarketDayLow": 875.2, "regularMarketDayHigh": 934.85, "dividendRate": 5.0, "dividendYield": 0.0055, "exDividendDate": "2020-12-03 05:30:00", "payoutRatio": 0.16280001, "beta": 1.142987, "trailingPE": 29.033886, "volume": 50162, "regularMarketVolume": 50162, "averageVolume": 39160, "averageVolume10days": 114534, "averageDailyVolume10Day": 114534, "bid": 0.0, "ask": 0.0, "marketCap": 30086811648, "fiftyTwoWeekLow": 132.9, "fiftyTwoWeekHigh": 1009.95, "priceToSalesTrailing12Months": 4.587034, "fiftyDayAverage": 668.74164, "twoHundredDayAverage": 572.4662, "trailingAnnualDividendRate": 2.5, "trailingAnnualDividendYield": 0.0027569477, "currency": "INR", "fromCurrency": null, "toCurrency": null, "lastMarket": null, "algorithm": null, "tradeable": false}, "incomeStatementHistoryQuarterly": {"incomeStatementHistory": [{"maxAge": 1, "endDate": "2020-12-31", "totalRevenue": 1906786000, "costOfRevenue": 1155005000, "grossProfit": 751781000, "researchDevelopment": {}, "sellingGeneralAdministrative": 95100000, "nonRecurring": {}, "otherOperatingExpenses": 122846000, "totalOperatingExpenses": 1415271000, "operatingIncome": 491515000, "totalOtherIncomeExpenseNet": 4554000, "ebit": 491515000, "interestExpense": -2181000, "incomeBeforeTax": 496069000, "incomeTaxExpense": 132514000, "minorityInterest": {}, "netIncomeFromContinuingOps": 363555000, "discontinuedOperations": {}, "extraordinaryItems": {}, "effectOfAccountingCharges": {}, "otherItems": {}, "netIncome": 363555000, "netIncomeApplicableToCommonShares": 363555000}, {"maxAge": 1, "endDate": "2020-09-30", "totalRevenue": 1838346000, "costOfRevenue": 1137466000, "grossProfit": 700880000, "researchDevelopment": {}, "sellingGeneralAdministrative": 92606000, "nonRecurring": {}, "otherOperatingExpenses": 117646000, "totalOperatingExpenses": 1393927000, "operatingIncome": 444419000, "totalOtherIncomeExpenseNet": 1951000, "ebit": 444419000, "interestExpense": -2809000, "incomeBeforeTax": 446370000, "incomeTaxExpense": 113906000, "minorityInterest": {}, "netIncomeFromContinuingOps": 332464000, "discontinuedOperations": {}, "extraordinaryItems": {}, "effectOfAccountingCharges": {}, "otherItems": {}, "netIncome": 332464000, "netIncomeApplicableToCommonShares": 332464000}, {"maxAge": 1, "endDate": "2020-06-30", "totalRevenue": 1132574000, "costOfRevenue": 786840000, "grossProfit": 345734000, "researchDevelopment": {}, "sellingGeneralAdministrative": 88278000, "nonRecurring": {}, "otherOperatingExpenses": 74281000, "totalOperatingExpenses": 995603000, "operatingIncome": 136971000, "totalOtherIncomeExpenseNet": -3051000, "ebit": 136971000, "interestExpense": -7514000, "incomeBeforeTax": 133920000, "incomeTaxExpense": 34639000, "minorityInterest": {}, "netIncomeFromContinuingOps": 99281000, "discontinuedOperations": {}, "extraordinaryItems": {}, "effectOfAccountingCharges": {}, "otherItems": {}, "netIncome": 99281000, "netIncomeApplicableToCommonShares": 99281000}, {"maxAge": 1, "endDate": "2020-03-31", "totalRevenue": 1681393000, "costOfRevenue": 1134392000, "grossProfit": 547001000, "researchDevelopment": {}, "sellingGeneralAdministrative": 87343000, "nonRecurring": {}, "otherOperatingExpenses": 117998000, "totalOperatingExpenses": 1391067000, "operatingIncome": 290326000, "totalOtherIncomeExpenseNet": 17237000, "ebit": 290326000, "interestExpense": -7514000, "incomeBeforeTax": 307563000, "incomeTaxExpense": 69032000, "minorityInterest": {}, "netIncomeFromContinuingOps": 238531000, "discontinuedOperations": {}, "extraordinaryItems": {}, "effectOfAccountingCharges": {}, "otherItems": {}, "netIncome": 238531000, "netIncomeApplicableToCommonShares": 238531000}], "maxAge": 86400}, "cashflowStatementHistoryQuarterly": {"cashflowStatements": [{"maxAge": 1, "endDate": "2020-12-31", "netIncome": 363555000, "changeToLiabilities": 0}, {"maxAge": 1, "endDate": "2020-09-30", "netIncome": 332464000, "changeToLiabilities": 0}, {"maxAge": 1, "endDate": "2020-06-30", "netIncome": 99281000, "changeToLiabilities": 0}, {"maxAge": 1, "endDate": "2020-03-31", "netIncome": 238531000, "changeToLiabilities": 0}], "maxAge": 86400}, "insiderHolders": {"holders": [], "maxAge": 1}, "calendarEvents": {"maxAge": 1, "earnings": {"earningsDate": []}, "exDividendDate": "2020-12-03 05:30:00"}, "price": {"maxAge": 1, "regularMarketChangePercent": -0.016376242, "regularMarketChange": -14.849976, "regularMarketTime": "2021-04-30 15:29:57", "priceHint": 2, "regularMarketPrice": 891.95, "regularMarketDayHigh": 934.85, "regularMarketDayLow": 875.2, "regularMarketVolume": 50162, "averageDailyVolume10Day": 114534, "averageDailyVolume3Month": 39160, "regularMarketPreviousClose": 906.8, "regularMarketSource": "FREE_REALTIME", "regularMarketOpen": 908.0, "exchange": "NSI", "exchangeName": "NSE", "exchangeDataDelayedBy": 15, "marketState": "CLOSED", "quoteType": "EQUITY", "symbol": "OAL.NS", "underlyingSymbol": null, "shortName": "Oriental Aromatics Limite", "longName": "Oriental Aromatics Limited", "currency": "INR", "quoteSourceName": "Delayed Quote", "currencySymbol": "\u20b9", "fromCurrency": null, "toCurrency": null, "lastMarket": null, "marketCap": 30086811648}, "balanceSheetHistory": {"balanceSheetStatements": [{"maxAge": 1, "endDate": "2020-03-31", "cash": 172986000, "shortTermInvestments": 20954000, "netReceivables": 1531278000, "inventory": 1623442000, "otherCurrentAssets": 241064000, "totalCurrentAssets": 3628166000, "propertyPlantEquipment": 1905504000, "goodWill": 449772000, "intangibleAssets": 24015000, "otherAssets": 75564000, "totalAssets": 6083021000, "accountsPayable": 556347000, "shortLongTermDebt": 61176000, "otherCurrentLiab": 50114000, "longTermDebt": 15295000, "otherLiab": 277785000, "totalCurrentLiabilities": 1140108000, "totalLiab": 1441622000, "commonStock": 168268000, "retainedEarnings": 4462822000, "treasuryStock": 10309000, "otherStockholderEquity": 10309000, "totalStockholderEquity": 4641399000, "netTangibleAssets": 4167612000}, {"maxAge": 1, "endDate": "2019-03-31", "cash": 50461000, "netReceivables": 1628485000, "inventory": 2029007000, "otherCurrentAssets": 467412000, "totalCurrentAssets": 4205181000, "propertyPlantEquipment": 1948603000, "goodWill": 449772000, "intangibleAssets": 57725000, "otherAssets": 70886000, "totalAssets": 6732167000, "accountsPayable": 535089000, "shortLongTermDebt": 94118000, "otherCurrentLiab": 48724000, "longTermDebt": 117647000, "otherLiab": 361650000, "totalCurrentLiabilities": 2333628000, "totalLiab": 2812925000, "commonStock": 168268000, "retainedEarnings": 3742933000, "treasuryStock": 8041000, "otherStockholderEquity": 8041000, "totalStockholderEquity": 3919242000, "netTangibleAssets": 3411745000}, {"maxAge": 1, "endDate": "2018-03-31", "cash": 45697000, "netReceivables": 1393980000, "inventory": 1328374000, "otherCurrentAssets": 365747000, "totalCurrentAssets": 3168589000, "propertyPlantEquipment": 1982343000, "goodWill": 449772000, "intangibleAssets": 90294000, "otherAssets": 37983000, "deferredLongTermAssetCharges": 82000, "totalAssets": 5728981000, "accountsPayable": 611929000, "shortLongTermDebt": 94117000, "otherCurrentLiab": 103283000, "longTermDebt": 211765000, "otherLiab": 279422000, "totalCurrentLiabilities": 1862041000, "totalLiab": 2353228000, "commonStock": 84134000, "retainedEarnings": 3192183000, "treasuryStock": 25454000, "capitalSurplus": 73982000, "otherStockholderEquity": 25454000, "totalStockholderEquity": 3375753000, "netTangibleAssets": 2835687000}, {"maxAge": 1, "endDate": "2017-03-31", "cash": 43621000, "netReceivables": 1172930000, "inventory": 1144473000, "otherCurrentAssets": 179056000, "totalCurrentAssets": 2579667000, "propertyPlantEquipment": 1690874000, "goodWill": 449772000, "intangibleAssets": 123524000, "otherAssets": 56895000, "totalAssets": 4900732000, "accountsPayable": 329270000, "otherCurrentLiab": 63858000, "longTermDebt": 425955000, "otherLiab": 251614000, "totalCurrentLiabilities": 1058156000, "totalLiab": 1735725000, "commonStock": 51337000, "retainedEarnings": 2989170000, "treasuryStock": 50518000, "capitalSurplus": 73982000, "otherStockholderEquity": 50518000, "totalStockholderEquity": 3165007000, "netTangibleAssets": 2591711000}], "maxAge": 86400}, "financialData": {"maxAge": 86400, "currentPrice": 891.95, "recommendationKey": "none", "totalCash": 120076000, "totalCashPerShare": 3.567, "ebitda": 1579838720, "totalDebt": 134594000, "totalRevenue": 6559098880, "debtToEquity": 2.655, "revenuePerShare": 194.91, "grossProfits": 2108976000, "earningsGrowth": 1.061, "revenueGrowth": 0.087, "grossMargins": 0.36683998, "ebitdaMargins": 0.24086, "operatingMargins": 0.21083, "profitMargins": 0.15762, "financialCurrency": "INR"}}}