{"OBIL.BO": {"cashflowStatementHistory": {"cashflowStatements": [{"maxAge": 1, "endDate": "2020-03-31", "netIncome": 21021000, "depreciation": 21660261, "changeToNetincome": 3843948, "changeToAccountReceivables": 53397299, "changeToLiabilities": -1961831, "changeToInventory": -2071234, "changeToOperatingActivities": -28033153, "totalCashFromOperatingActivities": 67856290, "capitalExpenditures": -65000000, "otherCashflowsFromInvestingActivities": 87043, "totalCashflowsFromInvestingActivities": -64912957, "netBorrowings": -2721329, "totalCashFromFinancingActivities": -2721329, "changeInCash": 222005}, {"maxAge": 1, "endDate": "2019-03-31", "netIncome": -200531462, "depreciation": 25043136, "changeToNetincome": -4417474, "changeToAccountReceivables": 2130699, "changeToLiabilities": 1055523, "changeToInventory": 58747117, "changeToOperatingActivities": 64557431, "totalCashFromOperatingActivities": -53415030, "capitalExpenditures": -370064, "otherCashflowsFromInvestingActivities": 52550120, "totalCashflowsFromInvestingActivities": 52180056, "netBorrowings": -2512516, "totalCashFromFinancingActivities": -2512516, "changeInCash": -3747489}, {"maxAge": 1, "endDate": "2018-03-31", "netIncome": 109366779, "depreciation": 34641040, "changeToNetincome": 4903465, "changeToAccountReceivables": -59672941, "changeToLiabilities": -6680887, "changeToInventory": -15047625, "changeToOperatingActivities": -50423116, "totalCashFromOperatingActivities": 17086715, "capitalExpenditures": -220356306, "otherCashflowsFromInvestingActivities": 40852, "totalCashflowsFromInvestingActivities": -220315454, "dividendsPaid": -8139165, "netBorrowings": 12426181, "otherCashflowsFromFinancingActivities": -1656320, "totalCashFromFinancingActivities": 204547196, "changeInCash": 1318457, "issuanceOfStock": 201916500}, {"maxAge": 1, "endDate": "2017-03-31", "netIncome": 27497923, "depreciation": 11024537, "changeToNetincome": -1891018, "changeToAccountReceivables": -23078892, "changeToLiabilities": -7444664, "changeToInventory": 4878395, "changeToOperatingActivities": -5785145, "totalCashFromOperatingActivities": 5201136, "capitalExpenditures": -1483459, "otherCashflowsFromInvestingActivities": 31422, "totalCashflowsFromInvestingActivities": -1452037, "dividendsPaid": -3600000, "netBorrowings": -384474, "otherCashflowsFromFinancingActivities": -732875, "totalCashFromFinancingActivities": -4717349, "changeInCash": -968249, "issuanceOfStock": 201916500}], "maxAge": 86400}, "institutionOwnership": {"ownershipList": [], "maxAge": 1}, "balanceSheetHistoryQuarterly": {"balanceSheetStatements": [{"maxAge": 1, "endDate": "2020-06-30", "totalStockholderEquity": 273684263, "netTangibleAssets": 273684263}, {"maxAge": 1, "endDate": "2020-03-31", "cash": 1364113, "netReceivables": 52707903, "inventory": 7499306, "otherCurrentAssets": 138704535, "totalCurrentAssets": 200275857, "propertyPlantEquipment": 209976108, "totalAssets": 410251965, "accountsPayable": 35517545, "otherCurrentLiab": 84291788, "longTermDebt": 7547253, "otherLiab": 4204358, "totalCurrentLiabilities": 124816091, "totalLiab": 136567702, "commonStock": 135652750, "treasuryStock": 138031513, "otherStockholderEquity": 138031513, "totalStockholderEquity": 273684263, "netTangibleAssets": 273684263}, {"maxAge": 1, "endDate": "2019-12-31", "totalStockholderEquity": 277666000, "netTangibleAssets": 277666000}, {"maxAge": 1, "endDate": "2019-09-30", "cash": 1068000, "netReceivables": 146471000, "inventory": 2337000, "otherCurrentAssets": 108159000, "totalCurrentAssets": 258035000, "propertyPlantEquipment": 155806000, "totalAssets": 413841000, "accountsPayable": 37243000, "otherCurrentLiab": 88085000, "longTermDebt": 8935000, "otherLiab": -1132000, "totalCurrentLiabilities": 128372000, "totalLiab": 136175000, "commonStock": 135653000, "treasuryStock": 142013000, "otherStockholderEquity": 142013000, "totalStockholderEquity": 277666000, "netTangibleAssets": 277666000}], "maxAge": 86400}, "indexTrend": {"maxAge": 1, "symbol": "SP5", "peRatio": 19.7411, "pegRatio": 1.34172, "estimates": [{"period": "0q", "growth": 0.549}, {"period": "+1q", "growth": 0.431}, {"period": "0y", "growth": 0.305}, {"period": "+1y", "growth": 0.109}, {"period": "+5y", "growth": 0.120859005}, {"period": "-5y"}]}, "insiderTransactions": {"transactions": [{"maxAge": 1, "shares": 1450000, "filerUrl": "", "transactionText": "", "filerName": "Joseph (Vimala)", "filerRelation": "Managing Director", "moneyText": "", "startDate": "2016-06-24", "ownership": "D"}, {"maxAge": 1, "shares": 450000, "filerUrl": "", "transactionText": "", "filerName": "Raj (Joseb A)", "filerRelation": "Chairman of the Board", "moneyText": "", "startDate": "2016-06-24", "ownership": "D"}], "maxAge": 1}, "quoteType": {"exchange": "BSE", "quoteType": "EQUITY", "symbol": "OBIL.BO", "underlyingSymbol": "OBIL.BO", "shortName": "OCEANAA BIOTEK INDUSTRIES LTD", "longName": "Oceanaa Biotek Industries Limited", "firstTradeDateEpochUtc": "2014-04-03 09:15:00", "timeZoneFullName": "Asia/Kolkata", "timeZoneShortName": "IST", "uuid": "9f3a3a0b-0610-34d5-a639-7369956b4e62", "gmtOffSetMilliseconds": 19800000, "maxAge": 1}, "incomeStatementHistory": {"incomeStatementHistory": [{"maxAge": 1, "endDate": "2020-03-31", "totalRevenue": 256550000, "costOfRevenue": 117390000, "grossProfit": 139160000, "researchDevelopment": {}, "sellingGeneralAdministrative": {}, "nonRecurring": {}, "otherOperatingExpenses": 92084000, "totalOperatingExpenses": 231134000, "operatingIncome": 25416000, "totalOtherIncomeExpenseNet": -495000, "ebit": 25416000, "interestExpense": -757000, "incomeBeforeTax": 24921000, "incomeTaxExpense": 3900000, "minorityInterest": {}, "netIncomeFromContinuingOps": 21021000, "discontinuedOperations": {}, "extraordinaryItems": {}, "effectOfAccountingCharges": {}, "otherItems": {}, "netIncome": 21021000, "netIncomeApplicableToCommonShares": 21021000}, {"maxAge": 1, "endDate": "2019-03-31", "totalRevenue": 362818810, "costOfRevenue": 349467011, "grossProfit": 13351799, "researchDevelopment": {}, "sellingGeneralAdministrative": 471264, "nonRecurring": {}, "otherOperatingExpenses": 139275018, "totalOperatingExpenses": 514256429, "operatingIncome": -151437619, "totalOtherIncomeExpenseNet": -54215763, "ebit": -151437619, "interestExpense": -1490636, "incomeBeforeTax": -205653382, "incomeTaxExpense": -5121920, "minorityInterest": {}, "netIncomeFromContinuingOps": -200531462, "discontinuedOperations": {}, "extraordinaryItems": {}, "effectOfAccountingCharges": {}, "otherItems": {}, "netIncome": -200531462, "netIncomeApplicableToCommonShares": -200531462}, {"maxAge": 1, "endDate": "2018-03-31", "totalRevenue": 604453068, "costOfRevenue": 333547600, "grossProfit": 270905468, "researchDevelopment": {}, "sellingGeneralAdministrative": 1240209, "nonRecurring": {}, "otherOperatingExpenses": 58753361, "totalOperatingExpenses": 428182210, "operatingIncome": 176270858, "totalOtherIncomeExpenseNet": -7154651, "ebit": 176270858, "interestExpense": -7002460, "incomeBeforeTax": 169116207, "incomeTaxExpense": 59749428, "minorityInterest": {}, "netIncomeFromContinuingOps": 109366779, "discontinuedOperations": {}, "extraordinaryItems": {}, "effectOfAccountingCharges": {}, "otherItems": {}, "netIncome": 109366779, "netIncomeApplicableToCommonShares": 109366779}, {"maxAge": 1, "endDate": "2017-03-31", "totalRevenue": 364499619, "costOfRevenue": 239849842, "grossProfit": 124649777, "researchDevelopment": {}, "sellingGeneralAdministrative": 447322, "nonRecurring": {}, "otherOperatingExpenses": 69851339, "totalOperatingExpenses": 321173040, "operatingIncome": 43326579, "totalOtherIncomeExpenseNet": -359674, "ebit": 43326579, "interestExpense": -199787, "incomeBeforeTax": 42966905, "incomeTaxExpense": 15468982, "minorityInterest": {}, "netIncomeFromContinuingOps": 27497923, "discontinuedOperations": {}, "extraordinaryItems": {}, "effectOfAccountingCharges": {}, "otherItems": {}, "netIncome": 27497923, "netIncomeApplicableToCommonShares": 27497923}], "maxAge": 86400}, "fundOwnership": {"ownershipList": [], "maxAge": 1}, "summaryDetail": {"maxAge": 1, "priceHint": 2, "previousClose": 5.61, "open": 5.62, "dayLow": 5.62, "dayHigh": 5.89, "regularMarketPreviousClose": 5.61, "regularMarketOpen": 5.62, "regularMarketDayLow": 5.62, "regularMarketDayHigh": 5.89, "trailingPE": 3.7539833, "volume": 5065, "regularMarketVolume": 5065, "averageVolume": 6310, "averageVolume10days": 10597, "averageDailyVolume10Day": 10597, "bid": 5.66, "ask": 5.89, "bidSize": 0, "askSize": 0, "marketCap": 79899616, "fiftyTwoWeekLow": 5.26, "fiftyTwoWeekHigh": 12.43, "fiftyDayAverage": 8.147273, "twoHundredDayAverage": 7.6880145, "currency": "INR", "fromCurrency": null, "lastMarket": null, "algorithm": null, "tradeable": false}, "incomeStatementHistoryQuarterly": {"incomeStatementHistory": [{"maxAge": 1, "endDate": "2020-06-30", "totalRevenue": 45347000, "costOfRevenue": 10398000, "grossProfit": 34949000, "researchDevelopment": {}, "sellingGeneralAdministrative": {}, "nonRecurring": {}, "otherOperatingExpenses": 15908000, "totalOperatingExpenses": 30865000, "operatingIncome": 14482000, "totalOtherIncomeExpenseNet": -167000, "ebit": 14482000, "interestExpense": -167000, "incomeBeforeTax": 14315000, "incomeTaxExpense": 2226000, "minorityInterest": {}, "netIncomeFromContinuingOps": 12089000, "discontinuedOperations": {}, "extraordinaryItems": {}, "effectOfAccountingCharges": {}, "otherItems": {}, "netIncome": 12089000, "netIncomeApplicableToCommonShares": 12089000}, {"maxAge": 1, "endDate": "2020-03-31", "totalRevenue": 125823000, "costOfRevenue": 60044000, "grossProfit": 65779000, "researchDevelopment": {}, "sellingGeneralAdministrative": {}, "nonRecurring": {}, "otherOperatingExpenses": 70080000, "totalOperatingExpenses": 135509000, "operatingIncome": -9686000, "totalOtherIncomeExpenseNet": 89000, "ebit": -9686000, "interestExpense": -173000, "incomeBeforeTax": -9597000, "incomeTaxExpense": 4517000, "minorityInterest": {}, "netIncomeFromContinuingOps": -14114000, "discontinuedOperations": {}, "extraordinaryItems": {}, "effectOfAccountingCharges": {}, "otherItems": {}, "netIncome": -14114000, "netIncomeApplicableToCommonShares": -14114000}, {"maxAge": 1, "endDate": "2019-12-31", "totalRevenue": 32787000, "costOfRevenue": 13999000, "grossProfit": 18788000, "researchDevelopment": {}, "sellingGeneralAdministrative": {}, "nonRecurring": {}, "otherOperatingExpenses": 4061000, "totalOperatingExpenses": 23505000, "operatingIncome": 9282000, "totalOtherIncomeExpenseNet": -175000, "ebit": 9282000, "interestExpense": -174000, "incomeBeforeTax": 9107000, "incomeTaxExpense": -1922000, "minorityInterest": {}, "netIncomeFromContinuingOps": 11029000, "discontinuedOperations": {}, "extraordinaryItems": {}, "effectOfAccountingCharges": {}, "otherItems": {}, "netIncome": 11029000, "netIncomeApplicableToCommonShares": 11029000}, {"maxAge": 1, "endDate": "2019-09-30", "totalRevenue": 52448000, "costOfRevenue": 20694000, "grossProfit": 31754000, "researchDevelopment": {}, "sellingGeneralAdministrative": {}, "nonRecurring": {}, "otherOperatingExpenses": 12380000, "totalOperatingExpenses": 38519000, "operatingIncome": 13929000, "totalOtherIncomeExpenseNet": -208000, "ebit": 13929000, "interestExpense": -208000, "incomeBeforeTax": 13721000, "incomeTaxExpense": 701000, "minorityInterest": {}, "netIncomeFromContinuingOps": 13020000, "discontinuedOperations": {}, "extraordinaryItems": {}, "effectOfAccountingCharges": {}, "otherItems": {}, "netIncome": 13020000, "netIncomeApplicableToCommonShares": 13020000}], "maxAge": 86400}, "cashflowStatementHistoryQuarterly": {"cashflowStatements": [{"maxAge": 1, "endDate": "2020-06-30", "netIncome": 12089000, "changeToLiabilities": 0}, {"maxAge": 1, "endDate": "2020-03-31", "netIncome": -14114000, "changeToLiabilities": 0}, {"maxAge": 1, "endDate": "2019-12-31", "netIncome": 11029000, "changeToLiabilities": 0}, {"maxAge": 1, "endDate": "2019-09-30", "netIncome": 13020000, "changeToLiabilities": 0}], "maxAge": 86400}, "insiderHolders": {"holders": [{"maxAge": 1, "name": "Joseph (Vimala)", "relation": "Managing Director", "url": "", "transactionDescription": "Other", "latestTransDate": "2016-06-24", "positionDirect": 108825, "positionDirectDate": "2016-06-24"}, {"maxAge": 1, "name": "Raj (Joseb A)", "relation": "Chairman of the Board", "url": "", "transactionDescription": "Other", "latestTransDate": "2016-06-24", "positionDirect": 1108825, "positionDirectDate": "2016-06-24"}], "maxAge": 1}, "calendarEvents": {"maxAge": 1, "earnings": {"earningsDate": ["2020-09-14 05:30:S"]}}, "upgradeDowngradeHistory": {"history": [], "maxAge": 86400}, "price": {"maxAge": 1, "regularMarketChangePercent": 0.04991083, "regularMarketChange": 0.27999973, "regularMarketTime": "2021-04-30 15:05:51", "priceHint": 2, "regularMarketPrice": 5.89, "regularMarketDayHigh": 5.89, "regularMarketDayLow": 5.62, "regularMarketVolume": 5065, "averageDailyVolume10Day": 10597, "averageDailyVolume3Month": 6310, "regularMarketPreviousClose": 5.61, "regularMarketSource": "FREE_REALTIME", "regularMarketOpen": 5.62, "exchange": "BSE", "exchangeName": "BSE", "exchangeDataDelayedBy": 0, "marketState": "CLOSED", "quoteType": "EQUITY", "symbol": "OBIL.BO", "underlyingSymbol": null, "shortName": "OCEANAA BIOTEK INDUSTRIES LTD", "longName": "Oceanaa Biotek Industries Limited", "currency": "INR", "quoteSourceName": "Delayed Quote", "currencySymbol": "\u20b9", "fromCurrency": null, "lastMarket": null, "marketCap": 79899616}, "balanceSheetHistory": {"balanceSheetStatements": [{"maxAge": 1, "endDate": "2020-03-31", "cash": 1364113, "netReceivables": 52707903, "inventory": 7499306, "otherCurrentAssets": 138704535, "totalCurrentAssets": 200275857, "propertyPlantEquipment": 209976108, "totalAssets": 410251965, "accountsPayable": 35517545, "otherCurrentLiab": 84291788, "longTermDebt": 7547253, "otherLiab": 4204358, "totalCurrentLiabilities": 124816091, "totalLiab": 136567702, "commonStock": 135652750, "treasuryStock": 138031513, "otherStockholderEquity": 138031513, "totalStockholderEquity": 273684263, "netTangibleAssets": 273684263}, {"maxAge": 1, "endDate": "2019-03-31", "cash": 1142108, "netReceivables": 106105202, "inventory": 5428072, "otherCurrentAssets": 112614218, "totalCurrentAssets": 225305203, "propertyPlantEquipment": 166636369, "totalAssets": 391941572, "accountsPayable": 37479376, "otherCurrentLiab": 86807363, "longTermDebt": 10268582, "otherLiab": 465145, "totalCurrentLiabilities": 128575710, "totalLiab": 139309437, "commonStock": 135652750, "treasuryStock": 116979385, "otherStockholderEquity": 116979385, "totalStockholderEquity": 252632135, "netTangibleAssets": 252632135}, {"maxAge": 1, "endDate": "2018-03-31", "cash": 4889597, "netReceivables": 108258089, "inventory": 64175189, "otherCurrentAssets": 182667946, "totalCurrentAssets": 360399847, "propertyPlantEquipment": 243816613, "otherAssets": -1, "totalAssets": 604216459, "accountsPayable": 36423854, "otherCurrentLiab": 90554951, "longTermDebt": 12781099, "otherLiab": 7994650, "totalCurrentLiabilities": 131024510, "totalLiab": 151800259, "commonStock": 135652750, "treasuryStock": 316763450, "otherStockholderEquity": 316763450, "totalStockholderEquity": 452416200, "netTangibleAssets": 452416200}, {"maxAge": 1, "endDate": "2017-03-31", "cash": 3571141, "netReceivables": 48562961, "inventory": 49127563, "otherCurrentAssets": 63723152, "totalCurrentAssets": 165004139, "propertyPlantEquipment": 58101346, "totalAssets": 223105485, "accountsPayable": 43104741, "otherCurrentLiab": 25503157, "otherLiab": 1365012, "totalCurrentLiabilities": 70812067, "totalLiab": 72177079, "commonStock": 102000000, "retainedEarnings": 18566184, "treasuryStock": -911778, "capitalSurplus": 31274000, "otherStockholderEquity": -911778, "totalStockholderEquity": 150928406, "netTangibleAssets": 150928406}], "maxAge": 86400}, "financialData": {"maxAge": 86400, "currentPrice": 5.89, "recommendationKey": "none", "grossProfits": 139160000, "financialCurrency": "INR"}}}