{"OCEANIC.BO": {"cashflowStatementHistory": {"cashflowStatements": [{"maxAge": 1, "endDate": "2020-03-31", "netIncome": 28900000, "depreciation": 8800000, "changeToNetincome": 7900000, "changeToAccountReceivables": -72500000, "changeToLiabilities": 19600000, "changeToInventory": 76200000, "changeToOperatingActivities": 21900000, "totalCashFromOperatingActivities": 90800000, "capitalExpenditures": -9200000, "otherCashflowsFromInvestingActivities": 400000, "totalCashflowsFromInvestingActivities": -8600000, "dividendsPaid": -1300000, "netBorrowings": -68200000, "otherCashflowsFromFinancingActivities": -20100000, "totalCashFromFinancingActivities": -89600000, "changeInCash": -7400000}, {"maxAge": 1, "endDate": "2019-03-31", "netIncome": 21672769, "depreciation": 8144647, "changeToNetincome": 18520417, "changeToAccountReceivables": -27469416, "changeToLiabilities": -21530707, "changeToInventory": -78907968, "changeToOperatingActivities": 22125352, "totalCashFromOperatingActivities": -57444906, "capitalExpenditures": -8885980, "investments": 40000, "otherCashflowsFromInvestingActivities": 719379, "totalCashflowsFromInvestingActivities": -4905161, "dividendsPaid": -937500, "netBorrowings": 13286904, "otherCashflowsFromFinancingActivities": -15894415, "totalCashFromFinancingActivities": -3545011, "changeInCash": -65895078}, {"maxAge": 1, "endDate": "2018-03-31", "netIncome": 12884328, "depreciation": 7132174, "changeToNetincome": 20642681, "changeToAccountReceivables": 28994251, "changeToLiabilities": -32544974, "changeToInventory": 38145167, "changeToOperatingActivities": -10238164, "totalCashFromOperatingActivities": 65015463, "capitalExpenditures": -18187317, "investments": 40000, "otherCashflowsFromInvestingActivities": 1010160, "totalCashflowsFromInvestingActivities": -16802157, "dividendsPaid": -1128353, "netBorrowings": 18790607, "otherCashflowsFromFinancingActivities": -22764155, "totalCashFromFinancingActivities": -5101901, "changeInCash": 43111405}, {"maxAge": 1, "endDate": "2017-03-31", "netIncome": 20074487, "depreciation": 6590979, "changeToNetincome": 30557214, "changeToAccountReceivables": -41281281, "changeToLiabilities": 51334972, "changeToInventory": 1438555, "changeToOperatingActivities": -1082468, "totalCashFromOperatingActivities": 67632458, "capitalExpenditures": -22968198, "investments": 5000000, "otherCashflowsFromInvestingActivities": 3391931, "totalCashflowsFromInvestingActivities": -14576267, "dividendsPaid": -827459, "netBorrowings": -83874794, "otherCashflowsFromFinancingActivities": -30582783, "totalCashFromFinancingActivities": -55726255, "changeInCash": -2670064, "issuanceOfStock": 59558781}], "maxAge": 86400}, "institutionOwnership": {"ownershipList": [], "maxAge": 1}, "balanceSheetHistoryQuarterly": {"balanceSheetStatements": [{"maxAge": 1, "endDate": "2020-06-30", "totalStockholderEquity": 233900000, "netTangibleAssets": 233900000}, {"maxAge": 1, "endDate": "2020-03-31", "cash": 400000, "netReceivables": 235500000, "inventory": 48900000, "otherCurrentAssets": 19500000, "totalCurrentAssets": 304300000, "propertyPlantEquipment": 134100000, "otherAssets": 8800000, "totalAssets": 447200000, "accountsPayable": 38700000, "otherCurrentLiab": 32600000, "longTermDebt": 3800000, "otherLiab": 8800000, "totalCurrentLiabilities": 200700000, "totalLiab": 213300000, "commonStock": 112500000, "treasuryStock": 121400000, "otherStockholderEquity": 121400000, "totalStockholderEquity": 233900000, "netTangibleAssets": 233900000}, {"maxAge": 1, "endDate": "2019-12-31"}, {"maxAge": 1, "endDate": "2019-06-30"}], "maxAge": 86400}, "indexTrend": {"maxAge": 1, "symbol": "SP5", "peRatio": 19.7411, "pegRatio": 1.34172, "estimates": [{"period": "0q", "growth": 0.549}, {"period": "+1q", "growth": 0.431}, {"period": "0y", "growth": 0.305}, {"period": "+1y", "growth": 0.109}, {"period": "+5y", "growth": 0.120859005}, {"period": "-5y"}]}, "insiderTransactions": {"transactions": [{"maxAge": 1, "shares": 420000, "filerUrl": "", "transactionText": "Gift at price 0.00 per share.", "filerName": "Patel (Khyati Tulan)", "filerRelation": "UNREPORTED", "moneyText": "", "startDate": "2020-07-13", "ownership": "D"}, {"maxAge": 1, "shares": 2932785, "filerUrl": "", "transactionText": "Gift at price 0.00 per share.", "filerName": "Patel (Nirmala V)", "filerRelation": "UNREPORTED", "moneyText": "", "startDate": "2020-07-13", "ownership": "D"}, {"maxAge": 1, "shares": 1057485, "filerUrl": "", "transactionText": "Gift at price 0.00 per share.", "filerName": "Patel (Ajesh V)", "filerRelation": "UNREPORTED", "moneyText": "", "startDate": "2020-07-10", "ownership": "D"}, {"maxAge": 1, "shares": 1009800, "filerUrl": "", "transactionText": "Gift at price 0.00 per share.", "filerName": "Patel (Tulan V)", "filerRelation": "UNREPORTED", "moneyText": "", "startDate": "2020-07-10", "ownership": "D"}, {"maxAge": 1, "shares": 445500, "filerUrl": "", "transactionText": "Gift at price 0.00 per share.", "filerName": "Patel (Ajesh V) HUF", "filerRelation": "UNREPORTED", "moneyText": "", "startDate": "2020-07-09", "ownership": "D"}, {"maxAge": 1, "shares": 20000, "filerUrl": "", "transactionText": "", "filerName": "Patel (Khyati Tulan)", "filerRelation": "UNREPORTED", "moneyText": "", "startDate": "2018-12-03", "ownership": "D"}, {"maxAge": 1, "shares": 21000, "filerUrl": "", "transactionText": "", "filerName": "Patel (Khyati Tulan)", "filerRelation": "UNREPORTED", "moneyText": "", "startDate": "2018-11-26", "ownership": "D"}, {"maxAge": 1, "shares": 15000, "filerUrl": "", "transactionText": "", "filerName": "Patel (Khyati Tulan)", "filerRelation": "UNREPORTED", "moneyText": "", "startDate": "2018-11-14", "ownership": "D"}, {"maxAge": 1, "shares": 20000, "filerUrl": "", "transactionText": "", "filerName": "Patel (Khyati Tulan)", "filerRelation": "UNREPORTED", "moneyText": "", "startDate": "2018-11-02", "ownership": "D"}, {"maxAge": 1, "shares": 64000, "filerUrl": "", "transactionText": "", "filerName": "Patel (Khyati Tulan)", "filerRelation": "UNREPORTED", "moneyText": "", "startDate": "2018-04-13", "ownership": "D"}, {"maxAge": 1, "shares": 68000, "filerUrl": "", "transactionText": "", "filerName": "Vyas (Parag) HUF", "filerRelation": "UNREPORTED", "moneyText": "", "startDate": "2018-04-06", "ownership": "D"}], "maxAge": 1}, "quoteType": {"exchange": "BSE", "quoteType": "EQUITY", "symbol": "OCEANIC.BO", "underlyingSymbol": "OCEANIC.BO", "shortName": "Oceanic Foods Limited", "longName": "Oceanic Foods Limited", "firstTradeDateEpochUtc": "2017-03-31 09:15:00", "timeZoneFullName": "Asia/Kolkata", "timeZoneShortName": "IST", "uuid": "aae0e672-c5f9-3361-ba20-f572354526b4", "gmtOffSetMilliseconds": 19800000, "maxAge": 1}, "incomeStatementHistory": {"incomeStatementHistory": [{"maxAge": 1, "endDate": "2020-03-31", "totalRevenue": 911200000, "costOfRevenue": 689400000, "grossProfit": 221800000, "researchDevelopment": {}, "sellingGeneralAdministrative": 22100000, "nonRecurring": {}, "otherOperatingExpenses": 134800000, "totalOperatingExpenses": 855100000, "operatingIncome": 56100000, "totalOtherIncomeExpenseNet": -18200000, "ebit": 56100000, "interestExpense": -20000000, "incomeBeforeTax": 37900000, "incomeTaxExpense": 9000000, "minorityInterest": {}, "netIncomeFromContinuingOps": 28900000, "discontinuedOperations": {}, "extraordinaryItems": {}, "effectOfAccountingCharges": {}, "otherItems": {}, "netIncome": 28900000, "netIncomeApplicableToCommonShares": 28900000}, {"maxAge": 1, "endDate": "2019-03-31", "totalRevenue": 783989520, "costOfRevenue": 560442140, "grossProfit": 223547380, "researchDevelopment": {}, "sellingGeneralAdministrative": 37550857, "nonRecurring": {}, "otherOperatingExpenses": 133463360, "totalOperatingExpenses": 739601004, "operatingIncome": 44388516, "totalOtherIncomeExpenseNet": -15806603, "ebit": 44388516, "interestExpense": -15373541, "incomeBeforeTax": 28581913, "incomeTaxExpense": 6909144, "minorityInterest": {}, "netIncomeFromContinuingOps": 21672769, "discontinuedOperations": {}, "extraordinaryItems": {}, "effectOfAccountingCharges": {}, "otherItems": {}, "netIncome": 21672769, "netIncomeApplicableToCommonShares": 21672769}, {"maxAge": 1, "endDate": "2018-03-31", "totalRevenue": 814956088, "costOfRevenue": 582322418, "grossProfit": 232633670, "researchDevelopment": {}, "sellingGeneralAdministrative": 36533222, "nonRecurring": {}, "otherOperatingExpenses": 147119265, "totalOperatingExpenses": 773107079, "operatingIncome": 41849009, "totalOtherIncomeExpenseNet": -22452094, "ebit": 41849009, "interestExpense": -21824587, "incomeBeforeTax": 19396915, "incomeTaxExpense": 6512587, "minorityInterest": {}, "netIncomeFromContinuingOps": 12884328, "discontinuedOperations": {}, "extraordinaryItems": {}, "effectOfAccountingCharges": {}, "otherItems": {}, "netIncome": 12884328, "netIncomeApplicableToCommonShares": 12884328}, {"maxAge": 1, "endDate": "2017-03-31", "totalRevenue": 782562670, "costOfRevenue": 578336778, "grossProfit": 204225892, "researchDevelopment": {}, "sellingGeneralAdministrative": 32111036, "nonRecurring": {}, "otherOperatingExpenses": 104786109, "totalOperatingExpenses": 721824902, "operatingIncome": 60737768, "totalOtherIncomeExpenseNet": -29933230, "ebit": 60737768, "interestExpense": -30270772, "incomeBeforeTax": 30804538, "incomeTaxExpense": 10730051, "minorityInterest": {}, "netIncomeFromContinuingOps": 20074487, "discontinuedOperations": {}, "extraordinaryItems": {}, "effectOfAccountingCharges": {}, "otherItems": {}, "netIncome": 20074487, "netIncomeApplicableToCommonShares": 20074487}], "maxAge": 86400}, "fundOwnership": {"ownershipList": [], "maxAge": 1}, "summaryDetail": {"maxAge": 1, "priceHint": 2, "previousClose": 43.6, "open": 44.9, "dayLow": 41.5, "dayHigh": 44.9, "regularMarketPreviousClose": 43.6, "regularMarketOpen": 44.9, "regularMarketDayLow": 41.5, "regularMarketDayHigh": 44.9, "trailingPE": 15.485074, "volume": 200, "regularMarketVolume": 200, "averageVolume": 5505, "averageVolume10days": 434, "averageDailyVolume10Day": 434, "bid": 41.6, "ask": 0.0, "bidSize": 0, "askSize": 0, "marketCap": 466875008, "fiftyTwoWeekLow": 29.3, "fiftyTwoWeekHigh": 54.5, "fiftyDayAverage": 46.59697, "twoHundredDayAverage": 40.321323, "trailingAnnualDividendRate": 0.1, "trailingAnnualDividendYield": 0.002293578, "currency": "INR", "fromCurrency": null, "lastMarket": null, "algorithm": null, "tradeable": false}, "incomeStatementHistoryQuarterly": {"incomeStatementHistory": [{"maxAge": 1, "endDate": "2020-06-30", "totalRevenue": 232100000, "costOfRevenue": 176800000, "grossProfit": 55300000, "researchDevelopment": {}, "sellingGeneralAdministrative": 5700000, "nonRecurring": {}, "otherOperatingExpenses": 35500000, "totalOperatingExpenses": 220300000, "operatingIncome": 11800000, "totalOtherIncomeExpenseNet": -700000, "ebit": 11800000, "interestExpense": -3400000, "incomeBeforeTax": 11100000, "incomeTaxExpense": 2700000, "minorityInterest": {}, "netIncomeFromContinuingOps": 8400000, "discontinuedOperations": {}, "extraordinaryItems": {}, "effectOfAccountingCharges": {}, "otherItems": {}, "netIncome": 8400000, "netIncomeApplicableToCommonShares": 8400000}, {"maxAge": 1, "endDate": "2020-03-31", "totalRevenue": 217800000, "costOfRevenue": 174400000, "grossProfit": 43400000, "researchDevelopment": {}, "sellingGeneralAdministrative": 5900000, "nonRecurring": {}, "otherOperatingExpenses": 28800000, "totalOperatingExpenses": 211300000, "operatingIncome": 6500000, "totalOtherIncomeExpenseNet": -3300000, "ebit": 6500000, "interestExpense": -3500000, "incomeBeforeTax": 3200000, "incomeTaxExpense": 800000, "minorityInterest": {}, "netIncomeFromContinuingOps": 2400000, "discontinuedOperations": {}, "extraordinaryItems": {}, "effectOfAccountingCharges": {}, "otherItems": {}, "netIncome": 2400000, "netIncomeApplicableToCommonShares": 2400000}, {"maxAge": 1, "endDate": "2019-12-31", "totalRevenue": 249900000, "costOfRevenue": 195000000, "grossProfit": 54900000, "researchDevelopment": {}, "sellingGeneralAdministrative": 5100000, "nonRecurring": {}, "otherOperatingExpenses": 31400000, "totalOperatingExpenses": 233700000, "operatingIncome": 16200000, "totalOtherIncomeExpenseNet": -3800000, "ebit": 16200000, "interestExpense": -4300000, "incomeBeforeTax": 12400000, "incomeTaxExpense": 3200000, "minorityInterest": {}, "netIncomeFromContinuingOps": 9200000, "discontinuedOperations": {}, "extraordinaryItems": {}, "effectOfAccountingCharges": {}, "otherItems": {}, "netIncome": 9200000, "netIncomeApplicableToCommonShares": 9200000}, {"maxAge": 1, "endDate": "2019-06-30", "totalRevenue": 240500000, "costOfRevenue": 176600000, "grossProfit": 63900000, "researchDevelopment": {}, "sellingGeneralAdministrative": 5600000, "nonRecurring": {}, "otherOperatingExpenses": 40800000, "totalOperatingExpenses": 225200000, "operatingIncome": 15300000, "totalOtherIncomeExpenseNet": -5200000, "ebit": 15300000, "interestExpense": -6400000, "incomeBeforeTax": 10100000, "incomeTaxExpense": 2900000, "minorityInterest": {}, "netIncomeFromContinuingOps": 7200000, "discontinuedOperations": {}, "extraordinaryItems": {}, "effectOfAccountingCharges": {}, "otherItems": {}, "netIncome": 7200000, "netIncomeApplicableToCommonShares": 7200000}], "maxAge": 86400}, "cashflowStatementHistoryQuarterly": {"cashflowStatements": [{"maxAge": 1, "endDate": "2020-06-30", "netIncome": 8400000, "changeToLiabilities": 0}, {"maxAge": 1, "endDate": "2020-03-31", "netIncome": 2400000, "changeToLiabilities": 0}, {"maxAge": 1, "endDate": "2019-12-31", "netIncome": 9200000, "changeToLiabilities": 0}, {"maxAge": 1, "endDate": "2019-06-30", "netIncome": 7200000, "changeToLiabilities": 0}], "maxAge": 86400}, "insiderHolders": {"holders": [{"maxAge": 1, "name": "Patel (Ajesh V)", "relation": "UNREPORTED", "url": "", "transactionDescription": "Gift", "latestTransDate": "2020-07-10", "positionDirect": 0, "positionDirectDate": "2020-07-10"}, {"maxAge": 1, "name": "Patel (Ajesh V) HUF", "relation": "UNREPORTED", "url": "", "transactionDescription": "Gift", "latestTransDate": "2020-07-09", "positionDirect": 0, "positionDirectDate": "2020-07-09"}, {"maxAge": 1, "name": "Patel (Khyati Tulan)", "relation": "UNREPORTED", "url": "", "transactionDescription": "Gift", "latestTransDate": "2020-07-13", "positionDirect": 0, "positionDirectDate": "2020-07-13"}, {"maxAge": 1, "name": "Patel (Nirmala V)", "relation": "UNREPORTED", "url": "", "transactionDescription": "Gift", "latestTransDate": "2020-07-13", "positionDirect": 4305189, "positionDirectDate": "2020-07-13"}, {"maxAge": 1, "name": "Patel (Tulan V)", "relation": "UNREPORTED", "url": "", "transactionDescription": "Gift", "latestTransDate": "2020-07-10", "positionDirect": 0, "positionDirectDate": "2020-07-10"}, {"maxAge": 1, "name": "Vyas (Parag) HUF", "relation": "UNREPORTED", "url": "", "transactionDescription": "Acquisition", "latestTransDate": "2018-04-06", "positionDirect": 68000, "positionDirectDate": "2018-04-06"}], "maxAge": 1}, "calendarEvents": {"maxAge": 1, "earnings": {"earningsDate": ["2020-09-15 05:30:S"]}}, "upgradeDowngradeHistory": {"history": [], "maxAge": 86400}, "price": {"maxAge": 1, "regularMarketChangePercent": -0.048165105, "regularMarketChange": -2.0999985, "regularMarketTime": "2021-04-30 13:37:42", "priceHint": 2, "regularMarketPrice": 41.5, "regularMarketDayHigh": 44.9, "regularMarketDayLow": 41.5, "regularMarketVolume": 200, "averageDailyVolume10Day": 434, "averageDailyVolume3Month": 5505, "regularMarketPreviousClose": 43.6, "regularMarketSource": "FREE_REALTIME", "regularMarketOpen": 44.9, "exchange": "BSE", "exchangeName": "BSE", "exchangeDataDelayedBy": 0, "marketState": "CLOSED", "quoteType": "EQUITY", "symbol": "OCEANIC.BO", "underlyingSymbol": null, "shortName": "Oceanic Foods Limited", "longName": "Oceanic Foods Limited", "currency": "INR", "quoteSourceName": "Delayed Quote", "currencySymbol": "\u20b9", "fromCurrency": null, "lastMarket": null, "marketCap": 466875008}, "balanceSheetHistory": {"balanceSheetStatements": [{"maxAge": 1, "endDate": "2020-03-31", "cash": 400000, "netReceivables": 235500000, "inventory": 48900000, "otherCurrentAssets": 19500000, "totalCurrentAssets": 304300000, "propertyPlantEquipment": 134100000, "otherAssets": 8800000, "totalAssets": 447200000, "accountsPayable": 38700000, "otherCurrentLiab": 32600000, "longTermDebt": 3800000, "otherLiab": 8800000, "totalCurrentLiabilities": 200700000, "totalLiab": 213300000, "commonStock": 112500000, "treasuryStock": 121400000, "otherStockholderEquity": 121400000, "totalStockholderEquity": 233900000, "netTangibleAssets": 233900000}, {"maxAge": 1, "endDate": "2019-03-31", "cash": 7783164, "netReceivables": 158438184, "inventory": 125087564, "otherCurrentAssets": 31713573, "totalCurrentAssets": 323022485, "longTermInvestments": 20000, "propertyPlantEquipment": 123775887, "otherAssets": 3922826, "totalAssets": 450741198, "accountsPayable": 19112856, "shortLongTermDebt": 699327, "otherCurrentLiab": 1510253, "longTermDebt": 4554243, "otherLiab": 8847318, "totalCurrentLiabilities": 230959890, "totalLiab": 244361451, "commonStock": 37500000, "retainedEarnings": 118820966, "capitalSurplus": 50058781, "totalStockholderEquity": 206379747, "netTangibleAssets": 206379747}, {"maxAge": 1, "endDate": "2018-03-31", "cash": 73678242, "netReceivables": 131736974, "inventory": 46179596, "otherCurrentAssets": 47866552, "totalCurrentAssets": 299461364, "longTermInvestments": 69000, "propertyPlantEquipment": 127480934, "otherAssets": 4813207, "totalAssets": 431824505, "accountsPayable": 40643562, "shortLongTermDebt": 1381535, "otherCurrentLiab": 4522791, "longTermDebt": 7383551, "otherLiab": 9412262, "totalCurrentLiabilities": 230821714, "totalLiab": 247617527, "commonStock": 37500000, "retainedEarnings": 97148197, "capitalSurplus": 49558781, "totalStockholderEquity": 184206978, "netTangibleAssets": 184206978}, {"maxAge": 1, "endDate": "2017-03-31", "cash": 30566836, "netReceivables": 155204573, "inventory": 84324763, "otherCurrentAssets": 43132484, "totalCurrentAssets": 313228656, "longTermInvestments": 69000, "propertyPlantEquipment": 116800790, "otherAssets": 4813207, "totalAssets": 434911653, "accountsPayable": 73188535, "shortLongTermDebt": 2394436, "otherCurrentLiab": 6383862, "longTermDebt": 2870085, "otherLiab": 8535592, "totalCurrentLiabilities": 251054974, "totalLiab": 262460651, "commonStock": 37500000, "retainedEarnings": 85392221, "capitalSurplus": 49558781, "totalStockholderEquity": 172451002, "netTangibleAssets": 172451002}], "maxAge": 86400}, "financialData": {"maxAge": 86400, "currentPrice": 41.5, "recommendationKey": "none", "grossProfits": 221800000, "financialCurrency": "INR"}}}