{"ODYSSEY.BO": {"recommendationTrend": {"trend": [{"period": "0m", "strongBuy": 0, "buy": 0, "hold": 0, "sell": 0, "strongSell": 0}, {"period": "-1m", "strongBuy": 0, "buy": 0, "hold": 0, "sell": 0, "strongSell": 0}, {"period": "-2m", "strongBuy": 0, "buy": 0, "hold": 0, "sell": 0, "strongSell": 0}, {"period": "-3m", "strongBuy": 0, "buy": 0, "hold": 0, "sell": 0, "strongSell": 0}], "maxAge": 86400}, "cashflowStatementHistory": {"cashflowStatements": [{"maxAge": 1, "endDate": "2020-03-31", "netIncome": 4535000, "depreciation": 41488000, "changeToNetincome": -3438000, "changeToAccountReceivables": -15569000, "changeToLiabilities": 692000, "changeToOperatingActivities": 335000, "totalCashFromOperatingActivities": 28043000, "capitalExpenditures": -9389000, "investments": -1787000, "otherCashflowsFromInvestingActivities": 6422000, "totalCashflowsFromInvestingActivities": -4235000, "netBorrowings": -10888000, "otherCashflowsFromFinancingActivities": -5000000, "totalCashFromFinancingActivities": -15888000, "changeInCash": 7920000}, {"maxAge": 1, "endDate": "2019-03-31", "netIncome": 6422000, "depreciation": 20542000, "changeToNetincome": -8193000, "changeToAccountReceivables": 28835000, "changeToLiabilities": 3540000, "changeToOperatingActivities": -927000, "totalCashFromOperatingActivities": 50219000, "capitalExpenditures": -4673000, "investments": 169000, "otherCashflowsFromInvestingActivities": 4762000, "totalCashflowsFromInvestingActivities": 3918000, "netBorrowings": -10093000, "otherCashflowsFromFinancingActivities": -5794000, "totalCashFromFinancingActivities": -15887000, "changeInCash": 38250000}, {"maxAge": 1, "endDate": "2018-03-31", "netIncome": 24088000, "depreciation": 9469000, "changeToNetincome": -9331000, "changeToAccountReceivables": -4863000, "changeToLiabilities": 1280000, "changeToOperatingActivities": -260000, "totalCashFromOperatingActivities": 20383000, "capitalExpenditures": -1405000, "investments": 516000, "otherCashflowsFromInvestingActivities": 3421000, "totalCashflowsFromInvestingActivities": 2536000, "netBorrowings": -9015000, "otherCashflowsFromFinancingActivities": -6925000, "totalCashFromFinancingActivities": -15940000, "changeInCash": 6979000}, {"maxAge": 1, "endDate": "2017-03-31", "netIncome": 25751000, "depreciation": 5398000, "changeToNetincome": 989000, "changeToAccountReceivables": -18369000, "changeToLiabilities": 6231000, "changeToOperatingActivities": 1275000, "totalCashFromOperatingActivities": 21275000, "capitalExpenditures": -118047000, "investments": -2000, "otherCashflowsFromInvestingActivities": 6490000, "totalCashflowsFromInvestingActivities": -111531000, "netBorrowings": 74869000, "otherCashflowsFromFinancingActivities": -3018000, "totalCashFromFinancingActivities": 71851000, "changeInCash": -18405000}], "maxAge": 86400}, "institutionOwnership": {"maxAge": 1, "ownershipList": []}, "balanceSheetHistoryQuarterly": {"balanceSheetStatements": [{"maxAge": 1, "endDate": "2020-06-30", "totalStockholderEquity": 364598000, "netTangibleAssets": 220752000}, {"maxAge": 1, "endDate": "2020-03-31", "cash": 105568000, "netReceivables": 43985000, "otherCurrentAssets": 32957000, "totalCurrentAssets": 183401000, "propertyPlantEquipment": 106749000, "intangibleAssets": 143846000, "otherAssets": 5806000, "totalAssets": 439802000, "accountsPayable": 11683000, "shortLongTermDebt": 12185000, "otherCurrentLiab": 7449000, "longTermDebt": 34444000, "otherLiab": 9375000, "totalCurrentLiabilities": 31385000, "totalLiab": 75204000, "commonStock": 85120000, "retainedEarnings": 37574000, "treasuryStock": 184726000, "capitalSurplus": 57178000, "otherStockholderEquity": 184726000, "totalStockholderEquity": 364598000, "netTangibleAssets": 220752000}, {"maxAge": 1, "endDate": "2019-12-31", "totalStockholderEquity": 192442000, "netTangibleAssets": 191792000}, {"maxAge": 1, "endDate": "2019-09-30", "cash": 72534000, "shortTermInvestments": 7514000, "netReceivables": 51941000, "otherCurrentAssets": 25873000, "totalCurrentAssets": 158312000, "longTermInvestments": 1650000, "propertyPlantEquipment": 108495000, "intangibleAssets": 650000, "otherAssets": 1660000, "totalAssets": 270767000, "accountsPayable": 8710000, "shortLongTermDebt": 11339000, "otherCurrentLiab": 13612000, "longTermDebt": 40904000, "otherLiab": 3760000, "totalCurrentLiabilities": 33661000, "totalLiab": 78325000, "commonStock": 88649000, "treasuryStock": 103793000, "otherStockholderEquity": 103793000, "totalStockholderEquity": 192442000, "netTangibleAssets": 191792000}], "maxAge": 86400}, "earningsHistory": {"history": [{"maxAge": 1, "epsActual": {}, "epsEstimate": {}, "epsDifference": {}, "surprisePercent": {}, "quarter": {}, "period": "-4q"}, {"maxAge": 1, "epsActual": {}, "epsEstimate": {}, "epsDifference": {}, "surprisePercent": {}, "quarter": {}, "period": "-3q"}, {"maxAge": 1, "epsActual": {}, "epsEstimate": {}, "epsDifference": {}, "surprisePercent": {}, "quarter": {}, "period": "-2q"}, {"maxAge": 1, "epsActual": {}, "epsEstimate": {}, "epsDifference": {}, "surprisePercent": {}, "quarter": {}, "period": "-1q"}], "maxAge": 86400}, "indexTrend": {"maxAge": 1, "symbol": "SP5", "peRatio": 19.7411, "pegRatio": 1.34172, "estimates": [{"period": "0q", "growth": 0.549}, {"period": "+1q", "growth": 0.431}, {"period": "0y", "growth": 0.305}, {"period": "+1y", "growth": 0.109}, {"period": "+5y", "growth": 0.120859005}, {"period": "-5y"}]}, "industryTrend": {"maxAge": 1, "symbol": null, "estimates": []}, "insiderTransactions": {"transactions": [{"maxAge": 1, "shares": 11400, "value": 1519, "filerUrl": "", "transactionText": "Acquisition at price 0.13 per share.", "filerName": "Raja (Arul Mary)", "filerRelation": "Promoter", "moneyText": "", "startDate": "2020-08-07", "ownership": "D"}, {"maxAge": 1, "shares": 11400, "value": 1519, "filerUrl": "", "transactionText": "Acquisition at price 0.13 per share.", "filerName": "Raja (Isabelle)", "filerRelation": "Promoter", "moneyText": "", "startDate": "2020-08-07", "ownership": "D"}, {"maxAge": 1, "shares": 7200000, "value": 959760, "filerUrl": "", "transactionText": "Acquisition at price 0.13 per share.", "filerName": "Raja (Robert B)", "filerRelation": "Chairman of the Board", "moneyText": "", "startDate": "2020-08-07", "ownership": "D"}, {"maxAge": 1, "shares": 100000, "filerUrl": "", "transactionText": "", "filerName": "Cyberneme Pvt. Ltd.", "filerRelation": "Promoter", "moneyText": "", "startDate": "2018-11-16", "ownership": "D"}, {"maxAge": 1, "shares": 100000, "filerUrl": "", "transactionText": "", "filerName": "Raja (Antony B)", "filerRelation": "Promoter", "moneyText": "", "startDate": "2018-11-16", "ownership": "D"}], "maxAge": 1}, "quoteType": {"exchange": "BSE", "quoteType": "EQUITY", "symbol": "ODYSSEY.BO", "underlyingSymbol": "ODYSSEY.BO", "shortName": "ODYSSEY TECHNOLOGIES LTD.", "longName": "Odyssey Technologies Limited", "firstTradeDateEpochUtc": "2002-01-28 09:15:00", "timeZoneFullName": "Asia/Kolkata", "timeZoneShortName": "IST", "uuid": "05fbf0ee-3ea0-3b18-90f0-4b535423ba1d", "messageBoardId": null, "gmtOffSetMilliseconds": 19800000, "maxAge": 1}, "incomeStatementHistory": {"incomeStatementHistory": [{"maxAge": 1, "endDate": "2020-03-31", "totalRevenue": 176473000, "costOfRevenue": 19342000, "grossProfit": 157131000, "researchDevelopment": {}, "sellingGeneralAdministrative": 95648000, "nonRecurring": {}, "otherOperatingExpenses": 14897000, "totalOperatingExpenses": 171375000, "operatingIncome": 5098000, "totalOtherIncomeExpenseNet": 3138000, "ebit": 5098000, "interestExpense": -5000000, "incomeBeforeTax": 8236000, "incomeTaxExpense": 3701000, "minorityInterest": {}, "netIncomeFromContinuingOps": 4535000, "discontinuedOperations": {}, "extraordinaryItems": {}, "effectOfAccountingCharges": {}, "otherItems": {}, "netIncome": 4535000, "netIncomeApplicableToCommonShares": 4535000}, {"maxAge": 1, "endDate": "2019-03-31", "totalRevenue": 136195000, "costOfRevenue": 13029000, "grossProfit": 123166000, "researchDevelopment": {}, "sellingGeneralAdministrative": 80342000, "nonRecurring": {}, "otherOperatingExpenses": 11684000, "totalOperatingExpenses": 125597000, "operatingIncome": 10598000, "totalOtherIncomeExpenseNet": -178000, "ebit": 10598000, "interestExpense": -5794000, "incomeBeforeTax": 10420000, "incomeTaxExpense": 3998000, "minorityInterest": {}, "netIncomeFromContinuingOps": 6422000, "discontinuedOperations": {}, "extraordinaryItems": {}, "effectOfAccountingCharges": {}, "otherItems": {}, "netIncome": 6422000, "netIncomeApplicableToCommonShares": 6422000}, {"maxAge": 1, "endDate": "2018-03-31", "totalRevenue": 136556000, "costOfRevenue": 8539000, "grossProfit": 128017000, "researchDevelopment": {}, "sellingGeneralAdministrative": 70225000, "nonRecurring": {}, "otherOperatingExpenses": 12327000, "totalOperatingExpenses": 100560000, "operatingIncome": 35996000, "totalOtherIncomeExpenseNet": -2891000, "ebit": 35996000, "interestExpense": -6925000, "incomeBeforeTax": 33105000, "incomeTaxExpense": 9017000, "minorityInterest": {}, "netIncomeFromContinuingOps": 24088000, "discontinuedOperations": {}, "extraordinaryItems": {}, "effectOfAccountingCharges": {}, "otherItems": {}, "netIncome": 24088000, "netIncomeApplicableToCommonShares": 24088000}, {"maxAge": 1, "endDate": "2017-03-31", "totalRevenue": 119119000, "costOfRevenue": 7991000, "grossProfit": 111128000, "researchDevelopment": {}, "sellingGeneralAdministrative": 60010000, "nonRecurring": {}, "otherOperatingExpenses": 10529000, "totalOperatingExpenses": 83928000, "operatingIncome": 35191000, "totalOtherIncomeExpenseNet": 3376000, "ebit": 35191000, "interestExpense": -3018000, "incomeBeforeTax": 38567000, "incomeTaxExpense": 12816000, "minorityInterest": {}, "netIncomeFromContinuingOps": 25751000, "discontinuedOperations": {}, "extraordinaryItems": {}, "effectOfAccountingCharges": {}, "otherItems": {}, "netIncome": 25751000, "netIncomeApplicableToCommonShares": 25751000}], "maxAge": 86400}, "fundOwnership": {"maxAge": 1, "ownershipList": []}, "summaryDetail": {"maxAge": 1, "priceHint": 2, "previousClose": 54.15, "open": 51.45, "dayLow": 51.45, "dayHigh": 51.45, "regularMarketPreviousClose": 54.15, "regularMarketOpen": 51.45, "regularMarketDayLow": 51.45, "regularMarketDayHigh": 51.45, "trailingPE": 100.48828, "forwardPE": 13.575198, "volume": 5019, "regularMarketVolume": 5019, "averageVolume": 5728, "averageVolume10days": 3734, "averageDailyVolume10Day": 3734, "bid": 0.0, "ask": 57.0, "bidSize": 0, "askSize": 0, "marketCap": 828303872, "fiftyTwoWeekLow": 12.15, "fiftyTwoWeekHigh": 51.45, "fiftyDayAverage": 26.079412, "twoHundredDayAverage": 26.091911, "currency": "INR", "fromCurrency": null, "toCurrency": null, "lastMarket": null, "algorithm": null, "tradeable": false}, "sectorTrend": {"maxAge": 1, "symbol": null, "estimates": []}, "incomeStatementHistoryQuarterly": {"incomeStatementHistory": [{"maxAge": 1, "endDate": "2020-06-30", "totalRevenue": 40069000, "costOfRevenue": 0, "grossProfit": 40069000, "researchDevelopment": {}, "sellingGeneralAdministrative": 22281000, "nonRecurring": {}, "otherOperatingExpenses": 4065000, "totalOperatingExpenses": 35155000, "operatingIncome": 4914000, "totalOtherIncomeExpenseNet": 1090000, "ebit": 4914000, "interestExpense": -1027000, "incomeBeforeTax": 6004000, "incomeTaxExpense": 1687000, "minorityInterest": {}, "netIncomeFromContinuingOps": 4317000, "discontinuedOperations": {}, "extraordinaryItems": {}, "effectOfAccountingCharges": {}, "otherItems": {}, "netIncome": 4317000, "netIncomeApplicableToCommonShares": 4317000}, {"maxAge": 1, "endDate": "2020-03-31", "totalRevenue": 49236000, "costOfRevenue": 11749000, "grossProfit": 37487000, "researchDevelopment": {}, "sellingGeneralAdministrative": 25843000, "nonRecurring": {}, "otherOperatingExpenses": 232000, "totalOperatingExpenses": 72148000, "operatingIncome": -22912000, "totalOtherIncomeExpenseNet": 1071000, "ebit": -22912000, "interestExpense": -1092000, "incomeBeforeTax": -21841000, "incomeTaxExpense": -3558000, "minorityInterest": {}, "netIncomeFromContinuingOps": -18283000, "discontinuedOperations": {}, "extraordinaryItems": {}, "effectOfAccountingCharges": {}, "otherItems": {}, "netIncome": -18283000, "netIncomeApplicableToCommonShares": -18283000}, {"maxAge": 1, "endDate": "2019-12-31", "totalRevenue": 50683000, "costOfRevenue": 7545000, "grossProfit": 43138000, "researchDevelopment": {}, "sellingGeneralAdministrative": 23587000, "nonRecurring": {}, "otherOperatingExpenses": 4601000, "totalOperatingExpenses": 38356000, "operatingIncome": 12327000, "totalOtherIncomeExpenseNet": 1338000, "ebit": 12327000, "interestExpense": -1238000, "incomeBeforeTax": 13665000, "incomeTaxExpense": 2877000, "minorityInterest": {}, "netIncomeFromContinuingOps": 10788000, "discontinuedOperations": {}, "extraordinaryItems": {}, "effectOfAccountingCharges": {}, "otherItems": {}, "netIncome": 10788000, "netIncomeApplicableToCommonShares": 10788000}, {"maxAge": 1, "endDate": "2019-09-30", "totalRevenue": 40340000, "costOfRevenue": 0, "grossProfit": 40340000, "researchDevelopment": {}, "sellingGeneralAdministrative": 23779000, "nonRecurring": {}, "otherOperatingExpenses": 5211000, "totalOperatingExpenses": 31467000, "operatingIncome": 8873000, "totalOtherIncomeExpenseNet": 389000, "ebit": 8873000, "interestExpense": -1303000, "incomeBeforeTax": 9262000, "incomeTaxExpense": 2371000, "minorityInterest": {}, "netIncomeFromContinuingOps": 6891000, "discontinuedOperations": {}, "extraordinaryItems": {}, "effectOfAccountingCharges": {}, "otherItems": {}, "netIncome": 6891000, "netIncomeApplicableToCommonShares": 6891000}], "maxAge": 86400}, "cashflowStatementHistoryQuarterly": {"cashflowStatements": [{"maxAge": 1, "endDate": "2020-06-30", "netIncome": 4317000, "changeToLiabilities": 0}, {"maxAge": 1, "endDate": "2020-03-31", "netIncome": -18283000, "changeToLiabilities": 0}, {"maxAge": 1, "endDate": "2019-12-31", "netIncome": 10788000, "changeToLiabilities": 0}, {"maxAge": 1, "endDate": "2019-09-30", "netIncome": 6891000, "changeToLiabilities": 0}], "maxAge": 86400}, "insiderHolders": {"holders": [{"maxAge": 1, "name": "Cyberneme Pvt. Ltd.", "relation": "Promoter", "url": "", "transactionDescription": "Other", "latestTransDate": "2018-11-16", "positionDirect": 352900, "positionDirectDate": "2018-11-16"}, {"maxAge": 1, "name": "Raja (Antony B)", "relation": "Promoter", "url": "", "transactionDescription": "Other", "latestTransDate": "2018-11-16", "positionDirect": 202000, "positionDirectDate": "2018-11-16"}, {"maxAge": 1, "name": "Raja (Arul Mary)", "relation": "Promoter", "url": "", "transactionDescription": "Acquisition", "latestTransDate": "2020-08-07", "positionDirect": 393195, "positionDirectDate": "2020-08-07"}, {"maxAge": 1, "name": "Raja (Isabelle)", "relation": "Promoter", "url": "", "transactionDescription": "Acquisition", "latestTransDate": "2020-08-07", "positionDirect": 271613, "positionDirectDate": "2020-08-07"}, {"maxAge": 1, "name": "Raja (Robert B)", "relation": "Chairman of the Board", "url": "", "transactionDescription": "Acquisition", "latestTransDate": "2020-08-07", "positionDirect": 7779955, "positionDirectDate": "2020-08-07"}], "maxAge": 1}, "earnings": {"maxAge": 86400, "earningsChart": {"quarterly": [], "earningsDate": ["2020-08-07 05:30:S"]}, "financialsChart": {"yearly": [{"date": 2017, "revenue": 119119000, "earnings": 25751000}, {"date": 2018, "revenue": 136556000, "earnings": 24088000}, {"date": 2019, "revenue": 136195000, "earnings": 6422000}, {"date": 2020, "revenue": 176473000, "earnings": 4535000}], "quarterly": [{"date": "3Q2019", "revenue": 40340000, "earnings": 6891000}, {"date": "4Q2019", "revenue": 50683000, "earnings": 10788000}, {"date": "1Q2020", "revenue": 49236000, "earnings": -18283000}, {"date": "2Q2020", "revenue": 40069000, "earnings": 4317000}]}, "financialCurrency": "INR"}, "calendarEvents": {"maxAge": 1, "earnings": {"earningsDate": ["2020-08-07 05:30:S"]}}, "price": {"maxAge": 1, "regularMarketChangePercent": -0.049861506, "regularMarketChange": -2.7000008, "regularMarketTime": "2021-04-30 15:27:47", "priceHint": 2, "regularMarketPrice": 51.45, "regularMarketDayHigh": 51.45, "regularMarketDayLow": 51.45, "regularMarketVolume": 5019, "averageDailyVolume10Day": 3734, "averageDailyVolume3Month": 5728, "regularMarketPreviousClose": 54.15, "regularMarketSource": "FREE_REALTIME", "regularMarketOpen": 51.45, "exchange": "BSE", "exchangeName": "BSE", "exchangeDataDelayedBy": 0, "marketState": "CLOSED", "quoteType": "EQUITY", "symbol": "ODYSSEY.BO", "underlyingSymbol": null, "shortName": "ODYSSEY TECHNOLOGIES LTD.", "longName": "Odyssey Technologies Limited", "currency": "INR", "quoteSourceName": "Delayed Quote", "currencySymbol": "\u20b9", "fromCurrency": null, "toCurrency": null, "lastMarket": null, "marketCap": 828303872}, "balanceSheetHistory": {"balanceSheetStatements": [{"maxAge": 1, "endDate": "2020-03-31", "cash": 105568000, "netReceivables": 43985000, "otherCurrentAssets": 32957000, "totalCurrentAssets": 183401000, "propertyPlantEquipment": 106749000, "intangibleAssets": 143846000, "otherAssets": 5806000, "totalAssets": 439802000, "accountsPayable": 11683000, "shortLongTermDebt": 12185000, "otherCurrentLiab": 7449000, "longTermDebt": 34444000, "otherLiab": 9375000, "totalCurrentLiabilities": 31385000, "totalLiab": 75204000, "commonStock": 85120000, "retainedEarnings": 37574000, "treasuryStock": 184726000, "capitalSurplus": 57178000, "otherStockholderEquity": 184726000, "totalStockholderEquity": 364598000, "netTangibleAssets": 220752000}, {"maxAge": 1, "endDate": "2019-03-31", "cash": 97648000, "netReceivables": 29873000, "otherCurrentAssets": 27631000, "totalCurrentAssets": 156125000, "propertyPlantEquipment": 107366000, "intangibleAssets": 175634000, "otherAssets": 4298000, "totalAssets": 443423000, "accountsPayable": 3329000, "shortLongTermDebt": 10807000, "otherCurrentLiab": 14537000, "longTermDebt": 46710000, "otherLiab": 5674000, "totalCurrentLiabilities": 28673000, "totalLiab": 81057000, "commonStock": 85120000, "retainedEarnings": 33039000, "treasuryStock": 187029000, "capitalSurplus": 57178000, "otherStockholderEquity": 187029000, "totalStockholderEquity": 362366000, "netTangibleAssets": 186732000}, {"maxAge": 1, "endDate": "2018-03-31", "cash": 59398000, "netReceivables": 58878000, "otherCurrentAssets": 20927000, "totalCurrentAssets": 139806000, "longTermInvestments": 94000, "propertyPlantEquipment": 112000000, "intangibleAssets": 885000, "otherAssets": 3434000, "totalAssets": 256219000, "accountsPayable": 1889000, "shortLongTermDebt": 10184000, "otherCurrentLiab": 18449000, "longTermDebt": 57426000, "otherLiab": 1695000, "totalCurrentLiabilities": 30522000, "totalLiab": 89643000, "commonStock": 88649000, "retainedEarnings": 20783000, "treasuryStock": -34000, "capitalSurplus": 57178000, "otherStockholderEquity": -34000, "totalStockholderEquity": 166576000, "netTangibleAssets": 165691000}, {"maxAge": 1, "endDate": "2017-03-31", "cash": 52419000, "netReceivables": 53666000, "otherCurrentAssets": 15959000, "totalCurrentAssets": 122666000, "propertyPlantEquipment": 119834000, "intangibleAssets": 1117000, "otherAssets": 2372000, "totalAssets": 245989000, "accountsPayable": 3231000, "shortLongTermDebt": 8689000, "otherCurrentLiab": 19500000, "longTermDebt": 67936000, "otherLiab": 890000, "totalCurrentLiabilities": 31420000, "totalLiab": 100246000, "commonStock": 88649000, "retainedEarnings": -3305000, "treasuryStock": 3221000, "capitalSurplus": 57178000, "otherStockholderEquity": 3221000, "totalStockholderEquity": 145743000, "netTangibleAssets": 144626000}], "maxAge": 86400}, "earningsTrend": {"trend": [{"maxAge": 1, "period": "0q", "endDate": null, "growth": {}, "earningsEstimate": {"avg": 0.0, "low": 0.0, "high": 0.0, "yearAgoEps": {}, "numberOfAnalysts": 0, "growth": {}}, "revenueEstimate": {"avg": 0, "low": 0, "high": 0, "numberOfAnalysts": 0, "yearAgoRevenue": {}, "growth": {}}, "epsTrend": {"current": 0.0, "7daysAgo": 0.0, "30daysAgo": 0.0, "60daysAgo": 0.0, "90daysAgo": 0.0}, "epsRevisions": {"upLast7days": 0, "upLast30days": 0, "downLast30days": 0, "downLast90days": {}}}, {"maxAge": 1, "period": "+1q", "endDate": null, "growth": {}, "earningsEstimate": {"avg": 0.0, "low": 0.0, "high": 0.0, "yearAgoEps": {}, "numberOfAnalysts": 0, "growth": {}}, "revenueEstimate": {"avg": 0, "low": 0, "high": 0, "numberOfAnalysts": 0, "yearAgoRevenue": {}, "growth": {}}, "epsTrend": {"current": 0.0, "7daysAgo": 0.0, "30daysAgo": 0.0, "60daysAgo": 0.0, "90daysAgo": 0.0}, "epsRevisions": {"upLast7days": 0, "upLast30days": 0, "downLast30days": 0, "downLast90days": {}}}, {"maxAge": 1, "period": "0y", "endDate": null, "growth": {}, "earningsEstimate": {"avg": 0.0, "low": 0.0, "high": 0.0, "yearAgoEps": {}, "numberOfAnalysts": 0, "growth": {}}, "revenueEstimate": {"avg": 0, "low": 0, "high": 0, "numberOfAnalysts": 0, "yearAgoRevenue": {}, "growth": {}}, "epsTrend": {"current": 0.0, "7daysAgo": 0.0, "30daysAgo": 0.0, "60daysAgo": 0.0, "90daysAgo": 0.0}, "epsRevisions": {"upLast7days": 0, "upLast30days": 0, "downLast30days": 0, "downLast90days": {}}}, {"maxAge": 1, "period": "+1y", "endDate": null, "growth": {}, "earningsEstimate": {"avg": 0.0, "low": 0.0, "high": 0.0, "yearAgoEps": {}, "numberOfAnalysts": 0, "growth": {}}, "revenueEstimate": {"avg": 0, "low": 0, "high": 0, "numberOfAnalysts": 0, "yearAgoRevenue": {}, "growth": {}}, "epsTrend": {"current": 0.0, "7daysAgo": 0.0, "30daysAgo": 0.0, "60daysAgo": 0.0, "90daysAgo": 0.0}, "epsRevisions": {"upLast7days": 0, "upLast30days": 0, "downLast30days": 0, "downLast90days": {}}}, {"maxAge": 1, "period": "+5y", "endDate": null, "growth": {}, "earningsEstimate": {"avg": {}, "low": {}, "high": {}, "yearAgoEps": {}, "numberOfAnalysts": {}, "growth": {}}, "revenueEstimate": {"avg": {}, "low": {}, "high": {}, "numberOfAnalysts": {}, "yearAgoRevenue": {}, "growth": {}}, "epsTrend": {"current": {}, "7daysAgo": {}, "30daysAgo": {}, "60daysAgo": {}, "90daysAgo": {}}, "epsRevisions": {"upLast7days": {}, "upLast30days": {}, "downLast30days": {}, "downLast90days": {}}}, {"maxAge": 1, "period": "-5y", "endDate": null, "growth": {}, "earningsEstimate": {"avg": {}, "low": {}, "high": {}, "yearAgoEps": {}, "numberOfAnalysts": {}, "growth": {}}, "revenueEstimate": {"avg": {}, "low": {}, "high": {}, "numberOfAnalysts": {}, "yearAgoRevenue": {}, "growth": {}}, "epsTrend": {"current": {}, "7daysAgo": {}, "30daysAgo": {}, "60daysAgo": {}, "90daysAgo": {}}, "epsRevisions": {"upLast7days": {}, "upLast30days": {}, "downLast30days": {}, "downLast90days": {}}}], "maxAge": 1}, "financialData": {"maxAge": 86400, "currentPrice": 51.45, "targetHighPrice": 68.0, "targetLowPrice": 68.0, "targetMeanPrice": 68.0, "targetMedianPrice": 68.0, "recommendationMean": 2.0, "recommendationKey": "buy", "numberOfAnalystOpinions": 1, "grossProfits": 157131000, "financialCurrency": "INR"}}}