{"OIL.NS": {"assetProfile": {"address1": "Plot No. 19", "address2": "Near Film City Sector 16A", "city": "Noida", "zip": "201301", "country": "India", "phone": "91 12 0241 9000", "fax": "91 12 0248 8310", "website": "http://www.oil-india.com", "industry": "Oil & Gas E&P", "sector": "Energy", "longBusinessSummary": "Oil India Limited explores for, develops, and produces crude oil and natural gas in India and internationally. The company operates through Crude Oil, Natural Gas, Liquefied Petroleum Gas (LPG), Pipeline Transportation, and Renewal Energy segments. It is also involved in the transportation of crude oil and natural gas; and production of LPG, as well as in the provision of exploration and production related services. The company owns and operates 1,157 kilometers of cross-country crude oil pipelines; and 13 drilling rigs and 14 work-over rigs, as well as owns 10 crude oil pumping stations and 17 repeater stations in Assam, West Bengal, and Bihar states. It also generates energy through wind and solar power projects. In addition, the company has participating interests in NELP exploration blocks in Mahanadi Offshore, Mumbai Deepwater, Krishna Godavari Deepwater, etc., as well as in various projects in Libya, Gabon, the United States, Nigeria, Sudan, Yemen, Venezuela, Mozambique, Myanmar, Bangladesh, Russia, and Israel. Oil India Limited was founded in 1889 and is based in Noida, India.", "fullTimeEmployees": 6680, "companyOfficers": [{"maxAge": 1, "name": "Mr. Sushil Chandra Mishra", "title": "Chairman & MD", "fiscalYear": 2020, "totalPay": 5031402, "exercisedValue": 0, "unexercisedValue": 0}, {"maxAge": 1, "name": "Mr. Harish  Madhav", "title": "CFO, Director of Fin. & Director", "fiscalYear": 2020, "totalPay": 7008234, "exercisedValue": 0, "unexercisedValue": 0}, {"maxAge": 1, "name": "Mr. Ajaya Kumar Sahoo", "title": "GM, Company Sec. & Compliance Officer", "fiscalYear": 2020, "totalPay": 5507253, "exercisedValue": 0, "unexercisedValue": 0}, {"maxAge": 1, "name": "Mr. Biswajit  Roy", "age": 59, "title": "Director of HR & Bus. Devel. and Director", "yearBorn": 1961, "fiscalYear": 2020, "totalPay": 10534346, "exercisedValue": 0, "unexercisedValue": 0}, {"maxAge": 1, "name": "Dr. Pattabhiraman  Chandrasekaran", "age": 59, "title": "Director of Exploration & Devel. and Director", "yearBorn": 1961, "fiscalYear": 2020, "totalPay": 9411040, "exercisedValue": 0, "unexercisedValue": 0}, {"maxAge": 1, "name": "Mr. Pankaj Kumar Goswami", "title": "Director of Operations & Director", "exercisedValue": 0, "unexercisedValue": 0}, {"maxAge": 1, "name": "Mr. Hem Kanta Sharma IAS, M.Sc. (Chem)", "age": 68, "title": "Head of CLP", "yearBorn": 1952, "fiscalYear": 2009, "exercisedValue": 0, "unexercisedValue": 0}, {"maxAge": 1, "name": "Mr. Purushottam  Saraswat", "age": 61, "title": "Head of Services RP - Jodhpur", "yearBorn": 1959, "exercisedValue": 0, "unexercisedValue": 0}, {"maxAge": 1, "name": "Mr. Tabarak Hussain Mazumdar", "age": 70, "title": "Head of Drilling Support", "yearBorn": 1950, "exercisedValue": 0, "unexercisedValue": 0}, {"maxAge": 1, "name": "Mr. Udaysankar  Sengupta", "age": 68, "title": "Head of Chemical", "yearBorn": 1952, "exercisedValue": 0, "unexercisedValue": 0}], "auditRisk": 10, "boardRisk": 8, "compensationRisk": 1, "shareHolderRightsRisk": 4, "overallRisk": 7, "governanceEpochDate": "2021-04-01 05:30:00", "compensationAsOfEpochDate": "2020-12-31 05:30:00", "maxAge": 86400}, "recommendationTrend": {"trend": [{"period": "0m", "strongBuy": 0, "buy": 0, "hold": 0, "sell": 0, "strongSell": 0}, {"period": "-1m", "strongBuy": 7, "buy": 8, "hold": 7, "sell": 2, "strongSell": 2}, {"period": "-2m", "strongBuy": 6, "buy": 8, "hold": 8, "sell": 2, "strongSell": 2}, {"period": "-3m", "strongBuy": 6, "buy": 9, "hold": 8, "sell": 2, "strongSell": 2}], "maxAge": 86400}, "cashflowStatementHistory": {"cashflowStatements": [{"maxAge": 1, "endDate": "2020-03-31", "netIncome": 38155600000, "depreciation": 26998600000, "changeToNetincome": -15178700000, "changeToAccountReceivables": 3303800000, "changeToLiabilities": 21521200000, "changeToInventory": -709400000, "changeToOperatingActivities": -21224700000, "totalCashFromOperatingActivities": 53049100000, "capitalExpenditures": -28087300000, "investments": -11246800000, "otherCashflowsFromInvestingActivities": 12080800000, "totalCashflowsFromInvestingActivities": -27253300000, "dividendsPaid": -14042400000, "netBorrowings": -36973900000, "otherCashflowsFromFinancingActivities": -5962600000, "totalCashFromFinancingActivities": -56986800000, "effectOfExchangeRate": 64300000, "changeInCash": -31126700000, "repurchaseOfStock": -7900000}, {"maxAge": 1, "endDate": "2019-03-31", "netIncome": 32378000000, "depreciation": 19129300000, "changeToNetincome": -5172100000, "changeToAccountReceivables": 2527300000, "changeToLiabilities": 1054500000, "changeToInventory": -1492000000, "changeToOperatingActivities": 1805800000, "totalCashFromOperatingActivities": 50230800000, "capitalExpenditures": -24999200000, "investments": 7530200000, "otherCashflowsFromInvestingActivities": 11624600000, "totalCashflowsFromInvestingActivities": -5844400000, "dividendsPaid": -12979000000, "netBorrowings": 21020500000, "otherCashflowsFromFinancingActivities": -6520700000, "totalCashFromFinancingActivities": -9401700000, "effectOfExchangeRate": 60100000, "changeInCash": 35044800000, "repurchaseOfStock": -10922500000}, {"maxAge": 1, "endDate": "2018-03-31", "netIncome": 27346200000, "depreciation": 15591500000, "changeToNetincome": 8351400000, "changeToAccountReceivables": -5160800000, "changeToLiabilities": -4667300000, "changeToInventory": 93700000, "changeToOperatingActivities": -2224000000, "totalCashFromOperatingActivities": 39330700000, "capitalExpenditures": -26657100000, "investments": 36342600000, "otherCashflowsFromInvestingActivities": 4898000000, "totalCashflowsFromInvestingActivities": 14583500000, "dividendsPaid": -14186900000, "netBorrowings": -19146700000, "otherCashflowsFromFinancingActivities": -8296600000, "totalCashFromFinancingActivities": -56982800000, "effectOfExchangeRate": 3192300000, "changeInCash": 123700000, "repurchaseOfStock": -15352600000}, {"maxAge": 1, "endDate": "2017-03-31", "netIncome": 15965600000, "depreciation": 14850900000, "changeToNetincome": -5410300000, "changeToAccountReceivables": 2892300000, "changeToLiabilities": 4324700000, "changeToInventory": -1125000000, "changeToOperatingActivities": -358800000, "totalCashFromOperatingActivities": 31139400000, "capitalExpenditures": -28662200000, "investments": -48760700000, "otherCashflowsFromInvestingActivities": 16030000000, "totalCashflowsFromInvestingActivities": -61392900000, "dividendsPaid": -12416700000, "netBorrowings": 46898400000, "otherCashflowsFromFinancingActivities": -6901800000, "totalCashFromFinancingActivities": 27579900000, "effectOfExchangeRate": 2741700000, "changeInCash": 68100000, "repurchaseOfStock": -15352600000}], "maxAge": 86400}, "indexTrend": {"maxAge": 1, "symbol": "SP5", "peRatio": 19.7411, "pegRatio": 1.34172, "estimates": [{"period": "0q", "growth": 0.549}, {"period": "+1q", "growth": 0.431}, {"period": "0y", "growth": 0.305}, {"period": "+1y", "growth": 0.109}, {"period": "+5y", "growth": 0.120865}, {"period": "-5y"}]}, "defaultKeyStatistics": {"maxAge": 1, "priceHint": 2, "enterpriseValue": 216278138880, "profitMargins": 0.33391, "floatShares": 363210517, "sharesOutstanding": 1084409984, "heldPercentInsiders": 0.6654, "heldPercentInstitutions": 0.24244, "beta": 0.949748, "category": null, "bookValue": 255.161, "priceToBook": 0.4785214, "fundFamily": null, "legalType": null, "lastFiscalYearEnd": "2020-03-31 05:30:00", "nextFiscalYearEnd": "2022-03-31 05:30:00", "mostRecentQuarter": "2020-12-31 05:30:00", "earningsQuarterlyGrowth": 0.254, "netIncomeToCommon": 28951300096, "trailingEps": 26.698, "forwardEps": 41.25, "lastSplitFactor": "3:2", "lastSplitDate": "2018-03-27 05:30:00", "enterpriseToRevenue": 2.494, "enterpriseToEbitda": 8.75}, "industryTrend": {"maxAge": 1, "symbol": null, "estimates": []}, "quoteType": {"exchange": "NSI", "quoteType": "EQUITY", "symbol": "OIL.NS", "underlyingSymbol": "OIL.NS", "shortName": "OIL INDIA LTD", "longName": "Oil India Limited", "firstTradeDateEpochUtc": "2009-09-30 09:15:00", "timeZoneFullName": "Asia/Kolkata", "timeZoneShortName": "IST", "uuid": "cc3cef68-878a-3412-a3cd-783863edbf0a", "gmtOffSetMilliseconds": 19800000, "maxAge": 1}, "incomeStatementHistory": {"incomeStatementHistory": [{"maxAge": 1, "endDate": "2020-03-31", "totalRevenue": 121666400000, "costOfRevenue": 2752500000, "grossProfit": 118913900000, "researchDevelopment": {}, "sellingGeneralAdministrative": 19012100000, "nonRecurring": {}, "otherOperatingExpenses": 51417800000, "totalOperatingExpenses": 99988000000, "operatingIncome": 21678400000, "totalOtherIncomeExpenseNet": 13328100000, "ebit": 21678400000, "interestExpense": -6070600000, "incomeBeforeTax": 35006500000, "incomeTaxExpense": -3149100000, "minorityInterest": {}, "netIncomeFromContinuingOps": 38155600000, "discontinuedOperations": {}, "extraordinaryItems": {}, "effectOfAccountingCharges": {}, "otherItems": {}, "netIncome": 38155600000, "netIncomeApplicableToCommonShares": 38155600000}, {"maxAge": 1, "endDate": "2019-03-31", "totalRevenue": 137804500000, "costOfRevenue": 1949900000, "grossProfit": 135854600000, "researchDevelopment": {}, "sellingGeneralAdministrative": 15773100000, "nonRecurring": {}, "otherOperatingExpenses": 55941700000, "totalOperatingExpenses": 92440900000, "operatingIncome": 45363600000, "totalOtherIncomeExpenseNet": 1408300000, "ebit": 45363600000, "interestExpense": -5882200000, "incomeBeforeTax": 46771900000, "incomeTaxExpense": 14393900000, "minorityInterest": {}, "netIncomeFromContinuingOps": 32378000000, "discontinuedOperations": {}, "extraordinaryItems": {}, "effectOfAccountingCharges": {}, "otherItems": {}, "netIncome": 32378000000, "netIncomeApplicableToCommonShares": 32378000000}, {"maxAge": 1, "endDate": "2018-03-31", "totalRevenue": 106977500000, "costOfRevenue": 602300000, "grossProfit": 106375200000, "researchDevelopment": {}, "sellingGeneralAdministrative": 16932900000, "nonRecurring": {}, "otherOperatingExpenses": 44763300000, "totalOperatingExpenses": 79613300000, "operatingIncome": 27364200000, "totalOtherIncomeExpenseNet": 11226600000, "ebit": 27364200000, "interestExpense": -5166000000, "incomeBeforeTax": 38590800000, "incomeTaxExpense": 11244600000, "minorityInterest": {}, "netIncomeFromContinuingOps": 27346200000, "discontinuedOperations": {}, "extraordinaryItems": {}, "effectOfAccountingCharges": {}, "otherItems": {}, "netIncome": 27346200000, "netIncomeApplicableToCommonShares": 27346200000}, {"maxAge": 1, "endDate": "2017-03-31", "totalRevenue": 95663600000, "costOfRevenue": -300900000, "grossProfit": 95964500000, "researchDevelopment": {}, "sellingGeneralAdministrative": 16138700000, "nonRecurring": {}, "otherOperatingExpenses": 40860700000, "totalOperatingExpenses": 74731600000, "operatingIncome": 20932000000, "totalOtherIncomeExpenseNet": 1988900000, "ebit": 20932000000, "interestExpense": -4154900000, "incomeBeforeTax": 22920900000, "incomeTaxExpense": 6955300000, "minorityInterest": {}, "netIncomeFromContinuingOps": 15965600000, "discontinuedOperations": {}, "extraordinaryItems": {}, "effectOfAccountingCharges": {}, "otherItems": {}, "netIncome": 15965600000, "netIncomeApplicableToCommonShares": 15965600000}], "maxAge": 86400}, "fundOwnership": {"ownershipList": [{"maxAge": 1, "reportDate": "2021-02-28", "organization": "WisdomTree Tr-WisdomTree Emerging Markets Small Cap Dividend Fund", "pctHeld": 0.0039, "position": 4273768, "value": 539776898}, {"maxAge": 1, "reportDate": "2021-01-31", "organization": "Vanguard International Stock Index-Total Intl Stock Indx", "pctHeld": 0.0039, "position": 4214506, "value": 469285243}, {"maxAge": 1, "reportDate": "2021-01-31", "organization": "Vanguard International Stock Index-Emerging Markets Stk", "pctHeld": 0.0034999999, "position": 3797282, "value": 422827350}, {"maxAge": 1, "reportDate": "2021-03-31", "organization": "iShares Emerging Markets Dividend ETF", "pctHeld": 0.0025, "position": 2749500, "value": 337638600}, {"maxAge": 1, "reportDate": "2021-02-28", "organization": "WisdomTree Tr-WisdomTree India Earnings Fd", "pctHeld": 0.0021, "position": 2300091, "value": 290501493}, {"maxAge": 1, "reportDate": "2021-02-28", "organization": "WisdomTree Tr-Wisdom Tree Emerging Markets High Dividend  Fd", "pctHeld": 0.002, "position": 2130102, "value": 269031882}, {"maxAge": 1, "reportDate": "2021-03-31", "organization": "iShares Core MSCI Emerging Markets ETF", "pctHeld": 0.0018000001, "position": 1905547, "value": 234001171}, {"maxAge": 1, "reportDate": "2021-02-28", "organization": "GMO Resources Fund", "pctHeld": 0.0017, "position": 1819861, "value": 229848444}, {"maxAge": 1, "reportDate": "2021-01-31", "organization": "Fidelity Low-Priced Stock Fund", "pctHeld": 0.0011999999, "position": 1249977, "value": 139184938}, {"maxAge": 1, "reportDate": "2020-12-31", "organization": "PIMCO Equity Series-PIMCO RAE Emerging Markets Fd", "pctHeld": 0.0011, "position": 1161466, "value": 124741448}], "maxAge": 1}, "summaryDetail": {"maxAge": 1, "priceHint": 2, "previousClose": 119.5, "open": 119.25, "dayLow": 118.05, "dayHigh": 123.7, "regularMarketPreviousClose": 119.5, "regularMarketOpen": 119.25, "regularMarketDayLow": 118.05, "regularMarketDayHigh": 123.7, "dividendRate": 5.1, "dividendYield": 0.0427, "exDividendDate": "2021-02-23 05:30:00", "payoutRatio": 0.397, "fiveYearAvgDividendYield": 6.37, "beta": 0.949748, "trailingPE": 4.573376, "forwardPE": 2.96, "volume": 1244758, "regularMarketVolume": 1244758, "averageVolume": 1916980, "averageVolume10days": 1630070, "averageDailyVolume10Day": 1630070, "bid": 0.0, "ask": 0.0, "bidSize": 0, "askSize": 0, "marketCap": 132295352320, "fiftyTwoWeekLow": 69.0, "fiftyTwoWeekHigh": 133.8, "priceToSalesTrailing12Months": 1.5258452, "fiftyDayAverage": 124.67794, "twoHundredDayAverage": 106.491135, "trailingAnnualDividendRate": 5.1, "trailingAnnualDividendYield": 0.042677823, "currency": "INR", "fromCurrency": null, "lastMarket": null, "algorithm": null, "tradeable": false}, "insiderHolders": {"holders": [{"maxAge": 1, "name": "President of India", "relation": "Promoter", "url": "", "transactionDescription": "Sale", "latestTransDate": "2020-02-03", "positionDirect": 614376660, "positionDirectDate": "2020-02-03"}], "maxAge": 1}, "calendarEvents": {"maxAge": 1, "earnings": {"earningsDate": ["2021-06-17 05:30:S", "2021-06-21 05:30:S"], "revenueAverage": 23900000000, "revenueLow": 10200000000, "revenueHigh": 37600000000}, "exDividendDate": "2021-02-23 05:30:00"}, "upgradeDowngradeHistory": {"history": [], "maxAge": 86400}, "price": {"maxAge": 1, "regularMarketChangePercent": 0.02175731, "regularMarketChange": 2.5999985, "regularMarketTime": "2021-04-30 15:29:59", "priceHint": 2, "regularMarketPrice": 122.1, "regularMarketDayHigh": 123.7, "regularMarketDayLow": 118.05, "regularMarketVolume": 1244758, "averageDailyVolume10Day": 1630070, "averageDailyVolume3Month": 1916980, "regularMarketPreviousClose": 119.5, "regularMarketSource": "FREE_REALTIME", "regularMarketOpen": 119.25, "exchange": "NSI", "exchangeName": "NSE", "exchangeDataDelayedBy": 15, "marketState": "CLOSED", "quoteType": "EQUITY", "symbol": "OIL.NS", "underlyingSymbol": null, "shortName": "OIL INDIA LTD", "longName": "Oil India Limited", "currency": "INR", "quoteSourceName": "Delayed Quote", "currencySymbol": "\u20b9", "fromCurrency": null, "lastMarket": null, "marketCap": 132295352320}, "balanceSheetHistory": {"balanceSheetStatements": [{"maxAge": 1, "endDate": "2020-03-31", "cash": 5962700000, "shortTermInvestments": 32487300000, "netReceivables": 12636800000, "inventory": 12750200000, "otherCurrentAssets": 31563700000, "totalCurrentAssets": 100038900000, "longTermInvestments": 261540000000, "propertyPlantEquipment": 148564800000, "intangibleAssets": 486500000, "otherAssets": 3804100000, "totalAssets": 514434300000, "accountsPayable": 5983100000, "otherCurrentLiab": 12806400000, "longTermDebt": 126695000000, "otherLiab": 41157300000, "totalCurrentLiabilities": 56714100000, "totalLiab": 225947400000, "commonStock": 10844100000, "retainedEarnings": 237026800000, "treasuryStock": 40616000000, "otherStockholderEquity": 40616000000, "totalStockholderEquity": 288486900000, "netTangibleAssets": 288000400000}, {"maxAge": 1, "endDate": "2019-03-31", "cash": 37089400000, "shortTermInvestments": 26997700000, "netReceivables": 17989800000, "inventory": 12199100000, "otherCurrentAssets": 22946100000, "totalCurrentAssets": 118548900000, "longTermInvestments": 261977800000, "propertyPlantEquipment": 137049900000, "intangibleAssets": 334100000, "otherAssets": 6413300000, "totalAssets": 524324000000, "accountsPayable": 6432800000, "shortLongTermDebt": 43571100000, "otherCurrentLiab": 9523200000, "longTermDebt": 107552800000, "otherLiab": 45280300000, "totalCurrentLiabilities": 81746200000, "totalLiab": 234579300000, "commonStock": 10844100000, "retainedEarnings": 212824600000, "treasuryStock": 66076000000, "otherStockholderEquity": 66076000000, "totalStockholderEquity": 289744700000, "netTangibleAssets": 289410600000}, {"maxAge": 1, "endDate": "2018-03-31", "cash": 2044600000, "shortTermInvestments": 31103800000, "netReceivables": 20551300000, "inventory": 10782600000, "otherCurrentAssets": 15911000000, "totalCurrentAssets": 85084400000, "longTermInvestments": 260513300000, "propertyPlantEquipment": 132582700000, "intangibleAssets": 501800000, "otherAssets": 7662500000, "totalAssets": 486344700000, "accountsPayable": 5581700000, "shortLongTermDebt": 16386900000, "otherCurrentLiab": 12554600000, "longTermDebt": 106898400000, "otherLiab": 45384100000, "totalCurrentLiabilities": 43762300000, "totalLiab": 196044800000, "commonStock": 7566000000, "retainedEarnings": 204896200000, "treasuryStock": 71292800000, "capitalSurplus": 6544900000, "otherStockholderEquity": 71292800000, "totalStockholderEquity": 290299900000, "netTangibleAssets": 289798100000}, {"maxAge": 1, "endDate": "2017-03-31", "cash": 1921000000, "shortTermInvestments": 64744500000, "netReceivables": 14224600000, "inventory": 10964700000, "otherCurrentAssets": 16993600000, "totalCurrentAssets": 118930400000, "longTermInvestments": 263116300000, "propertyPlantEquipment": 123923600000, "intangibleAssets": 516800000, "otherAssets": 5855800000, "totalAssets": 512342900000, "accountsPayable": 5901400000, "otherCurrentLiab": 14781400000, "longTermDebt": 89475300000, "otherLiab": 42272300000, "totalCurrentLiabilities": 85401700000, "totalLiab": 217149300000, "commonStock": 8015100000, "retainedEarnings": 198052600000, "treasuryStock": 67228400000, "capitalSurplus": 21897500000, "otherStockholderEquity": 67228400000, "totalStockholderEquity": 295193600000, "netTangibleAssets": 294676800000}], "maxAge": 86400}, "earningsTrend": {"trend": [{"maxAge": 1, "period": "0q", "endDate": "2018-12-31", "growth": {}, "earningsEstimate": {"avg": 0.0, "low": 0.0, "high": 0.0, "yearAgoEps": 6.21, "numberOfAnalysts": 0, "growth": {}}, "revenueEstimate": {"avg": 23900000000, "low": 10200000000, "high": 37600000000, "numberOfAnalysts": 2, "yearAgoRevenue": 28525500000, "growth": -0.162}, "epsTrend": {"current": 0.0, "7daysAgo": 9.4, "30daysAgo": 9.4, "60daysAgo": 9.4, "90daysAgo": 9.4}, "epsRevisions": {"upLast7days": 0, "upLast30days": 0, "downLast30days": 0, "downLast90days": {}}}, {"maxAge": 1, "period": "+1q", "endDate": "2019-03-31", "growth": {}, "earningsEstimate": {"avg": 0.0, "low": 0.0, "high": 0.0, "yearAgoEps": 7.64, "numberOfAnalysts": 0, "growth": {}}, "revenueEstimate": {"avg": 37900000000, "low": 37900000000, "high": 37900000000, "numberOfAnalysts": 1, "yearAgoRevenue": 29984400000, "growth": 0.264}, "epsTrend": {"current": 0.0, "7daysAgo": 8.8, "30daysAgo": 8.8, "60daysAgo": 8.8, "90daysAgo": 8.8}, "epsRevisions": {"upLast7days": 0, "upLast30days": 0, "downLast30days": 0, "downLast90days": {}}}, {"maxAge": 1, "period": "0y", "endDate": "2019-03-31", "growth": {}, "earningsEstimate": {"avg": 0.0, "low": 0.0, "high": 0.0, "yearAgoEps": {}, "numberOfAnalysts": 0, "growth": {}}, "revenueEstimate": {"avg": 139930000000, "low": 115746000000, "high": 201303000000, "numberOfAnalysts": 14, "yearAgoRevenue": 106565000000, "growth": 0.313}, "epsTrend": {"current": 0.0, "7daysAgo": 28.08, "30daysAgo": 28.08, "60daysAgo": 28.08, "90daysAgo": 28.08}, "epsRevisions": {"upLast7days": 0, "upLast30days": 0, "downLast30days": 0, "downLast90days": {}}}, {"maxAge": 1, "period": "+1y", "endDate": "2020-03-31", "growth": {}, "earningsEstimate": {"avg": 0.0, "low": 0.0, "high": 0.0, "yearAgoEps": {}, "numberOfAnalysts": 0, "growth": {}}, "revenueEstimate": {"avg": 140324000000, "low": 122530000000, "high": 157479000000, "numberOfAnalysts": 13, "yearAgoRevenue": 139930000000, "growth": 0.003}, "epsTrend": {"current": 0.0, "7daysAgo": 29.09, "30daysAgo": 29.09, "60daysAgo": 29.09, "90daysAgo": 29.09}, "epsRevisions": {"upLast7days": 0, "upLast30days": 1, "downLast30days": 0, "downLast90days": {}}}, {"maxAge": 1, "period": "+5y", "endDate": null, "growth": 0.303, "earningsEstimate": {"avg": {}, "low": {}, "high": {}, "yearAgoEps": {}, "numberOfAnalysts": {}, "growth": {}}, "revenueEstimate": {"avg": {}, "low": {}, "high": {}, "numberOfAnalysts": {}, "yearAgoRevenue": {}, "growth": {}}, "epsTrend": {"current": {}, "7daysAgo": {}, "30daysAgo": {}, "60daysAgo": {}, "90daysAgo": {}}, "epsRevisions": {"upLast7days": {}, "upLast30days": {}, "downLast30days": {}, "downLast90days": {}}}, {"maxAge": 1, "period": "-5y", "endDate": null, "growth": {}, "earningsEstimate": {"avg": {}, "low": {}, "high": {}, "yearAgoEps": {}, "numberOfAnalysts": {}, "growth": {}}, "revenueEstimate": {"avg": {}, "low": {}, "high": {}, "numberOfAnalysts": {}, "yearAgoRevenue": {}, "growth": {}}, "epsTrend": {"current": {}, "7daysAgo": {}, "30daysAgo": {}, "60daysAgo": {}, "90daysAgo": {}}, "epsRevisions": {"upLast7days": {}, "upLast30days": {}, "downLast30days": {}, "downLast90days": {}}}], "maxAge": 1}, "institutionOwnership": {"ownershipList": [], "maxAge": 1}, "majorHoldersBreakdown": {"maxAge": 1, "insidersPercentHeld": 0.6654, "institutionsPercentHeld": 0.24244, "institutionsFloatPercentHeld": 0.72457004, "institutionsCount": 64}, "balanceSheetHistoryQuarterly": {"balanceSheetStatements": [{"maxAge": 1, "endDate": "2020-12-31", "totalStockholderEquity": 276726800000, "netTangibleAssets": 276285400000}, {"maxAge": 1, "endDate": "2020-09-30", "cash": 38682500000, "shortTermInvestments": 5905000000, "netReceivables": 11593100000, "inventory": 13027900000, "otherCurrentAssets": 29360200000, "totalCurrentAssets": 98568700000, "longTermInvestments": 252153300000, "propertyPlantEquipment": 146763800000, "intangibleAssets": 441400000, "otherAssets": 3952600000, "totalAssets": 501879800000, "accountsPayable": 5580900000, "otherCurrentLiab": 46235700000, "longTermDebt": 131209600000, "otherLiab": 42126800000, "totalCurrentLiabilities": 51816600000, "totalLiab": 225153000000, "commonStock": 10844100000, "treasuryStock": 265882700000, "otherStockholderEquity": 265882700000, "totalStockholderEquity": 276726800000, "netTangibleAssets": 276285400000}, {"maxAge": 1, "endDate": "2020-06-30", "totalStockholderEquity": 288486900000, "netTangibleAssets": 288000400000}, {"maxAge": 1, "endDate": "2020-03-31", "cash": 5962700000, "shortTermInvestments": 32487300000, "netReceivables": 12636800000, "inventory": 12750200000, "otherCurrentAssets": 31563700000, "totalCurrentAssets": 100038900000, "longTermInvestments": 261540000000, "propertyPlantEquipment": 148564800000, "intangibleAssets": 486500000, "otherAssets": 3804100000, "totalAssets": 514434300000, "accountsPayable": 5983100000, "otherCurrentLiab": 12806400000, "longTermDebt": 126695000000, "otherLiab": 41157300000, "totalCurrentLiabilities": 56714100000, "totalLiab": 225947400000, "commonStock": 10844100000, "retainedEarnings": 237026800000, "treasuryStock": 40616000000, "otherStockholderEquity": 40616000000, "totalStockholderEquity": 288486900000, "netTangibleAssets": 288000400000}], "maxAge": 86400}, "earningsHistory": {"history": [{"maxAge": 1, "epsActual": 6.21, "epsEstimate": 5.72, "epsDifference": 0.49, "surprisePercent": 0.086, "quarter": "2017-12-31", "period": "-4q"}, {"maxAge": 1, "epsActual": 7.64, "epsEstimate": 7.83, "epsDifference": -0.19, "surprisePercent": -0.024, "quarter": "2018-03-31", "period": "-3q"}, {"maxAge": 1, "epsActual": 6.2, "epsEstimate": 8.47, "epsDifference": -2.27, "surprisePercent": -0.268, "quarter": "2018-06-30", "period": "-2q"}, {"maxAge": 1, "epsActual": 7.59, "epsEstimate": 7.81, "epsDifference": -0.22, "surprisePercent": -0.027999999, "quarter": "2018-09-30", "period": "-1q"}], "maxAge": 86400}, "summaryProfile": {"address1": "Plot No. 19", "address2": "Near Film City Sector 16A", "city": "Noida", "zip": "201301", "country": "India", "phone": "91 12 0241 9000", "fax": "91 12 0248 8310", "website": "http://www.oil-india.com", "industry": "Oil & Gas E&P", "sector": "Energy", "longBusinessSummary": "Oil India Limited explores for, develops, and produces crude oil and natural gas in India and internationally. The company operates through Crude Oil, Natural Gas, Liquefied Petroleum Gas (LPG), Pipeline Transportation, and Renewal Energy segments. It is also involved in the transportation of crude oil and natural gas; and production of LPG, as well as in the provision of exploration and production related services. The company owns and operates 1,157 kilometers of cross-country crude oil pipelines; and 13 drilling rigs and 14 work-over rigs, as well as owns 10 crude oil pumping stations and 17 repeater stations in Assam, West Bengal, and Bihar states. It also generates energy through wind and solar power projects. In addition, the company has participating interests in NELP exploration blocks in Mahanadi Offshore, Mumbai Deepwater, Krishna Godavari Deepwater, etc., as well as in various projects in Libya, Gabon, the United States, Nigeria, Sudan, Yemen, Venezuela, Mozambique, Myanmar, Bangladesh, Russia, and Israel. Oil India Limited was founded in 1889 and is based in Noida, India.", "fullTimeEmployees": 6680, "companyOfficers": [], "maxAge": 86400}, "netSharePurchaseActivity": {"maxAge": 1, "period": "6m", "buyInfoCount": 0, "buyInfoShares": 0, "sellInfoCount": 0, "netInfoCount": 0, "netInfoShares": 0, "netPercentInsiderShares": 0.0, "totalInsiderShares": 721950912}, "insiderTransactions": {"transactions": [{"maxAge": 1, "shares": 31597307, "filerUrl": "", "transactionText": "", "filerName": "President of India", "filerRelation": "Promoter", "moneyText": "", "startDate": "2020-02-03", "ownership": "D"}, {"maxAge": 1, "shares": 22171325, "filerUrl": "", "transactionText": "", "filerName": "President of India", "filerRelation": "Promoter", "moneyText": "", "startDate": "2019-07-22", "ownership": "D"}, {"maxAge": 1, "shares": 15518943, "filerUrl": "", "transactionText": "", "filerName": "President of India", "filerRelation": "Promoter", "moneyText": "", "startDate": "2019-03-25", "ownership": "D"}, {"maxAge": 1, "shares": 33563696, "filerUrl": "", "transactionText": "", "filerName": "President of India", "filerRelation": "Promoter", "moneyText": "", "startDate": "2019-03-12", "ownership": "D"}, {"maxAge": 1, "shares": 216862376, "filerUrl": "", "transactionText": "", "filerName": "President of India", "filerRelation": "Promoter", "moneyText": "", "startDate": "2018-12-04", "ownership": "D"}, {"maxAge": 1, "shares": 33428214, "filerUrl": "", "transactionText": "", "filerName": "President of India", "filerRelation": "Promoter", "moneyText": "", "startDate": "2017-06-13", "ownership": "D"}, {"maxAge": 1, "shares": 2351257, "filerUrl": "", "transactionText": "", "filerName": "President of India", "filerRelation": "Promoter", "moneyText": "", "startDate": "2017-03-22", "ownership": "D"}, {"maxAge": 1, "shares": 129524519, "filerUrl": "", "transactionText": "", "filerName": "President of India", "filerRelation": "Promoter", "moneyText": "", "startDate": "2017-01-25", "ownership": "D"}, {"maxAge": 1, "shares": 11491, "filerUrl": "", "transactionText": "", "filerName": "President of India", "filerRelation": "Promoter", "moneyText": "", "startDate": "2015-04-10", "ownership": "D"}, {"maxAge": 1, "shares": 4753745, "filerUrl": "", "transactionText": "", "filerName": "President of India", "filerRelation": "Promoter", "moneyText": "", "startDate": "2014-03-27", "ownership": "D"}, {"maxAge": 1, "shares": 60113157, "filerUrl": "", "transactionText": "", "filerName": "President of India", "filerRelation": "Promoter", "moneyText": "", "startDate": "2013-02-01", "ownership": "D"}, {"maxAge": 1, "shares": 282899340, "filerUrl": "", "transactionText": "", "filerName": "President of India", "filerRelation": "Promoter", "moneyText": "", "startDate": "2012-04-02", "ownership": "D"}], "maxAge": 1}, "sectorTrend": {"maxAge": 1, "symbol": null, "estimates": []}, "incomeStatementHistoryQuarterly": {"incomeStatementHistory": [{"maxAge": 1, "endDate": "2020-12-31", "totalRevenue": 21373400000, "costOfRevenue": 10754600000, "grossProfit": 10618800000, "researchDevelopment": {}, "sellingGeneralAdministrative": 4586500000, "nonRecurring": {}, "otherOperatingExpenses": 6088700000, "totalOperatingExpenses": 25336100000, "operatingIncome": -3962700000, "totalOtherIncomeExpenseNet": -93600000, "ebit": -3962700000, "interestExpense": -1604800000, "incomeBeforeTax": -4056300000, "incomeTaxExpense": -12953200000, "minorityInterest": {}, "netIncomeFromContinuingOps": 8896900000, "discontinuedOperations": {}, "extraordinaryItems": {}, "effectOfAccountingCharges": {}, "otherItems": {}, "netIncome": 8896900000, "netIncomeApplicableToCommonShares": 8896900000}, {"maxAge": 1, "endDate": "2020-09-30", "totalRevenue": 21758700000, "costOfRevenue": 8940400000, "grossProfit": 12818300000, "researchDevelopment": {}, "sellingGeneralAdministrative": 5418800000, "nonRecurring": {}, "otherOperatingExpenses": 277200000, "totalOperatingExpenses": 18387600000, "operatingIncome": 3371100000, "totalOtherIncomeExpenseNet": 814400000, "ebit": 3371100000, "interestExpense": -1602900000, "incomeBeforeTax": 4185500000, "incomeTaxExpense": 368000000, "minorityInterest": {}, "netIncomeFromContinuingOps": 3817500000, "discontinuedOperations": {}, "extraordinaryItems": {}, "effectOfAccountingCharges": {}, "otherItems": {}, "netIncome": 3817500000, "netIncomeApplicableToCommonShares": 3817500000}, {"maxAge": 1, "endDate": "2020-06-30", "totalRevenue": 17497100000, "costOfRevenue": 7377800000, "grossProfit": 10119300000, "researchDevelopment": {}, "sellingGeneralAdministrative": 4393500000, "nonRecurring": {}, "otherOperatingExpenses": 3914000000, "totalOperatingExpenses": 19291700000, "operatingIncome": -1794600000, "totalOtherIncomeExpenseNet": 2396700000, "ebit": -1794600000, "interestExpense": -1666600000, "incomeBeforeTax": 602100000, "incomeTaxExpense": 339200000, "minorityInterest": {}, "netIncomeFromContinuingOps": 262900000, "discontinuedOperations": {}, "extraordinaryItems": {}, "effectOfAccountingCharges": {}, "otherItems": {}, "netIncome": 262900000, "netIncomeApplicableToCommonShares": 262900000}, {"maxAge": 1, "endDate": "2020-03-31", "totalRevenue": 26073800000, "costOfRevenue": -33243000000, "grossProfit": 59316800000, "researchDevelopment": {}, "sellingGeneralAdministrative": 4372400000, "nonRecurring": {}, "otherOperatingExpenses": 43370600000, "totalOperatingExpenses": 28646900000, "operatingIncome": -2573100000, "totalOtherIncomeExpenseNet": 5248800000, "ebit": -2573100000, "interestExpense": -1318300000, "incomeBeforeTax": 2675700000, "incomeTaxExpense": -13298300000, "minorityInterest": {}, "netIncomeFromContinuingOps": 15974000000, "discontinuedOperations": {}, "extraordinaryItems": {}, "effectOfAccountingCharges": {}, "otherItems": {}, "netIncome": 15974000000, "netIncomeApplicableToCommonShares": 15974000000}], "maxAge": 86400}, "cashflowStatementHistoryQuarterly": {"cashflowStatements": [{"maxAge": 1, "endDate": "2020-12-31", "netIncome": 8896900000, "changeToLiabilities": 0}, {"maxAge": 1, "endDate": "2020-09-30", "netIncome": 3817500000, "changeToLiabilities": 0}, {"maxAge": 1, "endDate": "2020-06-30", "netIncome": 262900000, "changeToLiabilities": 0}, {"maxAge": 1, "endDate": "2020-03-31", "netIncome": 15974000000, "changeToLiabilities": 0}], "maxAge": 86400}, "earnings": {"maxAge": 86400, "earningsChart": {"quarterly": [{"date": "4Q2017", "actual": 6.21, "estimate": 5.72}, {"date": "1Q2018", "actual": 7.64, "estimate": 7.83}, {"date": "2Q2018", "actual": 6.2, "estimate": 8.47}, {"date": "3Q2018", "actual": 7.59, "estimate": 7.81}], "currentQuarterEstimateDate": "4Q", "currentQuarterEstimateYear": 2018, "earningsDate": ["2021-06-17 05:30:S", "2021-06-21 05:30:S"]}, "financialsChart": {"yearly": [{"date": 2017, "revenue": 95663600000, "earnings": 15965600000}, {"date": 2018, "revenue": 106977500000, "earnings": 27346200000}, {"date": 2019, "revenue": 137804500000, "earnings": 32378000000}, {"date": 2020, "revenue": 121666400000, "earnings": 38155600000}], "quarterly": [{"date": "1Q2020", "revenue": 26073800000, "earnings": 15974000000}, {"date": "2Q2020", "revenue": 17497100000, "earnings": 262900000}, {"date": "3Q2020", "revenue": 21758700000, "earnings": 3817500000}, {"date": "4Q2020", "revenue": 21373400000, "earnings": 8896900000}]}, "financialCurrency": "INR"}, "financialData": {"maxAge": 86400, "currentPrice": 122.1, "targetHighPrice": 340.0, "targetLowPrice": 177.0, "targetMeanPrice": 255.16, "targetMedianPrice": 260.0, "recommendationKey": "none", "numberOfAnalystOpinions": 25, "totalCash": 44587499520, "totalCashPerShare": 41.095, "ebitda": 24717074432, "totalDebt": 131209601024, "totalRevenue": 86702997504, "debtToEquity": 47.415, "revenuePerShare": 79.954, "grossProfits": 118913900000, "earningsGrowth": 0.254, "revenueGrowth": -0.277, "grossMargins": 1.07116, "ebitdaMargins": 0.28508, "operatingMargins": -0.0572, "profitMargins": 0.33391, "financialCurrency": "INR"}}}