{"OKPLA.BO": {"recommendationTrend": {"trend": [{"period": "0m", "strongBuy": 0, "buy": 0, "hold": 0, "sell": 0, "strongSell": 0}, {"period": "-1m", "strongBuy": 0, "buy": 0, "hold": 0, "sell": 0, "strongSell": 0}, {"period": "-2m", "strongBuy": 0, "buy": 0, "hold": 0, "sell": 0, "strongSell": 0}, {"period": "-3m", "strongBuy": 0, "buy": 0, "hold": 0, "sell": 0, "strongSell": 0}], "maxAge": 86400}, "cashflowStatementHistory": {"cashflowStatements": [{"maxAge": 1, "endDate": "2019-03-31", "netIncome": 62480691, "depreciation": 79234491, "changeToNetincome": 251993958, "changeToAccountReceivables": 46041397, "changeToLiabilities": -6949610, "changeToInventory": -73149332, "changeToOperatingActivities": 7702600, "totalCashFromOperatingActivities": 367894889, "capitalExpenditures": -236258460, "otherCashflowsFromInvestingActivities": 1189869, "totalCashflowsFromInvestingActivities": -225994894, "netBorrowings": -22211251, "otherCashflowsFromFinancingActivities": -203368772, "totalCashFromFinancingActivities": -141296523, "changeInCash": 603472, "issuanceOfStock": 84283500}, {"maxAge": 1, "endDate": "2018-03-31", "netIncome": 22257145, "depreciation": 63736994, "changeToNetincome": 156726811, "changeToAccountReceivables": 73383448, "changeToLiabilities": -46935522, "changeToInventory": -65351979, "changeToOperatingActivities": -7536650, "totalCashFromOperatingActivities": 196280241, "capitalExpenditures": -245329746, "otherCashflowsFromInvestingActivities": 2612645, "totalCashflowsFromInvestingActivities": -233974364, "netBorrowings": 162476095, "otherCashflowsFromFinancingActivities": -124408402, "totalCashFromFinancingActivities": 38070193, "changeInCash": 376071, "issuanceOfStock": 2500}, {"maxAge": 1, "endDate": "2017-03-31", "netIncome": 720640, "depreciation": 44892101, "changeToNetincome": 139489984, "changeToAccountReceivables": 92293460, "changeToLiabilities": 36754851, "changeToInventory": -78971521, "changeToOperatingActivities": -1308432, "totalCashFromOperatingActivities": 234241863, "capitalExpenditures": -199661483, "otherCashflowsFromInvestingActivities": 1765992, "totalCashflowsFromInvestingActivities": -197885491, "netBorrowings": 65051332, "otherCashflowsFromFinancingActivities": -176017415, "totalCashFromFinancingActivities": -23029256, "changeInCash": 13327116, "issuanceOfStock": 87936827}, {"maxAge": 1, "endDate": "2016-03-31", "netIncome": -39782999, "depreciation": 39566650, "changeToNetincome": -16651590, "changeToAccountReceivables": 120197468, "changeToLiabilities": 277357964, "changeToInventory": -177071556, "changeToOperatingActivities": -1308432, "totalCashFromOperatingActivities": 203615932, "capitalExpenditures": -178387670, "otherCashflowsFromInvestingActivities": 1485832, "totalCashflowsFromInvestingActivities": -166385580, "netBorrowings": -112795607, "otherCashflowsFromFinancingActivities": 70733580, "totalCashFromFinancingActivities": -42059027, "changeInCash": -4828673, "issuanceOfStock": 3000}], "maxAge": 86400}, "institutionOwnership": {"ownershipList": [], "maxAge": 1}, "balanceSheetHistoryQuarterly": {"balanceSheetStatements": [{"maxAge": 1, "endDate": "2020-06-30"}, {"maxAge": 1, "endDate": "2019-12-31"}, {"maxAge": 1, "endDate": "2019-09-30"}, {"maxAge": 1, "endDate": "2019-06-30", "totalStockholderEquity": 581932000, "netTangibleAssets": 313887000}], "maxAge": 86400}, "earningsHistory": {"history": [{"maxAge": 1, "epsActual": {}, "epsEstimate": {}, "epsDifference": {}, "surprisePercent": {}, "quarter": {}, "period": "-4q"}, {"maxAge": 1, "epsActual": {}, "epsEstimate": {}, "epsDifference": {}, "surprisePercent": {}, "quarter": {}, "period": "-3q"}, {"maxAge": 1, "epsActual": {}, "epsEstimate": {}, "epsDifference": {}, "surprisePercent": {}, "quarter": {}, "period": "-2q"}, {"maxAge": 1, "epsActual": {}, "epsEstimate": {}, "epsDifference": {}, "surprisePercent": {}, "quarter": {}, "period": "-1q"}], "maxAge": 86400}, "indexTrend": {"maxAge": 1, "symbol": "SP5", "peRatio": 19.7411, "pegRatio": 1.34172, "estimates": [{"period": "0q", "growth": 0.549}, {"period": "+1q", "growth": 0.431}, {"period": "0y", "growth": 0.305}, {"period": "+1y", "growth": 0.109}, {"period": "+5y", "growth": 0.120859005}, {"period": "-5y"}]}, "industryTrend": {"maxAge": 1, "symbol": null, "estimates": []}, "insiderTransactions": {"transactions": [{"maxAge": 1, "shares": 600010, "filerUrl": "", "transactionText": "", "filerName": "Handa (Rajan)", "filerRelation": "Promoter", "moneyText": "", "startDate": "2018-04-23", "ownership": "D"}, {"maxAge": 1, "shares": 899000, "filerUrl": "", "transactionText": "", "filerName": "Handa (Mamta)", "filerRelation": "Wholetime Director", "moneyText": "", "startDate": "2014-08-02", "ownership": "D"}, {"maxAge": 1, "shares": 211102, "filerUrl": "", "transactionText": "", "filerName": "Handa (Mamta)", "filerRelation": "Wholetime Director", "moneyText": "", "startDate": "2014-06-06", "ownership": "D"}, {"maxAge": 1, "shares": 211102, "filerUrl": "", "transactionText": "", "filerName": "Handa (Rajan)", "filerRelation": "Promoter", "moneyText": "", "startDate": "2014-06-06", "ownership": "D"}, {"maxAge": 1, "shares": 458150, "filerUrl": "", "transactionText": "", "filerName": "Handa (Rajan)", "filerRelation": "Promoter", "moneyText": "", "startDate": "2014-06-03", "ownership": "D"}, {"maxAge": 1, "shares": 317150, "filerUrl": "", "transactionText": "", "filerName": "Handa (T R)", "filerRelation": "Chairman of the Board", "moneyText": "", "startDate": "2014-06-03", "ownership": "D"}, {"maxAge": 1, "shares": 141000, "filerUrl": "", "transactionText": "", "filerName": "Handa (Usha)", "filerRelation": "Promoter", "moneyText": "", "startDate": "2014-06-03", "ownership": "D"}, {"maxAge": 1, "shares": 250000, "filerUrl": "", "transactionText": "", "filerName": "Scholar Trading Pvt Ltd", "filerRelation": "Promoter", "moneyText": "", "startDate": "2014-05-06", "ownership": "D"}, {"maxAge": 1, "shares": 300000, "filerUrl": "", "transactionText": "", "filerName": "Scholar Trading Pvt Ltd", "filerRelation": "Promoter", "moneyText": "", "startDate": "2014-04-09", "ownership": "D"}, {"maxAge": 1, "shares": 200000, "filerUrl": "", "transactionText": "", "filerName": "Scholar Trading Pvt Ltd", "filerRelation": "Promoter", "moneyText": "", "startDate": "2014-04-07", "ownership": "D"}, {"maxAge": 1, "shares": 101000, "filerUrl": "", "transactionText": "", "filerName": "Handa (Mamta)", "filerRelation": "Wholetime Director", "moneyText": "", "startDate": "2014-03-27", "ownership": "D"}], "maxAge": 1}, "quoteType": {"exchange": "BSE", "quoteType": "EQUITY", "symbol": "OKPLA.BO", "underlyingSymbol": "OKPLA.BO", "shortName": "OK PLAY INDIA LTD.", "longName": "OK Play India Limited", "firstTradeDateEpochUtc": "2000-09-12 09:15:00", "timeZoneFullName": "Asia/Kolkata", "timeZoneShortName": "IST", "uuid": "424f0c13-5bf9-372e-ad71-b81c5d2ebb11", "gmtOffSetMilliseconds": 19800000, "maxAge": 1}, "incomeStatementHistory": {"incomeStatementHistory": [{"maxAge": 1, "endDate": "2019-03-31", "totalRevenue": 1575836518, "costOfRevenue": 845492189, "grossProfit": 730344329, "researchDevelopment": {}, "sellingGeneralAdministrative": 164775390, "nonRecurring": {}, "otherOperatingExpenses": 151501706, "totalOperatingExpenses": 1241544477, "operatingIncome": 334292041, "totalOtherIncomeExpenseNet": -193280096, "ebit": 334292041, "interestExpense": -148781785, "incomeBeforeTax": 141011945, "incomeTaxExpense": 78531254, "minorityInterest": {}, "netIncomeFromContinuingOps": 62480691, "discontinuedOperations": {}, "extraordinaryItems": {}, "effectOfAccountingCharges": {}, "otherItems": {}, "netIncome": 62480691, "netIncomeApplicableToCommonShares": 62480691}, {"maxAge": 1, "endDate": "2018-03-31", "totalRevenue": 1445629688, "costOfRevenue": 836046260, "grossProfit": 609583428, "researchDevelopment": {}, "sellingGeneralAdministrative": 122903732, "nonRecurring": {}, "otherOperatingExpenses": 154439098, "totalOperatingExpenses": 1177126084, "operatingIncome": 268503604, "totalOtherIncomeExpenseNet": -229251495, "ebit": 268503604, "interestExpense": -130733708, "incomeBeforeTax": 39252109, "incomeTaxExpense": 16994964, "minorityInterest": {}, "netIncomeFromContinuingOps": 22257145, "discontinuedOperations": {}, "extraordinaryItems": {}, "effectOfAccountingCharges": {}, "otherItems": {}, "netIncome": 22257145, "netIncomeApplicableToCommonShares": 22257145}, {"maxAge": 1, "endDate": "2017-03-31", "totalRevenue": 840155875, "costOfRevenue": 397913288, "grossProfit": 442242587, "researchDevelopment": {}, "sellingGeneralAdministrative": 107382113, "nonRecurring": {}, "otherOperatingExpenses": 156112252, "totalOperatingExpenses": 706670541, "operatingIncome": 133485334, "totalOtherIncomeExpenseNet": -123144694, "ebit": 133485334, "interestExpense": -126142846, "incomeBeforeTax": 10340640, "incomeTaxExpense": 9620000, "minorityInterest": {}, "netIncomeFromContinuingOps": 720640, "discontinuedOperations": {}, "extraordinaryItems": {}, "effectOfAccountingCharges": {}, "otherItems": {}, "netIncome": 720640, "netIncomeApplicableToCommonShares": 720640}, {"maxAge": 1, "endDate": "2016-03-31", "totalRevenue": 1060635768, "costOfRevenue": 679693062, "grossProfit": 380942706, "researchDevelopment": {}, "sellingGeneralAdministrative": 89521227, "nonRecurring": {}, "otherOperatingExpenses": 93815843, "totalOperatingExpenses": 902596782, "operatingIncome": 158038986, "totalOtherIncomeExpenseNet": -228428985, "ebit": 158038986, "interestExpense": -128246433, "incomeBeforeTax": -70389999, "incomeTaxExpense": -30607000, "minorityInterest": {}, "netIncomeFromContinuingOps": -39782999, "discontinuedOperations": {}, "extraordinaryItems": {}, "effectOfAccountingCharges": {}, "otherItems": {}, "netIncome": -39782999, "netIncomeApplicableToCommonShares": -39782999}], "maxAge": 86400}, "fundOwnership": {"ownershipList": [], "maxAge": 1}, "summaryDetail": {"maxAge": 1, "priceHint": 2, "previousClose": 22.95, "open": 23.0, "dayLow": 22.5, "dayHigh": 23.4, "regularMarketPreviousClose": 22.95, "regularMarketOpen": 23.0, "regularMarketDayLow": 22.5, "regularMarketDayHigh": 23.4, "volume": 5558, "regularMarketVolume": 5558, "averageVolume": 11525, "averageVolume10days": 6839, "averageDailyVolume10Day": 6839, "bid": 22.65, "ask": 23.0, "bidSize": 0, "askSize": 0, "marketCap": 436023872, "fiftyTwoWeekLow": 14.55, "fiftyTwoWeekHigh": 41.2, "fiftyDayAverage": 19.1, "twoHundredDayAverage": 18.914705, "currency": "INR", "fromCurrency": null, "lastMarket": null, "algorithm": null, "tradeable": false}, "sectorTrend": {"maxAge": 1, "symbol": null, "estimates": []}, "incomeStatementHistoryQuarterly": {"incomeStatementHistory": [{"maxAge": 1, "endDate": "2020-06-30", "totalRevenue": 61740000, "costOfRevenue": 45042000, "grossProfit": 16698000, "researchDevelopment": {}, "sellingGeneralAdministrative": 23124000, "nonRecurring": {}, "otherOperatingExpenses": 11006000, "totalOperatingExpenses": 105174000, "operatingIncome": -43434000, "totalOtherIncomeExpenseNet": -3727000, "ebit": -43434000, "interestExpense": -3469000, "incomeBeforeTax": -47161000, "incomeTaxExpense": 0, "minorityInterest": {}, "netIncomeFromContinuingOps": -47161000, "discontinuedOperations": {}, "extraordinaryItems": {}, "effectOfAccountingCharges": {}, "otherItems": {}, "netIncome": -46786000, "netIncomeApplicableToCommonShares": -46786000}, {"maxAge": 1, "endDate": "2019-12-31", "totalRevenue": 141469000, "costOfRevenue": 75690000, "grossProfit": 65779000, "researchDevelopment": {}, "sellingGeneralAdministrative": 26979000, "nonRecurring": {}, "otherOperatingExpenses": 31225000, "totalOperatingExpenses": 158708000, "operatingIncome": -17239000, "totalOtherIncomeExpenseNet": -41243000, "ebit": -17239000, "interestExpense": -40924000, "incomeBeforeTax": -58482000, "incomeTaxExpense": -1920000, "minorityInterest": {}, "netIncomeFromContinuingOps": -56562000, "discontinuedOperations": {}, "extraordinaryItems": {}, "effectOfAccountingCharges": {}, "otherItems": {}, "netIncome": -56562000, "netIncomeApplicableToCommonShares": -56562000}, {"maxAge": 1, "endDate": "2019-09-30", "totalRevenue": 153028000, "costOfRevenue": 51969000, "grossProfit": 101059000, "researchDevelopment": {}, "sellingGeneralAdministrative": 30110000, "nonRecurring": {}, "otherOperatingExpenses": 21566000, "totalOperatingExpenses": 128472000, "operatingIncome": 24556000, "totalOtherIncomeExpenseNet": -42276000, "ebit": 24556000, "interestExpense": -41752000, "incomeBeforeTax": -17720000, "incomeTaxExpense": -1890000, "minorityInterest": {}, "netIncomeFromContinuingOps": -15830000, "discontinuedOperations": {}, "extraordinaryItems": {}, "effectOfAccountingCharges": {}, "otherItems": {}, "netIncome": -15830000, "netIncomeApplicableToCommonShares": -15830000}, {"maxAge": 1, "endDate": "2019-06-30", "totalRevenue": 346165000, "costOfRevenue": 177553000, "grossProfit": 168612000, "researchDevelopment": {}, "sellingGeneralAdministrative": 39357000, "nonRecurring": {}, "otherOperatingExpenses": 43579000, "totalOperatingExpenses": 283335000, "operatingIncome": 62830000, "totalOtherIncomeExpenseNet": -44032000, "ebit": 62830000, "interestExpense": -44205000, "incomeBeforeTax": 18798000, "incomeTaxExpense": 3863000, "minorityInterest": {}, "netIncomeFromContinuingOps": 14935000, "discontinuedOperations": {}, "extraordinaryItems": {}, "effectOfAccountingCharges": {}, "otherItems": {}, "netIncome": 14935000, "netIncomeApplicableToCommonShares": 14935000}], "maxAge": 86400}, "cashflowStatementHistoryQuarterly": {"cashflowStatements": [{"maxAge": 1, "endDate": "2020-06-30", "netIncome": -46786000, "changeToLiabilities": 0}, {"maxAge": 1, "endDate": "2019-12-31", "netIncome": -56562000, "changeToLiabilities": 0}, {"maxAge": 1, "endDate": "2019-09-30", "netIncome": -15830000, "changeToLiabilities": 0}, {"maxAge": 1, "endDate": "2019-06-30", "netIncome": 14935000, "changeToLiabilities": 0}], "maxAge": 86400}, "insiderHolders": {"holders": [{"maxAge": 1, "name": "Handa (Mamta)", "relation": "Wholetime Director", "url": "", "transactionDescription": "Other", "latestTransDate": "2014-08-02", "positionDirect": 1000000, "positionDirectDate": "2014-08-02"}, {"maxAge": 1, "name": "Handa (Rajan)", "relation": "Promoter", "url": "", "transactionDescription": "Other", "latestTransDate": "2018-04-23", "positionDirect": 10286862, "positionDirectDate": "2018-04-23"}, {"maxAge": 1, "name": "Handa (T R)", "relation": "Chairman of the Board", "url": "", "transactionDescription": "Sale", "latestTransDate": "2014-06-03", "positionDirect": 0, "positionDirectDate": "2014-06-03"}, {"maxAge": 1, "name": "Handa (Usha)", "relation": "Promoter", "url": "", "transactionDescription": "Sale", "latestTransDate": "2014-06-03", "positionDirect": 0, "positionDirectDate": "2014-06-03"}, {"maxAge": 1, "name": "Scholar Trading Pvt Ltd", "relation": "Promoter", "url": "", "transactionDescription": "Sale", "latestTransDate": "2014-05-06", "positionDirect": 0, "positionDirectDate": "2014-05-06"}], "maxAge": 1}, "earnings": {"maxAge": 86400, "earningsChart": {"quarterly": [], "earningsDate": ["2020-09-15 05:30:S"]}, "financialsChart": {"yearly": [{"date": 2016, "revenue": 1060635768, "earnings": -39782999}, {"date": 2017, "revenue": 840155875, "earnings": 720640}, {"date": 2018, "revenue": 1445629688, "earnings": 22257145}, {"date": 2019, "revenue": 1575836518, "earnings": 62480691}], "quarterly": [{"date": "2Q2019", "revenue": 346165000, "earnings": 14935000}, {"date": "3Q2019", "revenue": 153028000, "earnings": -15830000}, {"date": "4Q2019", "revenue": 141469000, "earnings": -56562000}, {"date": "2Q2020", "revenue": 61740000, "earnings": -46786000}]}, "financialCurrency": "INR"}, "calendarEvents": {"maxAge": 1, "earnings": {"earningsDate": ["2020-09-15 05:30:S"]}}, "upgradeDowngradeHistory": {"history": [], "maxAge": 86400}, "price": {"maxAge": 1, "regularMarketChangePercent": -0.010893246, "regularMarketChange": -0.25, "regularMarketTime": "2021-04-30 15:26:14", "priceHint": 2, "regularMarketPrice": 22.7, "regularMarketDayHigh": 23.4, "regularMarketDayLow": 22.5, "regularMarketVolume": 5558, "averageDailyVolume10Day": 6839, "averageDailyVolume3Month": 11525, "regularMarketPreviousClose": 22.95, "regularMarketSource": "FREE_REALTIME", "regularMarketOpen": 23.0, "exchange": "BSE", "exchangeName": "BSE", "exchangeDataDelayedBy": 0, "marketState": "CLOSED", "quoteType": "EQUITY", "symbol": "OKPLA.BO", "underlyingSymbol": null, "shortName": "OK PLAY INDIA LTD.", "longName": "OK Play India Limited", "currency": "INR", "quoteSourceName": "Delayed Quote", "currencySymbol": "\u20b9", "fromCurrency": null, "lastMarket": null, "marketCap": 436023872}, "balanceSheetHistory": {"balanceSheetStatements": [{"maxAge": 1, "endDate": "2019-03-31", "cash": 24706999, "netReceivables": 185105956, "inventory": 521062249, "otherCurrentAssets": 249172930, "totalCurrentAssets": 1020417544, "longTermInvestments": 597730, "propertyPlantEquipment": 891380051, "goodWill": 466946, "intangibleAssets": 267578232, "otherAssets": 9409558, "totalAssets": 2189850061, "accountsPayable": 125450569, "shortLongTermDebt": 251823142, "otherCurrentLiab": 171482182, "longTermDebt": 589454725, "otherLiab": 30899530, "totalCurrentLiabilities": 987564493, "totalLiab": 1607918748, "commonStock": 191959650, "retainedEarnings": -27562009, "treasuryStock": 173927485, "capitalSurplus": 243606191, "otherStockholderEquity": 173927485, "totalStockholderEquity": 581931317, "netTangibleAssets": 313886139}, {"maxAge": 1, "endDate": "2018-03-31", "cash": 24103527, "netReceivables": 230509397, "inventory": 447912916, "otherCurrentAssets": 224693093, "totalCurrentAssets": 977191209, "longTermInvestments": 8938287, "propertyPlantEquipment": 810348129, "goodWill": 466946, "intangibleAssets": 213746218, "otherAssets": 34480174, "deferredLongTermAssetCharges": 28838000, "totalAssets": 2045170963, "accountsPayable": 172897304, "shortLongTermDebt": 125168253, "otherCurrentLiab": 145804398, "longTermDebt": 854446816, "otherLiab": 7299317, "totalCurrentLiabilities": 727217679, "totalLiab": 1588963812, "commonStock": 185958150, "retainedEarnings": -90042694, "treasuryStock": 194967509, "capitalSurplus": 165324191, "otherStockholderEquity": 194967509, "totalStockholderEquity": 456207156, "netTangibleAssets": 241993992}, {"maxAge": 1, "endDate": "2017-03-31", "cash": 23727455, "netReceivables": 304857752, "inventory": 382560937, "otherCurrentAssets": 219549049, "totalCurrentAssets": 934212928, "longTermInvestments": 391738, "propertyPlantEquipment": 699602358, "goodWill": 466946, "intangibleAssets": 150418317, "otherAssets": 55026717, "deferredLongTermAssetCharges": 49922000, "totalAssets": 1840119004, "accountsPayable": 180833097, "shortLongTermDebt": 289878706, "otherCurrentLiab": 187940957, "longTermDebt": 367088560, "otherLiab": 7602282, "totalCurrentLiabilities": 1105784579, "totalLiab": 1480475421, "commonStock": 185955650, "retainedEarnings": -112299834, "treasuryStock": 120663582, "capitalSurplus": 165324191, "otherStockholderEquity": 120663582, "totalStockholderEquity": 359643589, "netTangibleAssets": 208758326}, {"maxAge": 1, "endDate": "2016-03-31", "cash": 10689981, "netReceivables": 395016174, "inventory": 303589414, "otherCurrentAssets": 156802576, "totalCurrentAssets": 867874050, "propertyPlantEquipment": 589509540, "goodWill": 466946, "intangibleAssets": 106362277, "otherAssets": 67095327, "deferredLongTermAssetCharges": 59542000, "totalAssets": 1631308140, "accountsPayable": 179346126, "shortLongTermDebt": 268561563, "otherCurrentLiab": 145355657, "longTermDebt": 307153325, "otherLiab": 8938210, "totalCurrentLiabilities": 1066534065, "totalLiab": 1382625600, "commonStock": 179695000, "retainedEarnings": -112475634, "treasuryStock": 97815165, "capitalSurplus": 83648014, "otherStockholderEquity": 97815165, "totalStockholderEquity": 248682545, "netTangibleAssets": 141853322}], "maxAge": 86400}, "earningsTrend": {"trend": [{"maxAge": 1, "period": "0q", "endDate": null, "growth": {}, "earningsEstimate": {"avg": 0.0, "low": 0.0, "high": 0.0, "yearAgoEps": {}, "numberOfAnalysts": 0, "growth": {}}, "revenueEstimate": {"avg": 0, "low": 0, "high": 0, "numberOfAnalysts": 0, "yearAgoRevenue": {}, "growth": {}}, "epsTrend": {"current": 0.0, "7daysAgo": 0.0, "30daysAgo": 0.0, "60daysAgo": 0.0, "90daysAgo": 0.0}, "epsRevisions": {"upLast7days": 0, "upLast30days": 0, "downLast30days": 0, "downLast90days": {}}}, {"maxAge": 1, "period": "+1q", "endDate": null, "growth": {}, "earningsEstimate": {"avg": 0.0, "low": 0.0, "high": 0.0, "yearAgoEps": {}, "numberOfAnalysts": 0, "growth": {}}, "revenueEstimate": {"avg": 0, "low": 0, "high": 0, "numberOfAnalysts": 0, "yearAgoRevenue": {}, "growth": {}}, "epsTrend": {"current": 0.0, "7daysAgo": 0.0, "30daysAgo": 0.0, "60daysAgo": 0.0, "90daysAgo": 0.0}, "epsRevisions": {"upLast7days": 0, "upLast30days": 0, "downLast30days": 0, "downLast90days": {}}}, {"maxAge": 1, "period": "0y", "endDate": null, "growth": {}, "earningsEstimate": {"avg": 0.0, "low": 0.0, "high": 0.0, "yearAgoEps": {}, "numberOfAnalysts": 0, "growth": {}}, "revenueEstimate": {"avg": 0, "low": 0, "high": 0, "numberOfAnalysts": 0, "yearAgoRevenue": {}, "growth": {}}, "epsTrend": {"current": 0.0, "7daysAgo": 0.0, "30daysAgo": 0.0, "60daysAgo": 0.0, "90daysAgo": 0.0}, "epsRevisions": {"upLast7days": 0, "upLast30days": 0, "downLast30days": 0, "downLast90days": {}}}, {"maxAge": 1, "period": "+1y", "endDate": null, "growth": {}, "earningsEstimate": {"avg": 0.0, "low": 0.0, "high": 0.0, "yearAgoEps": {}, "numberOfAnalysts": 0, "growth": {}}, "revenueEstimate": {"avg": 0, "low": 0, "high": 0, "numberOfAnalysts": 0, "yearAgoRevenue": {}, "growth": {}}, "epsTrend": {"current": 0.0, "7daysAgo": 0.0, "30daysAgo": 0.0, "60daysAgo": 0.0, "90daysAgo": 0.0}, "epsRevisions": {"upLast7days": 0, "upLast30days": 0, "downLast30days": 0, "downLast90days": {}}}, {"maxAge": 1, "period": "+5y", "endDate": null, "growth": {}, "earningsEstimate": {"avg": {}, "low": {}, "high": {}, "yearAgoEps": {}, "numberOfAnalysts": {}, "growth": {}}, "revenueEstimate": {"avg": {}, "low": {}, "high": {}, "numberOfAnalysts": {}, "yearAgoRevenue": {}, "growth": {}}, "epsTrend": {"current": {}, "7daysAgo": {}, "30daysAgo": {}, "60daysAgo": {}, "90daysAgo": {}}, "epsRevisions": {"upLast7days": {}, "upLast30days": {}, "downLast30days": {}, "downLast90days": {}}}, {"maxAge": 1, "period": "-5y", "endDate": null, "growth": {}, "earningsEstimate": {"avg": {}, "low": {}, "high": {}, "yearAgoEps": {}, "numberOfAnalysts": {}, "growth": {}}, "revenueEstimate": {"avg": {}, "low": {}, "high": {}, "numberOfAnalysts": {}, "yearAgoRevenue": {}, "growth": {}}, "epsTrend": {"current": {}, "7daysAgo": {}, "30daysAgo": {}, "60daysAgo": {}, "90daysAgo": {}}, "epsRevisions": {"upLast7days": {}, "upLast30days": {}, "downLast30days": {}, "downLast90days": {}}}], "maxAge": 1}, "financialData": {"maxAge": 86400, "currentPrice": 22.7, "recommendationKey": "none", "grossProfits": 730344329, "financialCurrency": "INR"}}}