{"OLYMPTX.BO": {"cashflowStatementHistory": {"cashflowStatements": [{"maxAge": 1, "endDate": "2020-03-31", "netIncome": 3368122, "depreciation": 8874974, "changeToNetincome": 19362556, "changeToLiabilities": 0, "changeToOperatingActivities": 48940253, "totalCashFromOperatingActivities": 80545905, "capitalExpenditures": -5164762, "otherCashflowsFromInvestingActivities": 5712623, "totalCashflowsFromInvestingActivities": 547861, "netBorrowings": -58558790, "otherCashflowsFromFinancingActivities": -22916182, "totalCashFromFinancingActivities": -81474972, "changeInCash": -381206}, {"maxAge": 1, "endDate": "2019-03-31", "netIncome": 14025508, "depreciation": 8511181, "changeToNetincome": 20395527, "changeToLiabilities": 0, "changeToOperatingActivities": -22218782, "totalCashFromOperatingActivities": 20713434, "capitalExpenditures": -5997541, "otherCashflowsFromInvestingActivities": 7135042, "totalCashflowsFromInvestingActivities": 1137501, "netBorrowings": 2275309, "otherCashflowsFromFinancingActivities": -25969355, "totalCashFromFinancingActivities": -23694046, "changeInCash": -1843110}, {"maxAge": 1, "endDate": "2018-03-31", "netIncome": 18732744, "depreciation": 11422896, "changeToNetincome": 7820291, "changeToLiabilities": 0, "changeToOperatingActivities": -164030782, "totalCashFromOperatingActivities": -126054851, "capitalExpenditures": -15267569, "otherCashflowsFromInvestingActivities": 6613431, "totalCashflowsFromInvestingActivities": -8654138, "netBorrowings": 111177403, "otherCashflowsFromFinancingActivities": -31904559, "totalCashFromFinancingActivities": 121797844, "changeInCash": -12911145, "issuanceOfStock": 42525000}, {"maxAge": 1, "endDate": "2017-03-31", "netIncome": 42035393, "depreciation": 4456365, "changeToNetincome": 17968480, "changeToLiabilities": 0, "changeToOperatingActivities": -89120744, "totalCashFromOperatingActivities": -24660506, "capitalExpenditures": -11775925, "otherCashflowsFromInvestingActivities": 4056802, "totalCashflowsFromInvestingActivities": -7719123, "netBorrowings": -7588509, "otherCashflowsFromFinancingActivities": -31145109, "totalCashFromFinancingActivities": 35741382, "changeInCash": 3361753, "issuanceOfStock": 74475000}], "maxAge": 86400}, "institutionOwnership": {"ownershipList": [], "maxAge": 1}, "balanceSheetHistoryQuarterly": {"balanceSheetStatements": [{"maxAge": 1, "endDate": "2020-06-30", "totalStockholderEquity": 493037118, "netTangibleAssets": 493037118}, {"maxAge": 1, "endDate": "2020-03-31", "cash": 871690, "netReceivables": 239316506, "inventory": 340861166, "otherCurrentAssets": 11203625, "totalCurrentAssets": 592765877, "propertyPlantEquipment": 156758787, "otherAssets": 42027729, "totalAssets": 791552393, "accountsPayable": 86157379, "shortLongTermDebt": 311983, "otherCurrentLiab": 1586362, "otherLiab": 7100347, "totalCurrentLiabilities": 291414928, "totalLiab": 298515275, "commonStock": 60235700, "retainedEarnings": 37710211, "treasuryStock": 271621828, "capitalSurplus": 123469379, "otherStockholderEquity": 271621828, "totalStockholderEquity": 493037118, "netTangibleAssets": 493037118}, {"maxAge": 1, "endDate": "2019-12-31", "totalStockholderEquity": 493126000, "netTangibleAssets": 493126000}, {"maxAge": 1, "endDate": "2019-09-30", "cash": 1290000, "netReceivables": 265341000, "inventory": 347247000, "otherCurrentAssets": 2233000, "totalCurrentAssets": 616111000, "propertyPlantEquipment": 159547000, "otherAssets": 38227000, "totalAssets": 813885000, "accountsPayable": 76493000, "shortLongTermDebt": 205256000, "otherCurrentLiab": 26949000, "longTermDebt": 269000, "otherLiab": 6399000, "totalCurrentLiabilities": 314091000, "totalLiab": 320759000, "commonStock": 60236000, "treasuryStock": 432890000, "otherStockholderEquity": 432890000, "totalStockholderEquity": 493126000, "netTangibleAssets": 493126000}], "maxAge": 86400}, "indexTrend": {"maxAge": 1, "symbol": "SP5", "peRatio": 19.7411, "pegRatio": 1.34172, "estimates": [{"period": "0q", "growth": 0.549}, {"period": "+1q", "growth": 0.431}, {"period": "0y", "growth": 0.305}, {"period": "+1y", "growth": 0.109}, {"period": "+5y", "growth": 0.120859005}, {"period": "-5y"}]}, "insiderTransactions": {"transactions": [{"maxAge": 1, "shares": 165000, "filerUrl": "", "transactionText": "", "filerName": "Agrankit Synfab Pvt Ltd", "filerRelation": "Promoter", "moneyText": "", "startDate": "2017-08-02", "ownership": "D"}, {"maxAge": 1, "shares": 300000, "filerUrl": "", "transactionText": "", "filerName": "Agrankit Synfab Pvt Ltd", "filerRelation": "Promoter", "moneyText": "", "startDate": "2017-06-30", "ownership": "D"}, {"maxAge": 1, "shares": 80000, "filerUrl": "", "transactionText": "", "filerName": "Ekamat Synthetics Pvt Ltd", "filerRelation": "Promoter", "moneyText": "", "startDate": "2017-06-30", "ownership": "D"}, {"maxAge": 1, "shares": 250000, "filerUrl": "", "transactionText": "", "filerName": "Pansari (Alok)", "filerRelation": "Promoter", "moneyText": "", "startDate": "2017-06-30", "ownership": "D"}, {"maxAge": 1, "shares": 285000, "filerUrl": "", "transactionText": "", "filerName": "Agrankit Synfab Pvt Ltd", "filerRelation": "Promoter", "moneyText": "", "startDate": "2016-12-29", "ownership": "D"}, {"maxAge": 1, "shares": 420000, "filerUrl": "", "transactionText": "", "filerName": "Ekamat Synthetics Pvt Ltd", "filerRelation": "Promoter", "moneyText": "", "startDate": "2016-12-29", "ownership": "D"}, {"maxAge": 1, "shares": 250000, "filerUrl": "", "transactionText": "", "filerName": "Pansari (Alok)", "filerRelation": "Promoter", "moneyText": "", "startDate": "2016-12-29", "ownership": "D"}, {"maxAge": 1, "shares": 350000, "filerUrl": "", "transactionText": "", "filerName": "Pansari (Anurag)", "filerRelation": "Promoter", "moneyText": "", "startDate": "2016-12-29", "ownership": "D"}], "maxAge": 1}, "quoteType": {"exchange": "BSE", "quoteType": "EQUITY", "symbol": "OLYMPTX.BO", "underlyingSymbol": "OLYMPTX.BO", "shortName": "OLYMPIA INDUSTRIES LTD.", "longName": "Olympia Industries Limited", "firstTradeDateEpochUtc": "1998-12-30 09:15:00", "timeZoneFullName": "Asia/Kolkata", "timeZoneShortName": "IST", "uuid": "d6eb749f-92e0-32fe-a3c3-e373fde24406", "gmtOffSetMilliseconds": 19800000, "maxAge": 1}, "incomeStatementHistory": {"incomeStatementHistory": [{"maxAge": 1, "endDate": "2020-03-31", "totalRevenue": 1371420119, "costOfRevenue": 1201546815, "grossProfit": 169873304, "researchDevelopment": {}, "sellingGeneralAdministrative": 7913553, "nonRecurring": {}, "otherOperatingExpenses": 130432977, "totalOperatingExpenses": 1348768319, "operatingIncome": 22651800, "totalOtherIncomeExpenseNet": -17124681, "ebit": 22651800, "interestExpense": -22917464, "incomeBeforeTax": 5527119, "incomeTaxExpense": 2158997, "minorityInterest": {}, "netIncomeFromContinuingOps": 3368122, "discontinuedOperations": {}, "extraordinaryItems": {}, "effectOfAccountingCharges": {}, "otherItems": {}, "netIncome": 3368122, "netIncomeApplicableToCommonShares": 3368122}, {"maxAge": 1, "endDate": "2019-03-31", "totalRevenue": 1320133763, "costOfRevenue": 1110038751, "grossProfit": 210095012, "researchDevelopment": {}, "sellingGeneralAdministrative": 8923708, "nonRecurring": {}, "otherOperatingExpenses": 153757734, "totalOperatingExpenses": 1281231374, "operatingIncome": 38902389, "totalOtherIncomeExpenseNet": -18834313, "ebit": 38902389, "interestExpense": -25969355, "incomeBeforeTax": 20068076, "incomeTaxExpense": 6042568, "minorityInterest": {}, "netIncomeFromContinuingOps": 14025508, "discontinuedOperations": {}, "extraordinaryItems": {}, "effectOfAccountingCharges": {}, "otherItems": {}, "netIncome": 14025508, "netIncomeApplicableToCommonShares": 14025508}, {"maxAge": 1, "endDate": "2018-03-31", "totalRevenue": 1796732270, "costOfRevenue": 1498490626, "grossProfit": 298241644, "researchDevelopment": {}, "sellingGeneralAdministrative": 11371162, "nonRecurring": {}, "otherOperatingExpenses": 230781695, "totalOperatingExpenses": 1752066379, "operatingIncome": 44665891, "totalOtherIncomeExpenseNet": -14659878, "ebit": 44665891, "interestExpense": -21273309, "incomeBeforeTax": 30006013, "incomeTaxExpense": 11273269, "minorityInterest": {}, "netIncomeFromContinuingOps": 18732744, "discontinuedOperations": {}, "extraordinaryItems": {}, "effectOfAccountingCharges": {}, "otherItems": {}, "netIncome": 18732744, "netIncomeApplicableToCommonShares": 18732744}, {"maxAge": 1, "endDate": "2017-03-31", "totalRevenue": 2464597699, "costOfRevenue": 2159091579, "grossProfit": 305506120, "researchDevelopment": {}, "sellingGeneralAdministrative": 8740447, "nonRecurring": {}, "otherOperatingExpenses": 214033067, "totalOperatingExpenses": 2389651398, "operatingIncome": 74946301, "totalOtherIncomeExpenseNet": -10385700, "ebit": 74946301, "interestExpense": -12526360, "incomeBeforeTax": 64560601, "incomeTaxExpense": 22525208, "minorityInterest": {}, "netIncomeFromContinuingOps": 42035393, "discontinuedOperations": {}, "extraordinaryItems": {}, "effectOfAccountingCharges": {}, "otherItems": {}, "netIncome": 42035393, "netIncomeApplicableToCommonShares": 42035393}], "maxAge": 86400}, "fundOwnership": {"ownershipList": [], "maxAge": 1}, "summaryDetail": {"maxAge": 1, "priceHint": 2, "previousClose": 31.35, "open": 32.0, "dayLow": 29.8, "dayHigh": 32.9, "regularMarketPreviousClose": 31.35, "regularMarketOpen": 32.0, "regularMarketDayLow": 29.8, "regularMarketDayHigh": 32.9, "volume": 2265, "regularMarketVolume": 2265, "averageVolume": 3315, "averageVolume10days": 10904, "averageDailyVolume10Day": 10904, "bid": 32.9, "ask": 0.0, "bidSize": 0, "askSize": 0, "marketCap": 198175456, "fiftyTwoWeekLow": 7.0, "fiftyTwoWeekHigh": 34.2, "fiftyDayAverage": 20.580303, "twoHundredDayAverage": 14.24647, "currency": "INR", "fromCurrency": null, "lastMarket": null, "algorithm": null, "tradeable": false}, "incomeStatementHistoryQuarterly": {"incomeStatementHistory": [{"maxAge": 1, "endDate": "2020-06-30", "totalRevenue": 55599000, "costOfRevenue": 52768000, "grossProfit": 2831000, "researchDevelopment": {}, "sellingGeneralAdministrative": {}, "nonRecurring": {}, "otherOperatingExpenses": 14919000, "totalOperatingExpenses": 69403000, "operatingIncome": -13804000, "totalOtherIncomeExpenseNet": -4001000, "ebit": -13804000, "interestExpense": -4001000, "incomeBeforeTax": -17805000, "incomeTaxExpense": 0, "minorityInterest": {}, "netIncomeFromContinuingOps": -17805000, "discontinuedOperations": {}, "extraordinaryItems": {}, "effectOfAccountingCharges": {}, "otherItems": {}, "netIncome": -17805000, "netIncomeApplicableToCommonShares": -17805000}, {"maxAge": 1, "endDate": "2020-03-31", "totalRevenue": 321814119, "costOfRevenue": 290027815, "grossProfit": 31786304, "researchDevelopment": {}, "sellingGeneralAdministrative": 7913553, "nonRecurring": {}, "otherOperatingExpenses": 21495977, "totalOperatingExpenses": 321478319, "operatingIncome": 335800, "totalOtherIncomeExpenseNet": -167681, "ebit": 335800, "interestExpense": -5960464, "incomeBeforeTax": 168119, "incomeTaxExpense": 818997, "minorityInterest": {}, "netIncomeFromContinuingOps": -650878, "discontinuedOperations": {}, "extraordinaryItems": {}, "effectOfAccountingCharges": {}, "otherItems": {}, "netIncome": -650878, "netIncomeApplicableToCommonShares": -650878}, {"maxAge": 1, "endDate": "2019-12-31", "totalRevenue": 351429000, "costOfRevenue": 296519000, "grossProfit": 54910000, "researchDevelopment": {}, "sellingGeneralAdministrative": 7913553, "nonRecurring": {}, "otherOperatingExpenses": 45743000, "totalOperatingExpenses": 345000000, "operatingIncome": 6429000, "totalOtherIncomeExpenseNet": -5018000, "ebit": 6429000, "interestExpense": -5018000, "incomeBeforeTax": 1411000, "incomeTaxExpense": 353000, "minorityInterest": {}, "netIncomeFromContinuingOps": 1058000, "discontinuedOperations": {}, "extraordinaryItems": {}, "effectOfAccountingCharges": {}, "otherItems": {}, "netIncome": 1058000, "netIncomeApplicableToCommonShares": 1058000}, {"maxAge": 1, "endDate": "2019-09-30", "totalRevenue": 439607000, "costOfRevenue": 397020000, "grossProfit": 42587000, "researchDevelopment": {}, "sellingGeneralAdministrative": 7913553, "nonRecurring": {}, "otherOperatingExpenses": 32532000, "totalOperatingExpenses": 432349000, "operatingIncome": 7258000, "totalOtherIncomeExpenseNet": -5736000, "ebit": 7258000, "interestExpense": -5736000, "incomeBeforeTax": 1522000, "incomeTaxExpense": 312000, "minorityInterest": {}, "netIncomeFromContinuingOps": 1210000, "discontinuedOperations": {}, "extraordinaryItems": {}, "effectOfAccountingCharges": {}, "otherItems": {}, "netIncome": 1210000, "netIncomeApplicableToCommonShares": 1210000}], "maxAge": 86400}, "cashflowStatementHistoryQuarterly": {"cashflowStatements": [{"maxAge": 1, "endDate": "2020-06-30", "netIncome": -17805000, "changeToLiabilities": 0}, {"maxAge": 1, "endDate": "2020-03-31", "netIncome": -650878, "depreciation": 2040974, "changeToNetincome": 1712556, "changeToLiabilities": 0, "changeToOperatingActivities": -566747, "totalCashFromOperatingActivities": 2535905, "capitalExpenditures": -651762, "otherCashflowsFromInvestingActivities": 5065623, "totalCashflowsFromInvestingActivities": 4413861, "netBorrowings": -968790, "otherCashflowsFromFinancingActivities": -5959182, "totalCashFromFinancingActivities": -6927972, "changeInCash": 22794}, {"maxAge": 1, "endDate": "2019-12-31", "netIncome": 1058000, "depreciation": 2738000, "changeToNetincome": 5061000, "changeToLiabilities": 0, "changeToOperatingActivities": 24987000, "totalCashFromOperatingActivities": 33844000, "capitalExpenditures": -1339000, "otherCashflowsFromInvestingActivities": 310000, "totalCashflowsFromInvestingActivities": -1029000, "netBorrowings": -28237000, "otherCashflowsFromFinancingActivities": -5018000, "totalCashFromFinancingActivities": -33255000, "changeInCash": -441000}, {"maxAge": 1, "endDate": "2019-09-30", "netIncome": 1210000, "depreciation": 2738000, "changeToNetincome": 5061000, "changeToLiabilities": 0, "changeToOperatingActivities": 24987000, "totalCashFromOperatingActivities": 33844000, "capitalExpenditures": -1339000, "otherCashflowsFromInvestingActivities": 310000, "totalCashflowsFromInvestingActivities": -1029000, "netBorrowings": -28237000, "otherCashflowsFromFinancingActivities": -5018000, "totalCashFromFinancingActivities": -33255000, "changeInCash": -441000}], "maxAge": 86400}, "insiderHolders": {"holders": [{"maxAge": 1, "name": "Agrankit Synfab Pvt Ltd", "relation": "Promoter", "url": "", "transactionDescription": "Other", "latestTransDate": "2017-08-02", "positionDirect": 820000, "positionDirectDate": "2017-08-02"}, {"maxAge": 1, "name": "Ekamat Synthetics Pvt Ltd", "relation": "Promoter", "url": "", "transactionDescription": "Other", "latestTransDate": "2017-06-30", "positionDirect": 848420, "positionDirectDate": "2017-06-30"}, {"maxAge": 1, "name": "Pansari (Alok)", "relation": "Promoter", "url": "", "transactionDescription": "Other", "latestTransDate": "2017-06-30", "positionDirect": 500000, "positionDirectDate": "2017-06-30"}, {"maxAge": 1, "name": "Pansari (Anurag)", "relation": "Promoter", "url": "", "transactionDescription": "Other", "latestTransDate": "2016-12-29", "positionDirect": 750001, "positionDirectDate": "2016-12-29"}], "maxAge": 1}, "calendarEvents": {"maxAge": 1, "earnings": {"earningsDate": ["2020-09-14 05:30:S"]}}, "upgradeDowngradeHistory": {"history": [], "maxAge": 86400}, "price": {"maxAge": 1, "regularMarketChangePercent": 0.049441826, "regularMarketChange": 1.5500011, "regularMarketTime": "2021-04-30 14:48:28", "priceHint": 2, "regularMarketPrice": 32.9, "regularMarketDayHigh": 32.9, "regularMarketDayLow": 29.8, "regularMarketVolume": 2265, "averageDailyVolume10Day": 10904, "averageDailyVolume3Month": 3315, "regularMarketPreviousClose": 31.35, "regularMarketSource": "FREE_REALTIME", "regularMarketOpen": 32.0, "exchange": "BSE", "exchangeName": "BSE", "exchangeDataDelayedBy": 0, "marketState": "CLOSED", "quoteType": "EQUITY", "symbol": "OLYMPTX.BO", "underlyingSymbol": null, "shortName": "OLYMPIA INDUSTRIES LTD.", "longName": "Olympia Industries Limited", "currency": "INR", "quoteSourceName": "Delayed Quote", "currencySymbol": "\u20b9", "fromCurrency": null, "lastMarket": null, "marketCap": 198175456}, "balanceSheetHistory": {"balanceSheetStatements": [{"maxAge": 1, "endDate": "2020-03-31", "cash": 871690, "netReceivables": 239316506, "inventory": 340861166, "otherCurrentAssets": 11203625, "totalCurrentAssets": 592765877, "propertyPlantEquipment": 156758787, "otherAssets": 42027729, "totalAssets": 791552393, "accountsPayable": 86157379, "shortLongTermDebt": 311983, "otherCurrentLiab": 1586362, "otherLiab": 7100347, "totalCurrentLiabilities": 291414928, "totalLiab": 298515275, "commonStock": 60235700, "retainedEarnings": 37710211, "treasuryStock": 271621828, "capitalSurplus": 123469379, "otherStockholderEquity": 271621828, "totalStockholderEquity": 493037118, "netTangibleAssets": 493037118}, {"maxAge": 1, "endDate": "2019-03-31", "cash": 1252896, "netReceivables": 251432748, "inventory": 358655898, "otherCurrentAssets": 3657394, "totalCurrentAssets": 615460095, "propertyPlantEquipment": 160469460, "otherAssets": 37549522, "totalAssets": 813479077, "accountsPayable": 53859849, "shortLongTermDebt": 518000, "otherCurrentLiab": 6317163, "longTermDebt": 268756, "otherLiab": 6398731, "totalCurrentLiabilities": 316641018, "totalLiab": 323308505, "commonStock": 60235700, "retainedEarnings": 34338897, "treasuryStock": 272126596, "capitalSurplus": 123469379, "otherStockholderEquity": 272126596, "totalStockholderEquity": 490170572, "netTangibleAssets": 490170572}, {"maxAge": 1, "endDate": "2018-03-31", "cash": 3096005, "netReceivables": 250204950, "inventory": 301899535, "otherCurrentAssets": 26644443, "totalCurrentAssets": 582244927, "propertyPlantEquipment": 166312931, "otherAssets": 37414976, "totalAssets": 785972834, "accountsPayable": 43221313, "otherCurrentLiab": 7295080, "longTermDebt": 3240004, "otherLiab": 10768484, "totalCurrentLiabilities": 292486547, "totalLiab": 306495035, "commonStock": 60235700, "retainedEarnings": 18982744, "treasuryStock": 276789976, "capitalSurplus": 123469379, "otherStockholderEquity": 276789976, "totalStockholderEquity": 479477799, "netTangibleAssets": 479477799}, {"maxAge": 1, "endDate": "2017-03-31", "cash": 16007151, "shortTermInvestments": 1583244, "netReceivables": 133438233, "inventory": 555381548, "otherCurrentAssets": 52114989, "totalCurrentAssets": 758607163, "propertyPlantEquipment": 162468258, "otherAssets": 48276146, "totalAssets": 969351567, "accountsPayable": 379545215, "shortLongTermDebt": 419317, "otherCurrentLiab": 23628090, "longTermDebt": 7746941, "otherLiab": 7657935, "totalCurrentLiabilities": 531613326, "totalLiab": 547018202, "commonStock": 50785700, "retainedEarnings": 250000, "treasuryStock": 280903286, "capitalSurplus": 90394379, "otherStockholderEquity": 280903286, "totalStockholderEquity": 422333365, "netTangibleAssets": 422333365}], "maxAge": 86400}, "financialData": {"maxAge": 86400, "currentPrice": 32.9, "recommendationKey": "none", "grossProfits": 169873304, "financialCurrency": "INR"}}}