{"ONELIFECAP.NS": {"assetProfile": {"address1": "Plot No. A 356, Wagle Industrial Estate", "address2": "Road No. 26 MIDC Thane (West)", "city": "Thane", "zip": "400604", "country": "India", "phone": "91 22 2583 3206", "fax": "91 22 4184 2228", "website": "http://www.onelifecapital.in", "industry": "Capital Markets", "sector": "Financial Services", "longBusinessSummary": "Onelife Capital Advisors Limited provides strategic advisory services to corporates, HNIs, family offices, etc. in India. The company operates through Advisory Services, Broking Services, and NBFC Business segments. It offers advisory for fund raising through Indian and international markets that ensure capital structures and transaction processing for private placements. The company also advises companies on fund raising during the seed, growth, and expansion phases, as well as acquisition financing and structuring the deal to maximize value for its stakeholders. Its research coverage sectors include castor oil and derivatives, food processing, glass, infrastructure, metals, oil and gas, oral care, packaging, payment gateway, pharma, power, and recycle. In addition, the company engages in commodity broking and other related ancillary services. Further, it provides financing services. The company was founded in 2007 and is based in Thane, India.", "fullTimeEmployees": 26, "companyOfficers": [{"maxAge": 1, "name": "Mr. Pandoo Prabhakar Naig", "age": 39, "title": "Managing Director & CFO", "yearBorn": 1981, "fiscalYear": 2020, "totalPay": 1500000, "exercisedValue": 0, "unexercisedValue": 0}, {"maxAge": 1, "name": "Ms. Aditi  Mahamunkar", "age": 27, "title": "Company Sec. & Compliance Officer", "yearBorn": 1993, "fiscalYear": 2020, "totalPay": 293000, "exercisedValue": 0, "unexercisedValue": 0}, {"maxAge": 1, "name": "Mrs. Sowmya Gautam Deshpande", "age": 44, "title": "Mang.", "yearBorn": 1976, "exercisedValue": 0, "unexercisedValue": 0}], "compensationAsOfEpochDate": "2020-12-31 05:30:00", "maxAge": 86400}, "cashflowStatementHistory": {"cashflowStatements": [{"maxAge": 1, "endDate": "2020-03-31", "netIncome": -16300000, "depreciation": 6492000, "changeToNetincome": -20578000, "changeToAccountReceivables": -8629000, "changeToLiabilities": -13396000, "changeToOperatingActivities": -4076000, "totalCashFromOperatingActivities": -54100000, "capitalExpenditures": -2855000, "investments": -1997000, "otherCashflowsFromInvestingActivities": 25101000, "totalCashflowsFromInvestingActivities": 116427000, "netBorrowings": -50743000, "otherCashflowsFromFinancingActivities": -122000, "totalCashFromFinancingActivities": -50865000, "changeInCash": 11462000}, {"maxAge": 1, "endDate": "2019-03-31", "netIncome": -802000, "depreciation": 5459000, "changeToNetincome": -24066000, "changeToAccountReceivables": -23234000, "changeToLiabilities": -16769000, "changeToOperatingActivities": 19023000, "totalCashFromOperatingActivities": -40180000, "capitalExpenditures": -2185000, "investments": 12236000, "otherCashflowsFromInvestingActivities": 22129000, "totalCashflowsFromInvestingActivities": 32630000, "netBorrowings": -7158000, "otherCashflowsFromFinancingActivities": -302000, "totalCashFromFinancingActivities": -7460000, "changeInCash": -15010000}, {"maxAge": 1, "endDate": "2018-03-31", "netIncome": 492000, "depreciation": 5270000, "changeToNetincome": -20625000, "changeToAccountReceivables": -132000, "changeToLiabilities": 33637000, "changeToOperatingActivities": -116602000, "totalCashFromOperatingActivities": -97960000, "capitalExpenditures": -6554000, "investments": -14094000, "otherCashflowsFromInvestingActivities": 16519000, "totalCashflowsFromInvestingActivities": 96838000, "netBorrowings": 16711000, "otherCashflowsFromFinancingActivities": -492000, "totalCashFromFinancingActivities": 16219000, "changeInCash": 15097000}, {"maxAge": 1, "endDate": "2017-03-31", "netIncome": -40991000, "depreciation": 17101000, "changeToNetincome": 4905000, "changeToAccountReceivables": -132000, "changeToLiabilities": 0, "changeToOperatingActivities": -60843000, "totalCashFromOperatingActivities": -79828000, "capitalExpenditures": -119000, "investments": -126014000, "otherCashflowsFromInvestingActivities": 11577000, "totalCashflowsFromInvestingActivities": 74444000, "netBorrowings": 20693000, "otherCashflowsFromFinancingActivities": -821000, "totalCashFromFinancingActivities": 19872000, "changeInCash": 14488000}], "maxAge": 86400}, "institutionOwnership": {"ownershipList": [], "maxAge": 1}, "majorHoldersBreakdown": {"maxAge": 1, "insidersPercentHeld": 0.75714, "institutionsPercentHeld": 0.0, "institutionsFloatPercentHeld": 0.0, "institutionsCount": 0}, "balanceSheetHistoryQuarterly": {"balanceSheetStatements": [{"maxAge": 1, "endDate": "2020-12-31", "totalStockholderEquity": 846379000, "netTangibleAssets": 842449000}, {"maxAge": 1, "endDate": "2020-09-30", "cash": 20351000, "netReceivables": 731781000, "otherCurrentAssets": 1352000, "totalCurrentAssets": 753484000, "longTermInvestments": 108304000, "propertyPlantEquipment": 3463000, "intangibleAssets": 3930000, "otherAssets": 77213000, "deferredLongTermAssetCharges": 640000, "totalAssets": 946394000, "accountsPayable": 45687000, "otherCurrentLiab": 22814000, "otherLiab": 982000, "minorityInterest": 143000, "totalCurrentLiabilities": 98890000, "totalLiab": 99872000, "commonStock": 133600000, "treasuryStock": 712779000, "otherStockholderEquity": 712779000, "totalStockholderEquity": 846379000, "netTangibleAssets": 842449000}, {"maxAge": 1, "endDate": "2020-06-30", "totalStockholderEquity": 849172000, "netTangibleAssets": 844049000}, {"maxAge": 1, "endDate": "2020-03-31", "cash": 34727000, "netReceivables": 713432000, "otherCurrentAssets": 32177000, "totalCurrentAssets": 780336000, "longTermInvestments": 4380000, "propertyPlantEquipment": 8137000, "intangibleAssets": 5123000, "otherAssets": 129557000, "deferredLongTermAssetCharges": 733000, "totalAssets": 927533000, "accountsPayable": 30938000, "otherCurrentLiab": 10759000, "otherLiab": 983000, "minorityInterest": 147000, "totalCurrentLiabilities": 76129000, "totalLiab": 78214000, "commonStock": 133600000, "retainedEarnings": -94867000, "treasuryStock": -97367000, "capitalSurplus": 907806000, "otherStockholderEquity": -97367000, "totalStockholderEquity": 849172000, "netTangibleAssets": 844049000}], "maxAge": 86400}, "indexTrend": {"maxAge": 1, "symbol": "SP5", "peRatio": 19.7411, "pegRatio": 1.34172, "estimates": [{"period": "0q", "growth": 0.549}, {"period": "+1q", "growth": 0.431}, {"period": "0y", "growth": 0.305}, {"period": "+1y", "growth": 0.109}, {"period": "+5y", "growth": 0.120865}, {"period": "-5y"}]}, "defaultKeyStatistics": {"maxAge": 1, "priceHint": 2, "enterpriseValue": 80312000, "profitMargins": 0.012999999, "floatShares": 3044684, "sharesOutstanding": 13360000, "heldPercentInsiders": 0.75714, "heldPercentInstitutions": 0.0, "beta": 0.419369, "category": null, "bookValue": 61.518, "priceToBook": 0.100783505, "fundFamily": null, "legalType": null, "lastFiscalYearEnd": "2020-03-31 05:30:00", "nextFiscalYearEnd": "2022-03-31 05:30:00", "mostRecentQuarter": "2020-12-31 05:30:00", "netIncomeToCommon": 960000, "trailingEps": 0.073, "lastSplitFactor": null, "enterpriseToRevenue": 1.088}, "summaryProfile": {"address1": "Plot No. A 356, Wagle Industrial Estate", "address2": "Road No. 26 MIDC Thane (West)", "city": "Thane", "zip": "400604", "country": "India", "phone": "91 22 2583 3206", "fax": "91 22 4184 2228", "website": "http://www.onelifecapital.in", "industry": "Capital Markets", "sector": "Financial Services", "longBusinessSummary": "Onelife Capital Advisors Limited provides strategic advisory services to corporates, HNIs, family offices, etc. in India. The company operates through Advisory Services, Broking Services, and NBFC Business segments. It offers advisory for fund raising through Indian and international markets that ensure capital structures and transaction processing for private placements. The company also advises companies on fund raising during the seed, growth, and expansion phases, as well as acquisition financing and structuring the deal to maximize value for its stakeholders. Its research coverage sectors include castor oil and derivatives, food processing, glass, infrastructure, metals, oil and gas, oral care, packaging, payment gateway, pharma, power, and recycle. In addition, the company engages in commodity broking and other related ancillary services. Further, it provides financing services. The company was founded in 2007 and is based in Thane, India.", "fullTimeEmployees": 26, "companyOfficers": [], "maxAge": 86400}, "netSharePurchaseActivity": {"maxAge": 1, "period": "6m", "buyInfoCount": 0, "buyInfoShares": 0, "sellInfoCount": 0, "netInfoCount": 0, "netInfoShares": 0, "netPercentInsiderShares": 0.0, "totalInsiderShares": 11054244}, "insiderTransactions": {"transactions": [{"maxAge": 1, "shares": 25, "filerUrl": "", "transactionText": "", "filerName": "Shukla (Anil)", "filerRelation": "UNREPORTED", "moneyText": "", "startDate": "2013-09-16", "ownership": "D"}, {"maxAge": 1, "shares": 25, "filerUrl": "", "transactionText": "", "filerName": "Shukla (J P)", "filerRelation": "UNREPORTED", "moneyText": "", "startDate": "2013-09-16", "ownership": "D"}, {"maxAge": 1, "shares": 25, "filerUrl": "", "transactionText": "", "filerName": "Shukla (Priya)", "filerRelation": "UNREPORTED", "moneyText": "", "startDate": "2013-09-16", "ownership": "D"}, {"maxAge": 1, "shares": 25, "filerUrl": "", "transactionText": "", "filerName": "Shukla (Rakhee)", "filerRelation": "UNREPORTED", "moneyText": "", "startDate": "2013-09-16", "ownership": "D"}, {"maxAge": 1, "shares": 25, "filerUrl": "", "transactionText": "", "filerName": "Shukla (Reena)", "filerRelation": "UNREPORTED", "moneyText": "", "startDate": "2013-09-16", "ownership": "D"}, {"maxAge": 1, "shares": 25, "filerUrl": "", "transactionText": "", "filerName": "Shukla (Suman)", "filerRelation": "UNREPORTED", "moneyText": "", "startDate": "2013-09-16", "ownership": "D"}, {"maxAge": 1, "shares": 10000, "filerUrl": "", "transactionText": "", "filerName": "Naig (Divya P)", "filerRelation": "Promoter", "moneyText": "", "startDate": "2012-11-30", "ownership": "D"}, {"maxAge": 1, "shares": 10000, "filerUrl": "", "transactionText": "", "filerName": "Naig (Radhabai)", "filerRelation": "Promoter", "moneyText": "", "startDate": "2012-11-08", "ownership": "D"}, {"maxAge": 1, "shares": 10000, "filerUrl": "", "transactionText": "", "filerName": "DGS Agrotech Ltd", "filerRelation": "Promoter", "moneyText": "", "startDate": "2012-11-08", "ownership": "D"}, {"maxAge": 1, "shares": 10000, "filerUrl": "", "transactionText": "", "filerName": "Deshpande (Gautam)", "filerRelation": "Promoter", "moneyText": "", "startDate": "2012-11-07", "ownership": "D"}, {"maxAge": 1, "shares": 10000, "filerUrl": "", "transactionText": "", "filerName": "Deshpande (Sowmya Gautam)", "filerRelation": "Promoter", "moneyText": "", "startDate": "2012-11-07", "ownership": "D"}], "maxAge": 1}, "quoteType": {"exchange": "NSI", "quoteType": "EQUITY", "symbol": "ONELIFECAP.NS", "underlyingSymbol": "ONELIFECAP.NS", "shortName": "ONELIFE CAPITAL AD", "longName": "Onelife Capital Advisors Limited", "firstTradeDateEpochUtc": "2011-10-17 09:15:00", "timeZoneFullName": "Asia/Kolkata", "timeZoneShortName": "IST", "uuid": "f6f3e3cb-9370-3947-8717-7f039aa20b6c", "gmtOffSetMilliseconds": 19800000, "maxAge": 1}, "incomeStatementHistory": {"incomeStatementHistory": [{"maxAge": 1, "endDate": "2020-03-31", "totalRevenue": 93135000, "costOfRevenue": 223000, "grossProfit": 92912000, "researchDevelopment": {}, "sellingGeneralAdministrative": 35994000, "nonRecurring": {}, "otherOperatingExpenses": 40348000, "totalOperatingExpenses": 107124000, "operatingIncome": -13989000, "totalOtherIncomeExpenseNet": -1496000, "ebit": 0, "interestExpense": {}, "incomeBeforeTax": -15485000, "incomeTaxExpense": 818000, "minorityInterest": 147000, "netIncomeFromContinuingOps": -16303000, "discontinuedOperations": {}, "extraordinaryItems": {}, "effectOfAccountingCharges": {}, "otherItems": {}, "netIncome": -16300000, "netIncomeApplicableToCommonShares": -16300000}, {"maxAge": 1, "endDate": "2019-03-31", "totalRevenue": 105700000, "costOfRevenue": 3579000, "grossProfit": 102121000, "researchDevelopment": {}, "sellingGeneralAdministrative": 55223000, "nonRecurring": {}, "otherOperatingExpenses": 40897000, "totalOperatingExpenses": 106067000, "operatingIncome": -367000, "totalOtherIncomeExpenseNet": 187000, "ebit": 0, "interestExpense": {}, "incomeBeforeTax": -180000, "incomeTaxExpense": 622000, "minorityInterest": 147000, "netIncomeFromContinuingOps": -802000, "discontinuedOperations": {}, "extraordinaryItems": {}, "effectOfAccountingCharges": {}, "otherItems": {}, "netIncome": -802000, "netIncomeApplicableToCommonShares": -802000}, {"maxAge": 1, "endDate": "2018-03-31", "totalRevenue": 69331000, "costOfRevenue": 4247000, "grossProfit": 65084000, "researchDevelopment": {}, "sellingGeneralAdministrative": 30314000, "nonRecurring": {}, "otherOperatingExpenses": 27980000, "totalOperatingExpenses": 68584000, "operatingIncome": 747000, "totalOtherIncomeExpenseNet": 0, "ebit": 0, "interestExpense": {}, "incomeBeforeTax": 747000, "incomeTaxExpense": 255000, "minorityInterest": 147000, "netIncomeFromContinuingOps": 492000, "discontinuedOperations": {}, "extraordinaryItems": {}, "effectOfAccountingCharges": {}, "otherItems": {}, "netIncome": 492000, "netIncomeApplicableToCommonShares": 492000}, {"maxAge": 1, "endDate": "2017-03-31", "totalRevenue": 71798000, "costOfRevenue": 4613000, "grossProfit": 67185000, "researchDevelopment": {}, "sellingGeneralAdministrative": 43274000, "nonRecurring": {}, "otherOperatingExpenses": 29266000, "totalOperatingExpenses": 94956000, "operatingIncome": -23158000, "totalOtherIncomeExpenseNet": -17596000, "ebit": 0, "interestExpense": {}, "incomeBeforeTax": -40754000, "incomeTaxExpense": 237000, "minorityInterest": 147000, "netIncomeFromContinuingOps": -40991000, "discontinuedOperations": {}, "extraordinaryItems": {}, "effectOfAccountingCharges": {}, "otherItems": {}, "netIncome": -40991000, "netIncomeApplicableToCommonShares": -40991000}], "maxAge": 86400}, "fundOwnership": {"ownershipList": [], "maxAge": 1}, "summaryDetail": {"maxAge": 1, "priceHint": 2, "previousClose": 6.4, "open": 6.2, "dayLow": 6.1, "dayHigh": 6.2, "regularMarketPreviousClose": 6.4, "regularMarketOpen": 6.2, "regularMarketDayLow": 6.1, "regularMarketDayHigh": 6.2, "payoutRatio": 0.0, "beta": 0.419369, "trailingPE": 84.9315, "volume": 4730, "regularMarketVolume": 4730, "averageVolume": 2345, "averageVolume10days": 3578, "averageDailyVolume10Day": 3578, "bid": 0.0, "ask": 0.0, "bidSize": 0, "askSize": 0, "marketCap": 86197360, "fiftyTwoWeekLow": 3.4, "fiftyTwoWeekHigh": 9.7, "priceToSalesTrailing12Months": 1.1677644, "fiftyDayAverage": 6.8075757, "twoHundredDayAverage": 6.7667856, "currency": "INR", "fromCurrency": null, "lastMarket": null, "algorithm": null, "tradeable": false}, "incomeStatementHistoryQuarterly": {"incomeStatementHistory": [{"maxAge": 1, "endDate": "2020-12-31", "totalRevenue": 15133000, "costOfRevenue": 0, "grossProfit": 15133000, "researchDevelopment": {}, "sellingGeneralAdministrative": 4682000, "nonRecurring": {}, "otherOperatingExpenses": 7694000, "totalOperatingExpenses": 14354000, "operatingIncome": 779000, "totalOtherIncomeExpenseNet": 0, "ebit": 0, "interestExpense": {}, "incomeBeforeTax": 779000, "incomeTaxExpense": 343000, "minorityInterest": {}, "netIncomeFromContinuingOps": 436000, "discontinuedOperations": {}, "extraordinaryItems": {}, "effectOfAccountingCharges": {}, "otherItems": {}, "netIncome": 438000, "netIncomeApplicableToCommonShares": 438000}, {"maxAge": 1, "endDate": "2020-09-30", "totalRevenue": 16933000, "costOfRevenue": 0, "grossProfit": 16933000, "researchDevelopment": {}, "sellingGeneralAdministrative": 4208000, "nonRecurring": {}, "otherOperatingExpenses": 12108000, "totalOperatingExpenses": 18308000, "operatingIncome": -1375000, "totalOtherIncomeExpenseNet": 0, "ebit": 0, "interestExpense": {}, "incomeBeforeTax": -1375000, "incomeTaxExpense": 280000, "minorityInterest": 143000, "netIncomeFromContinuingOps": -1655000, "discontinuedOperations": {}, "extraordinaryItems": {}, "effectOfAccountingCharges": {}, "otherItems": {}, "netIncome": -1651000, "netIncomeApplicableToCommonShares": -1651000}, {"maxAge": 1, "endDate": "2020-06-30", "totalRevenue": 16067000, "costOfRevenue": 0, "grossProfit": 16067000, "researchDevelopment": {}, "sellingGeneralAdministrative": 4728000, "nonRecurring": {}, "otherOperatingExpenses": 10240000, "totalOperatingExpenses": 16962000, "operatingIncome": -895000, "totalOtherIncomeExpenseNet": 0, "ebit": 0, "interestExpense": {}, "incomeBeforeTax": -895000, "incomeTaxExpense": 247000, "minorityInterest": 143000, "netIncomeFromContinuingOps": -1142000, "discontinuedOperations": {}, "extraordinaryItems": {}, "effectOfAccountingCharges": {}, "otherItems": {}, "netIncome": -1142000, "netIncomeApplicableToCommonShares": -1142000}, {"maxAge": 1, "endDate": "2020-03-31", "totalRevenue": 25681000, "costOfRevenue": 223000, "grossProfit": 25458000, "researchDevelopment": {}, "sellingGeneralAdministrative": 6470000, "nonRecurring": {}, "otherOperatingExpenses": -8345000, "totalOperatingExpenses": 22018000, "operatingIncome": 3663000, "totalOtherIncomeExpenseNet": -1496000, "ebit": 0, "interestExpense": {}, "incomeBeforeTax": 2167000, "incomeTaxExpense": -1146000, "minorityInterest": 147000, "netIncomeFromContinuingOps": 3313000, "discontinuedOperations": {}, "extraordinaryItems": {}, "effectOfAccountingCharges": {}, "otherItems": {}, "netIncome": 3315000, "netIncomeApplicableToCommonShares": 3315000}], "maxAge": 86400}, "cashflowStatementHistoryQuarterly": {"cashflowStatements": [{"maxAge": 1, "endDate": "2020-12-31", "netIncome": 438000, "changeToLiabilities": 0}, {"maxAge": 1, "endDate": "2020-09-30", "netIncome": -1651000, "changeToLiabilities": 0}, {"maxAge": 1, "endDate": "2020-06-30", "netIncome": -1142000, "changeToLiabilities": 0}, {"maxAge": 1, "endDate": "2020-03-31", "netIncome": 3315000, "changeToLiabilities": 0}], "maxAge": 86400}, "insiderHolders": {"holders": [{"maxAge": 1, "name": "DGS Agrotech Ltd", "relation": "Promoter", "url": "", "transactionDescription": "Sale", "latestTransDate": "2012-11-08", "positionDirect": 0, "positionDirectDate": "2012-11-08"}, {"maxAge": 1, "name": "Deshpande (Gautam)", "relation": "Promoter", "url": "", "transactionDescription": "Sale", "latestTransDate": "2012-11-07", "positionDirect": 0, "positionDirectDate": "2012-11-07"}, {"maxAge": 1, "name": "Naig (Divya P)", "relation": "Promoter", "url": "", "transactionDescription": "Sale", "latestTransDate": "2012-11-30", "positionDirect": 0, "positionDirectDate": "2012-11-30"}, {"maxAge": 1, "name": "Naig (Radhabai)", "relation": "Promoter", "url": "", "transactionDescription": "Sale", "latestTransDate": "2012-11-08", "positionDirect": 0, "positionDirectDate": "2012-11-08"}, {"maxAge": 1, "name": "Shukla (Anil)", "relation": "UNREPORTED", "url": "", "transactionDescription": "Acquisition", "latestTransDate": "2013-09-16", "positionDirect": 25, "positionDirectDate": "2013-09-16"}, {"maxAge": 1, "name": "Shukla (J P)", "relation": "UNREPORTED", "url": "", "transactionDescription": "Acquisition", "latestTransDate": "2013-09-16", "positionDirect": 25, "positionDirectDate": "2013-09-16"}, {"maxAge": 1, "name": "Shukla (Priya)", "relation": "UNREPORTED", "url": "", "transactionDescription": "Acquisition", "latestTransDate": "2013-09-16", "positionDirect": 25, "positionDirectDate": "2013-09-16"}, {"maxAge": 1, "name": "Shukla (Rakhee)", "relation": "UNREPORTED", "url": "", "transactionDescription": "Acquisition", "latestTransDate": "2013-09-16", "positionDirect": 25, "positionDirectDate": "2013-09-16"}, {"maxAge": 1, "name": "Shukla (Reena)", "relation": "UNREPORTED", "url": "", "transactionDescription": "Acquisition", "latestTransDate": "2013-09-16", "positionDirect": 25, "positionDirectDate": "2013-09-16"}, {"maxAge": 1, "name": "Shukla (Suman)", "relation": "UNREPORTED", "url": "", "transactionDescription": "Acquisition", "latestTransDate": "2013-09-16", "positionDirect": 25, "positionDirectDate": "2013-09-16"}], "maxAge": 1}, "calendarEvents": {"maxAge": 1, "earnings": {"earningsDate": []}}, "upgradeDowngradeHistory": {"history": [], "maxAge": 86400}, "price": {"maxAge": 1, "regularMarketChangePercent": -0.031250045, "regularMarketChange": -0.20000029, "regularMarketTime": "2021-04-30 15:23:02", "priceHint": 2, "regularMarketPrice": 6.2, "regularMarketDayHigh": 6.2, "regularMarketDayLow": 6.1, "regularMarketVolume": 4730, "averageDailyVolume10Day": 3578, "averageDailyVolume3Month": 2345, "regularMarketPreviousClose": 6.4, "regularMarketSource": "FREE_REALTIME", "regularMarketOpen": 6.2, "exchange": "NSI", "exchangeName": "NSE", "exchangeDataDelayedBy": 15, "marketState": "CLOSED", "quoteType": "EQUITY", "symbol": "ONELIFECAP.NS", "underlyingSymbol": null, "shortName": "ONELIFE CAPITAL AD", "longName": "Onelife Capital Advisors Limited", "currency": "INR", "quoteSourceName": "Delayed Quote", "currencySymbol": "\u20b9", "fromCurrency": null, "lastMarket": null, "marketCap": 86197360}, "balanceSheetHistory": {"balanceSheetStatements": [{"maxAge": 1, "endDate": "2020-03-31", "cash": 34727000, "netReceivables": 713432000, "otherCurrentAssets": 32177000, "totalCurrentAssets": 780336000, "longTermInvestments": 4380000, "propertyPlantEquipment": 8137000, "intangibleAssets": 5123000, "otherAssets": 129557000, "deferredLongTermAssetCharges": 733000, "totalAssets": 927533000, "accountsPayable": 30938000, "otherCurrentLiab": 10759000, "otherLiab": 983000, "minorityInterest": 147000, "totalCurrentLiabilities": 76129000, "totalLiab": 78214000, "commonStock": 133600000, "retainedEarnings": -94867000, "treasuryStock": -97367000, "capitalSurplus": 907806000, "otherStockholderEquity": -97367000, "totalStockholderEquity": 849172000, "netTangibleAssets": 844049000}, {"maxAge": 1, "endDate": "2019-03-31", "cash": 23265000, "netReceivables": 743934000, "otherCurrentAssets": 52851000, "totalCurrentAssets": 820050000, "longTermInvestments": 4380000, "propertyPlantEquipment": 16274000, "intangibleAssets": 7510000, "otherAssets": 239851000, "deferredLongTermAssetCharges": 707000, "totalAssets": 1088065000, "accountsPayable": 44334000, "shortLongTermDebt": 1242000, "otherCurrentLiab": 10453000, "longTermDebt": 561000, "otherLiab": 770000, "totalCurrentLiabilities": 163354000, "totalLiab": 164685000, "commonStock": 133600000, "retainedEarnings": -78469000, "treasuryStock": -39557000, "capitalSurplus": 907806000, "otherStockholderEquity": -39557000, "totalStockholderEquity": 923380000, "netTangibleAssets": 915870000}, {"maxAge": 1, "endDate": "2018-03-31", "cash": 38275000, "netReceivables": 485882000, "otherCurrentAssets": 75594000, "totalCurrentAssets": 599751000, "longTermInvestments": 14380000, "propertyPlantEquipment": 27085000, "intangibleAssets": 182000, "otherAssets": 462416000, "deferredLongTermAssetCharges": 429000, "totalAssets": 1103814000, "accountsPayable": 61103000, "shortLongTermDebt": 1108000, "otherCurrentLiab": 15794000, "longTermDebt": 1803000, "otherLiab": 538000, "totalCurrentLiabilities": 176572000, "totalLiab": 178913000, "commonStock": 133600000, "retainedEarnings": -77416000, "treasuryStock": -39089000, "capitalSurplus": 907806000, "otherStockholderEquity": -39089000, "totalStockholderEquity": 924901000, "netTangibleAssets": 924719000}, {"maxAge": 1, "endDate": "2017-03-31", "cash": 23178000, "netReceivables": 755478000, "otherCurrentAssets": 1188000, "totalCurrentAssets": 779844000, "longTermInvestments": 286000, "propertyPlantEquipment": 149710000, "otherAssets": 237294000, "deferredLongTermAssetCharges": 214000, "totalAssets": 1167134000, "accountsPayable": 27466000, "otherCurrentLiab": 1440000, "longTermDebt": 2911000, "otherLiab": 889000, "totalCurrentLiabilities": 167866000, "totalLiab": 171666000, "commonStock": 133600000, "retainedEarnings": -102572000, "treasuryStock": 602001000, "capitalSurplus": 362439000, "otherStockholderEquity": 602001000, "totalStockholderEquity": 995468000, "netTangibleAssets": 995468000}], "maxAge": 86400}, "financialData": {"maxAge": 86400, "currentPrice": 6.2, "recommendationKey": "none", "totalCash": 20351000, "totalCashPerShare": 1.394, "totalDebt": 10000000, "totalRevenue": 73814000, "debtToEquity": 1.181, "revenuePerShare": 5.607, "grossProfits": 92912000, "revenueGrowth": -0.329, "grossMargins": 0.99697995, "ebitdaMargins": 0.0, "operatingMargins": 0.02943, "profitMargins": 0.012999999, "financialCurrency": "INR"}}}