{"ONEPOINT.NS": {"assetProfile": {"address1": "C-42, TTC Industrial Area", "address2": "MIDC, Pawane Village", "city": "Navi Mumbai", "zip": "400705", "country": "India", "phone": "91 22 6165 6363", "website": "http://www.1point1.in", "industry": "Specialty Business Services", "sector": "Industrials", "longBusinessSummary": "One Point One Solutions Limited provides business process management services in India. It offers customer center services, such as customer care, debt management and collections, and sales and leads generation services. The company also provides back office services, including email management, content management and updates, web chats, and social media management services. In addition, it offers business solutions, such as workflow management and capacity modelling, speech analytics, business process automation, and quality monitoring services. Further, the company provides finance and accounting services, including financial reporting, bank reconciliation, and accounts receivables payable management services. It serves banking and financial, telecom, insurance, consumer durables and FMCG, e-commerce, retail, and travel and hospitality industries. The company was incorporated in 2008 and is based in Navi Mumbai, India.", "fullTimeEmployees": 1367, "companyOfficers": [{"maxAge": 1, "name": "Mr. Akshay  Chhabra", "age": 46, "title": "Chairman & MD", "yearBorn": 1974, "fiscalYear": 2020, "totalPay": 6000000, "exercisedValue": 0, "unexercisedValue": 0}, {"maxAge": 1, "name": "Mr. Akashanand Arun Karnik", "age": 43, "title": "Whole Time Director", "yearBorn": 1977, "fiscalYear": 2020, "totalPay": 5009736, "exercisedValue": 0, "unexercisedValue": 0}, {"maxAge": 1, "name": "Mr. Sunil Kumar Jha", "age": 43, "title": "Chief Financial Officer", "yearBorn": 1977, "fiscalYear": 2018, "exercisedValue": 0, "unexercisedValue": 0}, {"maxAge": 1, "name": "Mr. Dyutimoy  Biswas", "title": "Sr. VP of Operations", "exercisedValue": 0, "unexercisedValue": 0}, {"maxAge": 1, "name": "Mr. Samit  Chakravarty", "age": 40, "title": "Chief Information & Technology Officer", "yearBorn": 1980, "exercisedValue": 0, "unexercisedValue": 0}, {"maxAge": 1, "name": "Mr. Pritesh Sanjay Sonawane", "age": 33, "title": "Company Sec. & Compliance Officer", "yearBorn": 1987, "fiscalYear": 2018, "exercisedValue": 0, "unexercisedValue": 0}, {"maxAge": 1, "name": "Mr. K.S.  SriKumar", "title": "Chief Sales & Strategy Officer", "exercisedValue": 0, "unexercisedValue": 0}, {"maxAge": 1, "name": "Ms. Seema  Singh", "title": "Pres of Human Resource", "exercisedValue": 0, "unexercisedValue": 0}, {"maxAge": 1, "name": "Mr. Lav  Kush", "title": "Chief Transformation Officer", "exercisedValue": 0, "unexercisedValue": 0}], "compensationAsOfEpochDate": "2020-12-31 05:30:00", "maxAge": 86400}, "cashflowStatementHistory": {"cashflowStatements": [{"maxAge": 1, "endDate": "2020-03-31", "netIncome": -196476000, "depreciation": 285980000, "changeToNetincome": 122912000, "changeToAccountReceivables": 75517000, "changeToLiabilities": -25770000, "changeToOperatingActivities": -40480000, "totalCashFromOperatingActivities": 221683000, "capitalExpenditures": -978623000, "investments": -2775000, "totalCashflowsFromInvestingActivities": -981398000, "dividendsPaid": -981000, "netBorrowings": 843686000, "otherCashflowsFromFinancingActivities": -69626000, "totalCashFromFinancingActivities": 773079000, "changeInCash": 13364000}, {"maxAge": 1, "endDate": "2019-03-31", "netIncome": 100734000, "depreciation": 160528000, "changeToNetincome": -13019000, "changeToAccountReceivables": -6767000, "changeToLiabilities": 38652000, "changeToOperatingActivities": 43057000, "totalCashFromOperatingActivities": 323185000, "capitalExpenditures": -437174000, "investments": 3997000, "totalCashflowsFromInvestingActivities": -433177000, "dividendsPaid": -3300000, "netBorrowings": 96499000, "otherCashflowsFromFinancingActivities": -4260000, "totalCashFromFinancingActivities": 88939000, "changeInCash": -21053000}, {"maxAge": 1, "endDate": "2018-03-31", "netIncome": 94402343, "depreciation": 83995044, "changeToNetincome": 23575280, "changeToAccountReceivables": -129935050, "changeToLiabilities": 33934741, "changeToOperatingActivities": -27946083, "totalCashFromOperatingActivities": 92914646, "capitalExpenditures": -222732781, "investments": 3997000, "otherCashflowsFromInvestingActivities": 1727244, "totalCashflowsFromInvestingActivities": -221005537, "dividendsPaid": -3300000, "netBorrowings": -229455521, "otherCashflowsFromFinancingActivities": -114765840, "totalCashFromFinancingActivities": 156059106, "changeInCash": 27968215, "issuanceOfStock": 500280467}, {"maxAge": 1, "endDate": "2017-03-31", "netIncome": 65476835, "depreciation": 37379463, "changeToNetincome": 57968942, "changeToAccountReceivables": -34612306, "changeToLiabilities": 14638575, "changeToOperatingActivities": -20073520, "totalCashFromOperatingActivities": 120777989, "capitalExpenditures": -226974696, "investments": -5000000, "otherCashflowsFromInvestingActivities": 1727244, "totalCashflowsFromInvestingActivities": -231974696, "dividendsPaid": -3300000, "netBorrowings": 89652086, "otherCashflowsFromFinancingActivities": -22568973, "totalCashFromFinancingActivities": 117083113, "changeInCash": 5886407, "issuanceOfStock": 50000000}], "maxAge": 86400}, "institutionOwnership": {"ownershipList": [], "maxAge": 1}, "majorHoldersBreakdown": {"maxAge": 1, "insidersPercentHeld": 0.0, "institutionsPercentHeld": 0.0, "institutionsFloatPercentHeld": 0.0, "institutionsCount": 0}, "balanceSheetHistoryQuarterly": {"balanceSheetStatements": [{"maxAge": 1, "endDate": "2020-12-31", "totalStockholderEquity": 473508000, "netTangibleAssets": 373613000}, {"maxAge": 1, "endDate": "2020-09-30", "cash": 16635000, "netReceivables": 252662000, "otherCurrentAssets": 81544000, "totalCurrentAssets": 350841000, "longTermInvestments": 25000, "propertyPlantEquipment": 1106978000, "goodWill": 1433000, "intangibleAssets": 98462000, "otherAssets": 125903000, "deferredLongTermAssetCharges": 81636000, "totalAssets": 1683642000, "accountsPayable": 44645000, "otherCurrentLiab": 156280000, "longTermDebt": 2566000, "otherLiab": 14492000, "totalCurrentLiabilities": 340519000, "totalLiab": 1210134000, "commonStock": 250748000, "treasuryStock": 222760000, "otherStockholderEquity": 222760000, "totalStockholderEquity": 473508000, "netTangibleAssets": 373613000}, {"maxAge": 1, "endDate": "2020-06-30", "totalStockholderEquity": 573714000, "netTangibleAssets": 453642000}, {"maxAge": 1, "endDate": "2020-03-31", "cash": 2841000, "netReceivables": 270995000, "otherCurrentAssets": 102719000, "totalCurrentAssets": 377951000, "propertyPlantEquipment": 1082307000, "goodWill": 1433000, "intangibleAssets": 118639000, "otherAssets": 121360000, "deferredLongTermAssetCharges": 57976000, "totalAssets": 1701690000, "shortLongTermDebt": 1305000, "otherCurrentLiab": 34402000, "longTermDebt": 3149000, "otherLiab": 13681000, "totalCurrentLiabilities": 308774000, "totalLiab": 1127976000, "commonStock": 250748000, "retainedEarnings": 18434000, "capitalSurplus": 304532000, "totalStockholderEquity": 573714000, "netTangibleAssets": 453642000}], "maxAge": 86400}, "indexTrend": {"maxAge": 1, "symbol": "SP5", "peRatio": 19.7411, "pegRatio": 1.34172, "estimates": [{"period": "0q", "growth": 0.549}, {"period": "+1q", "growth": 0.431}, {"period": "0y", "growth": 0.305}, {"period": "+1y", "growth": 0.109}, {"period": "+5y", "growth": 0.120865}, {"period": "-5y"}]}, "defaultKeyStatistics": {"maxAge": 1, "priceHint": 2, "enterpriseValue": 1371714048, "profitMargins": -0.36516, "floatShares": 7019226, "sharesOutstanding": 25074800, "heldPercentInsiders": 0.0, "heldPercentInstitutions": 0.0, "beta": 1.290279, "category": null, "bookValue": 18.901, "priceToBook": 0.8279985, "fundFamily": null, "legalType": null, "lastFiscalYearEnd": "2020-03-31 05:30:00", "nextFiscalYearEnd": "2022-03-31 05:30:00", "mostRecentQuarter": "2020-12-31 05:30:00", "netIncomeToCommon": -344232000, "trailingEps": -14.413, "lastSplitFactor": "3:2", "lastSplitDate": "2019-04-24 05:30:00", "enterpriseToRevenue": 1.455, "enterpriseToEbitda": 9.579}, "summaryProfile": {"address1": "C-42, TTC Industrial Area", "address2": "MIDC, Pawane Village", "city": "Navi Mumbai", "zip": "400705", "country": "India", "phone": "91 22 6165 6363", "website": "http://www.1point1.in", "industry": "Specialty Business Services", "sector": "Industrials", "longBusinessSummary": "One Point One Solutions Limited provides business process management services in India. It offers customer center services, such as customer care, debt management and collections, and sales and leads generation services. The company also provides back office services, including email management, content management and updates, web chats, and social media management services. In addition, it offers business solutions, such as workflow management and capacity modelling, speech analytics, business process automation, and quality monitoring services. Further, the company provides finance and accounting services, including financial reporting, bank reconciliation, and accounts receivables payable management services. It serves banking and financial, telecom, insurance, consumer durables and FMCG, e-commerce, retail, and travel and hospitality industries. The company was incorporated in 2008 and is based in Navi Mumbai, India.", "fullTimeEmployees": 1367, "companyOfficers": [], "maxAge": 86400}, "netSharePurchaseActivity": {"maxAge": 1, "period": "6m", "buyInfoCount": 0, "buyInfoShares": 0, "sellInfoCount": 0, "netInfoCount": 0, "netInfoShares": 0, "totalInsiderShares": 0}, "quoteType": {"exchange": "NSI", "quoteType": "EQUITY", "symbol": "ONEPOINT.NS", "underlyingSymbol": "ONEPOINT.NS", "shortName": "ONE POINT ONE SOLU", "longName": "One Point One Solutions Limited", "firstTradeDateEpochUtc": "2017-12-26 09:15:00", "timeZoneFullName": "Asia/Kolkata", "timeZoneShortName": "IST", "uuid": "b03e0510-9376-3983-a34c-46cec46c2df9", "gmtOffSetMilliseconds": 19800000, "maxAge": 1}, "incomeStatementHistory": {"incomeStatementHistory": [{"maxAge": 1, "endDate": "2020-03-31", "totalRevenue": 1250861000, "costOfRevenue": 817070000, "grossProfit": 433791000, "researchDevelopment": {}, "sellingGeneralAdministrative": 1269000, "nonRecurring": {}, "otherOperatingExpenses": 155817000, "totalOperatingExpenses": 1260136000, "operatingIncome": -9275000, "totalOtherIncomeExpenseNet": -254402000, "ebit": -9275000, "interestExpense": -89395000, "incomeBeforeTax": -263677000, "incomeTaxExpense": -67201000, "minorityInterest": {}, "netIncomeFromContinuingOps": -196476000, "discontinuedOperations": {}, "extraordinaryItems": {}, "effectOfAccountingCharges": {}, "otherItems": {}, "netIncome": -196476000, "netIncomeApplicableToCommonShares": -196476000}, {"maxAge": 1, "endDate": "2019-03-31", "totalRevenue": 1527088000, "costOfRevenue": 944918000, "grossProfit": 582170000, "researchDevelopment": {}, "sellingGeneralAdministrative": 43257000, "nonRecurring": {}, "otherOperatingExpenses": 252674000, "totalOperatingExpenses": 1401377000, "operatingIncome": 125711000, "totalOtherIncomeExpenseNet": -3588000, "ebit": 125711000, "interestExpense": -5413000, "incomeBeforeTax": 122123000, "incomeTaxExpense": 21389000, "minorityInterest": {}, "netIncomeFromContinuingOps": 100734000, "discontinuedOperations": {}, "extraordinaryItems": {}, "effectOfAccountingCharges": {}, "otherItems": {}, "netIncome": 100734000, "netIncomeApplicableToCommonShares": 100734000}, {"maxAge": 1, "endDate": "2018-03-31", "totalRevenue": 1209846990, "costOfRevenue": 677516602, "grossProfit": 532330388, "researchDevelopment": {}, "sellingGeneralAdministrative": 54523278, "nonRecurring": {}, "otherOperatingExpenses": 236503695, "totalOperatingExpenses": 1067426990, "operatingIncome": 142420000, "totalOtherIncomeExpenseNet": -25417022, "ebit": 142420000, "interestExpense": -24047685, "incomeBeforeTax": 117002978, "incomeTaxExpense": 22600635, "minorityInterest": {}, "netIncomeFromContinuingOps": 94402343, "discontinuedOperations": {}, "extraordinaryItems": {}, "effectOfAccountingCharges": {}, "otherItems": {}, "netIncome": 94402343, "netIncomeApplicableToCommonShares": 94402343}, {"maxAge": 1, "endDate": "2017-03-31", "totalRevenue": 958286866, "costOfRevenue": 596287708, "grossProfit": 361999158, "researchDevelopment": {}, "sellingGeneralAdministrative": 43326242, "nonRecurring": {}, "otherOperatingExpenses": 157177859, "totalOperatingExpenses": 834171272, "operatingIncome": 124115594, "totalOtherIncomeExpenseNet": -23233345, "ebit": 124115594, "interestExpense": -22568973, "incomeBeforeTax": 100882249, "incomeTaxExpense": 35405414, "minorityInterest": {}, "netIncomeFromContinuingOps": 65476835, "discontinuedOperations": {}, "extraordinaryItems": {}, "effectOfAccountingCharges": {}, "otherItems": {}, "netIncome": 65476835, "netIncomeApplicableToCommonShares": 65476835}], "maxAge": 86400}, "fundOwnership": {"ownershipList": [], "maxAge": 1}, "summaryDetail": {"maxAge": 1, "priceHint": 2, "previousClose": 16.05, "open": 15.9, "dayLow": 15.25, "dayHigh": 16.35, "regularMarketPreviousClose": 16.05, "regularMarketOpen": 15.9, "regularMarketDayLow": 15.25, "regularMarketDayHigh": 16.35, "exDividendDate": "2019-09-12 05:30:00", "payoutRatio": 0.0, "beta": 1.290279, "volume": 24630, "regularMarketVolume": 24630, "averageVolume": 63670, "averageVolume10days": 28854, "averageDailyVolume10Day": 28854, "bid": 0.0, "ask": 0.0, "marketCap": 392420608, "fiftyTwoWeekLow": 9.3, "fiftyTwoWeekHigh": 21.95, "priceToSalesTrailing12Months": 0.41627482, "fiftyDayAverage": 12.995455, "twoHundredDayAverage": 14.36, "trailingAnnualDividendRate": 0.333, "trailingAnnualDividendYield": 0.020747665, "currency": "INR", "fromCurrency": null, "lastMarket": null, "algorithm": null, "tradeable": false}, "incomeStatementHistoryQuarterly": {"incomeStatementHistory": [{"maxAge": 1, "endDate": "2020-12-31", "totalRevenue": 304913000, "costOfRevenue": 196102000, "grossProfit": 108811000, "researchDevelopment": {}, "sellingGeneralAdministrative": {}, "nonRecurring": {}, "otherOperatingExpenses": 56494000, "totalOperatingExpenses": 323360000, "operatingIncome": -18447000, "totalOtherIncomeExpenseNet": -19394000, "ebit": -18447000, "interestExpense": -25381000, "incomeBeforeTax": -37841000, "incomeTaxExpense": -3634000, "minorityInterest": {}, "netIncomeFromContinuingOps": -34207000, "discontinuedOperations": {}, "extraordinaryItems": {}, "effectOfAccountingCharges": {}, "otherItems": {}, "netIncome": -34207000, "netIncomeApplicableToCommonShares": -34207000}, {"maxAge": 1, "endDate": "2020-09-30", "totalRevenue": 240595000, "costOfRevenue": 172697000, "grossProfit": 67898000, "researchDevelopment": {}, "sellingGeneralAdministrative": {}, "nonRecurring": {}, "otherOperatingExpenses": 55410000, "totalOperatingExpenses": 295255000, "operatingIncome": -54660000, "totalOtherIncomeExpenseNet": -3929000, "ebit": -54660000, "interestExpense": -25215000, "incomeBeforeTax": -58589000, "incomeTaxExpense": -20746000, "minorityInterest": {}, "netIncomeFromContinuingOps": -37843000, "discontinuedOperations": {}, "extraordinaryItems": {}, "effectOfAccountingCharges": {}, "otherItems": {}, "netIncome": -37843000, "netIncomeApplicableToCommonShares": -37843000}, {"maxAge": 1, "endDate": "2020-06-30", "totalRevenue": 151470000, "costOfRevenue": 128450000, "grossProfit": 23020000, "researchDevelopment": {}, "sellingGeneralAdministrative": {}, "nonRecurring": {}, "otherOperatingExpenses": 31304000, "totalOperatingExpenses": 223870000, "operatingIncome": -72400000, "totalOtherIncomeExpenseNet": 7375000, "ebit": -72400000, "interestExpense": -23605000, "incomeBeforeTax": -65025000, "incomeTaxExpense": -2914000, "minorityInterest": {}, "netIncomeFromContinuingOps": -62111000, "discontinuedOperations": {}, "extraordinaryItems": {}, "effectOfAccountingCharges": {}, "otherItems": {}, "netIncome": -62111000, "netIncomeApplicableToCommonShares": -62111000}, {"maxAge": 1, "endDate": "2020-03-31", "totalRevenue": 245718000, "costOfRevenue": 257651000, "grossProfit": -11933000, "researchDevelopment": {}, "sellingGeneralAdministrative": 1269000, "nonRecurring": {}, "otherOperatingExpenses": -3380000, "totalOperatingExpenses": 337078000, "operatingIncome": -91360000, "totalOtherIncomeExpenseNet": -190537000, "ebit": -91360000, "interestExpense": -22860000, "incomeBeforeTax": -281897000, "incomeTaxExpense": -71827000, "minorityInterest": {}, "netIncomeFromContinuingOps": -210070000, "discontinuedOperations": {}, "extraordinaryItems": {}, "effectOfAccountingCharges": {}, "otherItems": {}, "netIncome": -210070000, "netIncomeApplicableToCommonShares": -210070000}], "maxAge": 86400}, "cashflowStatementHistoryQuarterly": {"cashflowStatements": [{"maxAge": 1, "endDate": "2020-12-31", "netIncome": -34207000, "changeToLiabilities": 0}, {"maxAge": 1, "endDate": "2020-09-30", "netIncome": -37843000, "changeToLiabilities": 0}, {"maxAge": 1, "endDate": "2020-06-30", "netIncome": -62111000, "changeToLiabilities": 0}, {"maxAge": 1, "endDate": "2020-03-31", "netIncome": -210070000, "changeToLiabilities": 0}], "maxAge": 86400}, "insiderHolders": {"holders": [], "maxAge": 1}, "calendarEvents": {"maxAge": 1, "earnings": {"earningsDate": []}, "exDividendDate": "2019-09-12 05:30:00"}, "upgradeDowngradeHistory": {"history": [], "maxAge": 86400}, "price": {"maxAge": 1, "regularMarketChangePercent": -0.024922095, "regularMarketChange": -0.39999962, "regularMarketTime": "2021-04-30 15:27:48", "priceHint": 2, "regularMarketPrice": 15.65, "regularMarketDayHigh": 16.35, "regularMarketDayLow": 15.25, "regularMarketVolume": 24630, "averageDailyVolume10Day": 28854, "averageDailyVolume3Month": 63670, "regularMarketPreviousClose": 16.05, "regularMarketSource": "FREE_REALTIME", "regularMarketOpen": 15.9, "exchange": "NSI", "exchangeName": "NSE", "exchangeDataDelayedBy": 15, "marketState": "CLOSED", "quoteType": "EQUITY", "symbol": "ONEPOINT.NS", "underlyingSymbol": null, "shortName": "ONE POINT ONE SOLU", "longName": "One Point One Solutions Limited", "currency": "INR", "quoteSourceName": "Delayed Quote", "currencySymbol": "\u20b9", "fromCurrency": null, "lastMarket": null, "marketCap": 392420608}, "balanceSheetHistory": {"balanceSheetStatements": [{"maxAge": 1, "endDate": "2020-03-31", "cash": 2841000, "netReceivables": 270995000, "otherCurrentAssets": 102719000, "totalCurrentAssets": 377951000, "propertyPlantEquipment": 1082307000, "goodWill": 1433000, "intangibleAssets": 118639000, "otherAssets": 121360000, "deferredLongTermAssetCharges": 57976000, "totalAssets": 1701690000, "shortLongTermDebt": 1305000, "otherCurrentLiab": 34402000, "longTermDebt": 3149000, "otherLiab": 13681000, "totalCurrentLiabilities": 308774000, "totalLiab": 1127976000, "commonStock": 250748000, "retainedEarnings": 18434000, "capitalSurplus": 304532000, "totalStockholderEquity": 573714000, "netTangibleAssets": 453642000}, {"maxAge": 1, "endDate": "2019-03-31", "cash": 19477000, "netReceivables": 345634000, "otherCurrentAssets": 27275000, "totalCurrentAssets": 392386000, "propertyPlantEquipment": 615872000, "goodWill": 1433000, "intangibleAssets": 79329000, "otherAssets": 58687000, "totalAssets": 1147707000, "shortLongTermDebt": 1196000, "otherCurrentLiab": 88943000, "longTermDebt": 5308000, "otherLiab": 13228000, "totalCurrentLiabilities": 355939000, "totalLiab": 374475000, "commonStock": 167165000, "retainedEarnings": 217952000, "capitalSurplus": 388115000, "totalStockholderEquity": 773232000, "netTangibleAssets": 692470000}, {"maxAge": 1, "endDate": "2018-03-31", "cash": 40529786, "netReceivables": 337648494, "otherCurrentAssets": 12993915, "totalCurrentAssets": 392633680, "propertyPlantEquipment": 330866509, "goodWill": 1432990, "intangibleAssets": 90716330, "otherAssets": 60291434, "totalAssets": 875940943, "shortLongTermDebt": 3391582, "otherCurrentLiab": 24638178, "longTermDebt": 718040, "otherLiab": 27153186, "totalCurrentLiabilities": 169222283, "totalLiab": 197093509, "commonStock": 167165000, "retainedEarnings": 122822410, "treasuryStock": 744557, "capitalSurplus": 388115467, "otherStockholderEquity": 744557, "totalStockholderEquity": 678847434, "netTangibleAssets": 586698114}, {"maxAge": 1, "endDate": "2017-03-31", "cash": 12561572, "netReceivables": 207713444, "otherCurrentAssets": 864426, "totalCurrentAssets": 222910394, "propertyPlantEquipment": 240900833, "goodWill": 1432990, "intangibleAssets": 56832568, "otherAssets": 62345400, "totalAssets": 584422185, "otherCurrentLiab": 4648625, "longTermDebt": 230173561, "otherLiab": 36597763, "totalCurrentLiabilities": 144235947, "totalLiab": 411007271, "commonStock": 10000000, "retainedEarnings": 118414914, "capitalSurplus": 45000000, "totalStockholderEquity": 173414914, "netTangibleAssets": 115149356}], "maxAge": 86400}, "financialData": {"maxAge": 86400, "currentPrice": 15.65, "recommendationKey": "none", "totalCash": 16635000, "totalCashPerShare": 0.661, "ebitda": 143200992, "totalDebt": 994716992, "totalRevenue": 942696000, "debtToEquity": 210.074, "revenuePerShare": 39.457, "grossProfits": 433791000, "revenueGrowth": -0.155, "grossMargins": 0.19920999, "ebitdaMargins": 0.15191, "operatingMargins": -0.25127, "profitMargins": -0.36516, "financialCurrency": "INR"}}}