{"ONGC.NS": {"assetProfile": {"address1": "Deendayal Urja Bhawan", "address2": "Plot No. 5A- 5B, Nelson Mandela Road Vasant Kunj", "city": "New Delhi", "zip": "110070", "country": "India", "phone": "91 11 2675 4073", "fax": "91 11 2612 9081", "website": "http://www.ongcindia.com", "industry": "Oil & Gas Integrated", "sector": "Energy", "longBusinessSummary": "Oil and Natural Gas Corporation Limited explores for, develops, and produces crude oil and natural gas in India and internationally. It operates through Exploration and Production, and Refining & Marketing segments. The company also engages in the refining and marketing of petroleum products; transportation of oil and natural gas; and production of liquefied petroleum gas, ethane/propane, naphtha, superior kerosene oil, low sulphur high stock, aviation turbine fuel, and high speed diesel. In addition, it generates electric power through 726 megawatts (MW) gas based power project in Tripura; 51 MW wind power project in Surajbari, Gujarat; and 102 MW wind power project in Rajasthan, as well as generates solar power through a total installed capacity of 23 MW. The company was incorporated in 1993 and is based in New Delhi, India.", "fullTimeEmployees": 30105, "companyOfficers": [{"maxAge": 1, "name": "Mr. Subhash  Kumar", "age": 58, "title": "CEO, MD & Chairman", "yearBorn": 1962, "fiscalYear": 2020, "totalPay": 6230000, "exercisedValue": 0, "unexercisedValue": 0}, {"maxAge": 1, "name": "Dr. Alka  Mittal", "age": 58, "title": "Director of HR & Director", "yearBorn": 1962, "fiscalYear": 2020, "totalPay": 7600000, "exercisedValue": 0, "unexercisedValue": 0}, {"maxAge": 1, "name": "Mr. Rajesh Shyamsunder Kakkar", "age": 59, "title": "Director of Offshore & Director", "yearBorn": 1961, "fiscalYear": 2020, "totalPay": 8010000, "exercisedValue": 0, "unexercisedValue": 0}, {"maxAge": 1, "name": "Mr. Rajesh Kumar Srivastava", "title": "Director of Exploration & Director", "fiscalYear": 2020, "totalPay": 5490000, "exercisedValue": 0, "unexercisedValue": 0}, {"maxAge": 1, "name": "Mr. Vivek Chandrakant Tongaonkar", "title": "Chief Financial Officer", "exercisedValue": 0, "unexercisedValue": 0}, {"maxAge": 1, "name": "Mr. S.  Dhandapani", "title": "Chief of Corp. Fin. and Group Gen. Mang.", "exercisedValue": 0, "unexercisedValue": 0}, {"maxAge": 1, "name": "Mr. Om Prakash Singh", "age": 56, "title": "Director of Technical & Field Services and Whole Time Director", "yearBorn": 1964, "exercisedValue": 0, "unexercisedValue": 0}, {"maxAge": 1, "name": "Mr. M. E. V. Selvamm", "title": "Company Sec., Compliance Officer & Exec. Director", "fiscalYear": 2019, "exercisedValue": 0, "unexercisedValue": 0}, {"maxAge": 1, "name": "Lakhi Chand Sah", "age": 67, "title": "Chief Engineer of Production", "yearBorn": 1953, "exercisedValue": 0, "unexercisedValue": 0}, {"maxAge": 1, "name": "Mr. Kamal Kumar Sharma", "age": 58, "title": "Chief Mang. of MM", "yearBorn": 1962, "exercisedValue": 0, "unexercisedValue": 0}], "auditRisk": 8, "boardRisk": 8, "compensationRisk": 1, "shareHolderRightsRisk": 4, "overallRisk": 3, "governanceEpochDate": "2021-04-01 05:30:00", "compensationAsOfEpochDate": "2020-12-31 05:30:00", "maxAge": 86400}, "recommendationTrend": {"trend": [{"period": "0m", "strongBuy": 0, "buy": 0, "hold": 0, "sell": 0, "strongSell": 0}, {"period": "-1m", "strongBuy": 12, "buy": 10, "hold": 10, "sell": 0, "strongSell": 0}, {"period": "-2m", "strongBuy": 11, "buy": 11, "hold": 10, "sell": 0, "strongSell": 0}, {"period": "-3m", "strongBuy": 11, "buy": 11, "hold": 11, "sell": 0, "strongSell": 0}], "maxAge": 86400}, "cashflowStatementHistory": {"cashflowStatements": [{"maxAge": 1, "endDate": "2020-03-31", "netIncome": 109071480000, "depreciation": 332334870000, "changeToNetincome": 140294700000, "changeToAccountReceivables": 61446520000, "changeToLiabilities": 70161510000, "changeToInventory": 9569060000, "changeToOperatingActivities": -7502600000, "totalCashFromOperatingActivities": 716343780000, "capitalExpenditures": -549849260000, "investments": -17619040000, "otherCashflowsFromInvestingActivities": 28475900000, "totalCashflowsFromInvestingActivities": -534983140000, "dividendsPaid": -82972420000, "netBorrowings": -34207590000, "otherCashflowsFromFinancingActivities": -60335620000, "totalCashFromFinancingActivities": -177677640000, "effectOfExchangeRate": 3392670000, "changeInCash": 7075670000, "repurchaseOfStock": -162010000}, {"maxAge": 1, "endDate": "2019-03-31", "netIncome": 305460400000, "depreciation": 299988930000, "changeToNetincome": 106315620000, "changeToAccountReceivables": -22516440000, "changeToLiabilities": 94410710000, "changeToInventory": -46817850000, "changeToOperatingActivities": -123243320000, "totalCashFromOperatingActivities": 614575990000, "capitalExpenditures": -427922230000, "investments": -8804460000, "otherCashflowsFromInvestingActivities": 61381290000, "totalCashflowsFromInvestingActivities": -373317220000, "dividendsPaid": -100860230000, "netBorrowings": -31322050000, "otherCashflowsFromFinancingActivities": -60708630000, "totalCashFromFinancingActivities": -233244970000, "effectOfExchangeRate": 2000920000, "changeInCash": 10014720000, "repurchaseOfStock": -40354060000}, {"maxAge": 1, "endDate": "2018-03-31", "netIncome": 221059280000, "depreciation": 293790070000, "changeToNetincome": 50507710000, "changeToAccountReceivables": -17436970000, "changeToLiabilities": 58752350000, "changeToInventory": -7510350000, "changeToOperatingActivities": -31262480000, "totalCashFromOperatingActivities": 567920950000, "capitalExpenditures": -449426650000, "investments": 87434000000, "otherCashflowsFromInvestingActivities": 59199620000, "totalCashflowsFromInvestingActivities": -671112180000, "dividendsPaid": -94958850000, "netBorrowings": 239709530000, "otherCashflowsFromFinancingActivities": -45657070000, "totalCashFromFinancingActivities": 99093610000, "effectOfExchangeRate": 3130770000, "changeInCash": -966850000, "repurchaseOfStock": -40354060000}, {"maxAge": 1, "endDate": "2017-03-31", "netIncome": 244192500000, "depreciation": 248626300000, "changeToNetincome": -8309550000, "changeToAccountReceivables": -21284030000, "changeToLiabilities": -62141480000, "changeToInventory": -65937850000, "changeToOperatingActivities": 122634040000, "totalCashFromOperatingActivities": 457804760000, "capitalExpenditures": -363288210000, "investments": -125316620000, "otherCashflowsFromInvestingActivities": 36158320000, "totalCashflowsFromInvestingActivities": -450560450000, "dividendsPaid": -153501280000, "netBorrowings": 150445930000, "otherCashflowsFromFinancingActivities": -40596300000, "totalCashFromFinancingActivities": -18670490000, "effectOfExchangeRate": 12414910000, "changeInCash": 988720000, "repurchaseOfStock": -40354060000, "issuanceOfStock": 24981160000}], "maxAge": 86400}, "indexTrend": {"maxAge": 1, "symbol": "SP5", "peRatio": 19.7411, "pegRatio": 1.34172, "estimates": [{"period": "0q", "growth": 0.549}, {"period": "+1q", "growth": 0.431}, {"period": "0y", "growth": 0.305}, {"period": "+1y", "growth": 0.109}, {"period": "+5y", "growth": 0.120865}, {"period": "-5y"}]}, "defaultKeyStatistics": {"maxAge": 1, "priceHint": 2, "enterpriseValue": 2296730091520, "profitMargins": 0.00281, "floatShares": 3687222150, "sharesOutstanding": 12580299776, "heldPercentInsiders": 0.70713997, "heldPercentInstitutions": 0.21621001, "beta": 1.084513, "category": null, "bookValue": 167.112, "priceToBook": 0.6471708, "fundFamily": null, "legalType": null, "lastFiscalYearEnd": "2020-03-31 05:30:00", "nextFiscalYearEnd": "2022-03-31 05:30:00", "mostRecentQuarter": "2020-12-31 05:30:00", "earningsQuarterlyGrowth": -0.461, "netIncomeToCommon": 9060679680, "trailingEps": 0.72, "forwardEps": 26.66, "lastSplitFactor": "3:2", "lastSplitDate": "2016-12-15 05:30:00", "enterpriseToRevenue": 0.712, "enterpriseToEbitda": 5.716}, "industryTrend": {"maxAge": 1, "symbol": null, "estimates": []}, "quoteType": {"exchange": "NSI", "quoteType": "EQUITY", "symbol": "ONGC.NS", "underlyingSymbol": "ONGC.NS", "shortName": "OIL & NATURAL GAS", "longName": "Oil and Natural Gas Corporation Limited", "firstTradeDateEpochUtc": "1996-01-01 09:15:00", "timeZoneFullName": "Asia/Kolkata", "timeZoneShortName": "IST", "uuid": "4bbe7a6f-a7cd-39fe-bc9a-e211fb881c45", "gmtOffSetMilliseconds": 19800000, "maxAge": 1}, "incomeStatementHistory": {"incomeStatementHistory": [{"maxAge": 1, "endDate": "2020-03-31", "totalRevenue": 3968029110000, "costOfRevenue": 3221619590000, "grossProfit": 746409520000, "researchDevelopment": {}, "sellingGeneralAdministrative": {}, "nonRecurring": {}, "otherOperatingExpenses": 129590060000, "totalOperatingExpenses": 3705474380000, "operatingIncome": 262554730000, "totalOtherIncomeExpenseNet": -71873230000, "ebit": 262554730000, "interestExpense": -27623750000, "incomeBeforeTax": 190681500000, "incomeTaxExpense": 75080020000, "minorityInterest": 178128120000, "netIncomeFromContinuingOps": 115601480000, "discontinuedOperations": {}, "extraordinaryItems": {}, "effectOfAccountingCharges": {}, "otherItems": {}, "netIncome": 109071480000, "netIncomeApplicableToCommonShares": 109071480000}, {"maxAge": 1, "endDate": "2019-03-31", "totalRevenue": 4216258540000, "costOfRevenue": 3231141300000, "grossProfit": 985117240000, "researchDevelopment": {}, "sellingGeneralAdministrative": {}, "nonRecurring": {}, "otherOperatingExpenses": 145235490000, "totalOperatingExpenses": 3703478630000, "operatingIncome": 512779910000, "totalOtherIncomeExpenseNet": 35676640000, "ebit": 512779910000, "interestExpense": -29947350000, "incomeBeforeTax": 548456550000, "incomeTaxExpense": 209076470000, "minorityInterest": 181062100000, "netIncomeFromContinuingOps": 339380080000, "discontinuedOperations": {}, "extraordinaryItems": {}, "effectOfAccountingCharges": {}, "otherItems": {}, "netIncome": 305460400000, "netIncomeApplicableToCommonShares": 305460400000}, {"maxAge": 1, "endDate": "2018-03-31", "totalRevenue": 3227057660000, "costOfRevenue": 2459111400000, "grossProfit": 767946260000, "researchDevelopment": {}, "sellingGeneralAdministrative": 8347530000, "nonRecurring": {}, "otherOperatingExpenses": 114781380000, "totalOperatingExpenses": 2899718780000, "operatingIncome": 327338880000, "totalOtherIncomeExpenseNet": 64736140000, "ebit": 327338880000, "interestExpense": -28933520000, "incomeBeforeTax": 392075020000, "incomeTaxExpense": 131395160000, "minorityInterest": 156059970000, "netIncomeFromContinuingOps": 260679860000, "discontinuedOperations": {}, "extraordinaryItems": {}, "effectOfAccountingCharges": {}, "otherItems": {}, "netIncome": 221059280000, "netIncomeApplicableToCommonShares": 221059280000}, {"maxAge": 1, "endDate": "2017-03-31", "totalRevenue": 2825061150000, "costOfRevenue": 2143669070000, "grossProfit": 681392080000, "researchDevelopment": {}, "sellingGeneralAdministrative": 8084690000, "nonRecurring": {}, "otherOperatingExpenses": 104392270000, "totalOperatingExpenses": 2525315250000, "operatingIncome": 299745900000, "totalOtherIncomeExpenseNet": 117429510000, "ebit": 299745900000, "interestExpense": -25684560000, "incomeBeforeTax": 417175410000, "incomeTaxExpense": 125484220000, "minorityInterest": 132919640000, "netIncomeFromContinuingOps": 291691190000, "discontinuedOperations": {}, "extraordinaryItems": {}, "effectOfAccountingCharges": {}, "otherItems": {}, "netIncome": 244192500000, "netIncomeApplicableToCommonShares": 244192500000}], "maxAge": 86400}, "fundOwnership": {"ownershipList": [{"maxAge": 1, "reportDate": "2021-01-31", "organization": "Fidelity Series Intrinsic Opportunities Fund", "pctHeld": 0.006, "position": 75000616, "value": 6622554392}, {"maxAge": 1, "reportDate": "2021-01-31", "organization": "Vanguard International Stock Index-Total Intl Stock Indx", "pctHeld": 0.0033000002, "position": 41908734, "value": 3700541212}, {"maxAge": 1, "reportDate": "2021-01-31", "organization": "Vanguard International Stock Index-Emerging Markets Stk", "pctHeld": 0.0033000002, "position": 41809543, "value": 3691782646}, {"maxAge": 1, "reportDate": "2021-01-31", "organization": "Fidelity Low-Priced Stock Fund", "pctHeld": 0.0031, "position": 39210893, "value": 3462321851}, {"maxAge": 1, "reportDate": "2020-12-31", "organization": "Lazard Emerging Markets Equity Portfolio", "pctHeld": 0.0023999999, "position": 30019654, "value": 2793328804}, {"maxAge": 1, "reportDate": "2021-03-31", "organization": "iShares Core MSCI Emerging Markets ETF", "pctHeld": 0.0018000001, "position": 22347714, "value": 2282818985}, {"maxAge": 1, "reportDate": "2021-03-31", "organization": "iShares MSCI India ETF", "pctHeld": 0.0014, "position": 17623259, "value": 1800215906}, {"maxAge": 1, "reportDate": "2021-02-28", "organization": "Fidelity Strategic Advisers Fidelity U.S. Total Stock Fund", "pctHeld": 0.0011, "position": 14000000, "value": 1554000000}, {"maxAge": 1, "reportDate": "2021-02-28", "organization": "Schwab Strategic Tr-Schwab Fundamental Emg Mkts Large Co Index ETF", "pctHeld": 0.0011, "position": 13461687, "value": 1494247257}, {"maxAge": 1, "reportDate": "2020-12-31", "organization": "PIMCO Equity Series-PIMCO RAE Emerging Markets Fd", "pctHeld": 0.0008, "position": 9869945, "value": 918398382}], "maxAge": 1}, "summaryDetail": {"maxAge": 1, "priceHint": 2, "previousClose": 104.05, "open": 104.15, "dayLow": 103.3, "dayHigh": 112.7, "regularMarketPreviousClose": 104.05, "regularMarketOpen": 104.15, "regularMarketDayLow": 103.3, "regularMarketDayHigh": 112.7, "dividendRate": 6.75, "dividendYield": 0.064899996, "exDividendDate": "2021-02-17 05:30:00", "payoutRatio": 6.9444, "fiveYearAvgDividendYield": 3.99, "beta": 1.084513, "trailingPE": 150.20833, "forwardPE": 4.056639, "volume": 81347246, "regularMarketVolume": 81347246, "averageVolume": 34388989, "averageVolume10days": 24576782, "averageDailyVolume10Day": 24576782, "bid": 0.0, "ask": 0.0, "bidSize": 0, "askSize": 0, "marketCap": 1360559472640, "fiftyTwoWeekLow": 60.8, "fiftyTwoWeekHigh": 122.35, "priceToSalesTrailing12Months": 0.42172235, "fiftyDayAverage": 109.74412, "twoHundredDayAverage": 89.30709, "trailingAnnualDividendRate": 1.75, "trailingAnnualDividendYield": 0.016818836, "currency": "INR", "fromCurrency": null, "lastMarket": null, "algorithm": null, "tradeable": false}, "insiderHolders": {"holders": [{"maxAge": 1, "name": "Government of India", "relation": "Promoter", "url": "", "transactionDescription": "Sale", "latestTransDate": "2014-03-27", "positionDirect": 5897760333, "positionDirectDate": "2014-03-27"}, {"maxAge": 1, "name": "Life Insurance Corporation of India", "relation": "Institution- Corporation", "url": "", "transactionDescription": "Acquisition", "latestTransDate": "2012-03-03", "positionDirect": 810617088, "positionDirectDate": "2012-03-03"}, {"maxAge": 1, "name": "President of India", "relation": "Promoter", "url": "", "transactionDescription": "Sale", "latestTransDate": "2017-11-24", "positionDirect": 8690032256, "positionDirectDate": "2017-11-24"}], "maxAge": 1}, "calendarEvents": {"maxAge": 1, "earnings": {"earningsDate": ["2021-05-29 05:30:S"], "revenueAverage": 293352000000, "revenueLow": 293352000000, "revenueHigh": 293352000000}, "exDividendDate": "2021-02-17 05:30:00"}, "upgradeDowngradeHistory": {"history": [], "maxAge": 86400}, "price": {"maxAge": 1, "regularMarketChangePercent": 0.039404117, "regularMarketChange": 4.0999985, "regularMarketTime": "2021-04-30 15:30:00", "priceHint": 2, "regularMarketPrice": 108.15, "regularMarketDayHigh": 112.7, "regularMarketDayLow": 103.3, "regularMarketVolume": 81347246, "averageDailyVolume10Day": 24576782, "averageDailyVolume3Month": 34388989, "regularMarketPreviousClose": 104.05, "regularMarketSource": "FREE_REALTIME", "regularMarketOpen": 104.15, "exchange": "NSI", "exchangeName": "NSE", "exchangeDataDelayedBy": 15, "marketState": "CLOSED", "quoteType": "EQUITY", "symbol": "ONGC.NS", "underlyingSymbol": null, "shortName": "OIL & NATURAL GAS", "longName": "Oil and Natural Gas Corporation Limited", "currency": "INR", "quoteSourceName": "Delayed Quote", "currencySymbol": "\u20b9", "fromCurrency": null, "lastMarket": null, "marketCap": 1360559472640}, "balanceSheetHistory": {"balanceSheetStatements": [{"maxAge": 1, "endDate": "2020-03-31", "cash": 47805620000, "shortTermInvestments": 60358960000, "netReceivables": 175948010000, "inventory": 330512030000, "otherCurrentAssets": 135184290000, "totalCurrentAssets": 807220990000, "longTermInvestments": 484126830000, "propertyPlantEquipment": 2748156820000, "goodWill": 142366500000, "intangibleAssets": 386641540000, "otherAssets": 470468020000, "deferredLongTermAssetCharges": 26656790000, "totalAssets": 5038980700000, "accountsPayable": 229678510000, "shortLongTermDebt": 118652220000, "otherCurrentLiab": 363795970000, "longTermDebt": 720833990000, "otherLiab": 813584960000, "minorityInterest": 178128120000, "totalCurrentLiabilities": 1176608020000, "totalLiab": 2791175620000, "commonStock": 62901390000, "retainedEarnings": 2062136930000, "treasuryStock": -55361360000, "otherStockholderEquity": -55361360000, "totalStockholderEquity": 2069676960000, "netTangibleAssets": 1540668920000}, {"maxAge": 1, "endDate": "2019-03-31", "cash": 38221120000, "shortTermInvestments": 34820280000, "netReceivables": 266908930000, "inventory": 351340660000, "otherCurrentAssets": 124268430000, "totalCurrentAssets": 871957080000, "longTermInvestments": 646829650000, "propertyPlantEquipment": 2455137240000, "goodWill": 140883530000, "intangibleAssets": 398371840000, "otherAssets": 419410760000, "deferredLongTermAssetCharges": 17310580000, "totalAssets": 4932590100000, "accountsPayable": 305574720000, "shortLongTermDebt": 55343830000, "otherCurrentLiab": 328071360000, "longTermDebt": 521679620000, "otherLiab": 759551840000, "minorityInterest": 181062100000, "totalCurrentLiabilities": 1294896900000, "totalLiab": 2582181460000, "commonStock": 62901390000, "retainedEarnings": 2049056900000, "treasuryStock": 57388250000, "otherStockholderEquity": 57388250000, "totalStockholderEquity": 2169346540000, "netTangibleAssets": 1630091170000}, {"maxAge": 1, "endDate": "2018-03-31", "cash": 25120880000, "shortTermInvestments": 75993560000, "netReceivables": 192655920000, "inventory": 305571210000, "otherCurrentAssets": 72373800000, "totalCurrentAssets": 724289680000, "longTermInvestments": 623352270000, "propertyPlantEquipment": 2326031680000, "goodWill": 142025460000, "intangibleAssets": 407559640000, "otherAssets": 379090620000, "deferredLongTermAssetCharges": 16989890000, "totalAssets": 4602349350000, "accountsPayable": 264847350000, "shortLongTermDebt": 49116420000, "otherCurrentLiab": 286345990000, "longTermDebt": 531090850000, "otherLiab": 686193950000, "minorityInterest": 156059970000, "totalCurrentLiabilities": 1169657090000, "totalLiab": 2406100020000, "commonStock": 64166170000, "retainedEarnings": 1899969690000, "treasuryStock": 76053500000, "otherStockholderEquity": 76053500000, "totalStockholderEquity": 2040189360000, "netTangibleAssets": 1490604260000}, {"maxAge": 1, "endDate": "2017-03-31", "cash": 18150170000, "shortTermInvestments": 145707660000, "netReceivables": 143657360000, "inventory": 298817310000, "otherCurrentAssets": 95485740000, "totalCurrentAssets": 792224300000, "longTermInvestments": 620026010000, "propertyPlantEquipment": 2177333570000, "goodWill": 141903660000, "intangibleAssets": 382441040000, "otherAssets": 340046200000, "deferredLongTermAssetCharges": 15458120000, "totalAssets": 4453974780000, "accountsPayable": 240137870000, "shortLongTermDebt": 56294830000, "otherCurrentLiab": 617676240000, "longTermDebt": 505040000000, "otherLiab": 609186540000, "minorityInterest": 132919640000, "totalCurrentLiabilities": 1240292910000, "totalLiab": 2377202900000, "commonStock": 64166170000, "retainedEarnings": 1774475520000, "treasuryStock": 102775070000, "capitalSurplus": 2435480000, "otherStockholderEquity": 102775070000, "totalStockholderEquity": 1943852240000, "netTangibleAssets": 1419507540000}], "maxAge": 86400}, "earningsTrend": {"trend": [{"maxAge": 1, "period": "0q", "endDate": "2018-12-31", "growth": {}, "earningsEstimate": {"avg": 0.0, "low": 0.0, "high": 0.0, "yearAgoEps": 3.91, "numberOfAnalysts": 0, "growth": {}}, "revenueEstimate": {"avg": 293352000000, "low": 293352000000, "high": 293352000000, "numberOfAnalysts": 1, "yearAgoRevenue": 229959000000, "growth": 0.276}, "epsTrend": {"current": 0.0, "7daysAgo": 5.67, "30daysAgo": 5.67, "60daysAgo": 5.67, "90daysAgo": 5.67}, "epsRevisions": {"upLast7days": 0, "upLast30days": 0, "downLast30days": 0, "downLast90days": {}}}, {"maxAge": 1, "period": "+1q", "endDate": "2019-03-31", "growth": {}, "earningsEstimate": {"avg": 0.0, "low": 0.0, "high": 0.0, "yearAgoEps": 4.61, "numberOfAnalysts": 0, "growth": {}}, "revenueEstimate": {"avg": 295328000000, "low": 295328000000, "high": 295328000000, "numberOfAnalysts": 1, "yearAgoRevenue": 239698000000, "growth": 0.23200001}, "epsTrend": {"current": 0.0, "7daysAgo": 9.36, "30daysAgo": 9.36, "60daysAgo": 9.36, "90daysAgo": 9.36}, "epsRevisions": {"upLast7days": 0, "upLast30days": 1, "downLast30days": 0, "downLast90days": {}}}, {"maxAge": 1, "period": "0y", "endDate": "2019-03-31", "growth": {}, "earningsEstimate": {"avg": 0.0, "low": 0.0, "high": 0.0, "yearAgoEps": {}, "numberOfAnalysts": 0, "growth": {}}, "revenueEstimate": {"avg": 1224760000000, "low": 988450000000, "high": 1812540000000, "numberOfAnalysts": 7, "yearAgoRevenue": 850041000000, "growth": 0.44099998}, "epsTrend": {"current": 0.0, "7daysAgo": 22.44, "30daysAgo": 22.44, "60daysAgo": 22.44, "90daysAgo": 22.44}, "epsRevisions": {"upLast7days": 0, "upLast30days": 0, "downLast30days": 0, "downLast90days": {}}}, {"maxAge": 1, "period": "+1y", "endDate": "2020-03-31", "growth": {}, "earningsEstimate": {"avg": 0.0, "low": 0.0, "high": 0.0, "yearAgoEps": {}, "numberOfAnalysts": 0, "growth": {}}, "revenueEstimate": {"avg": 1278380000000, "low": 1041080000000, "high": 1739720000000, "numberOfAnalysts": 6, "yearAgoRevenue": 1224760000000, "growth": 0.044}, "epsTrend": {"current": 0.0, "7daysAgo": 22.94, "30daysAgo": 22.94, "60daysAgo": 22.94, "90daysAgo": 22.94}, "epsRevisions": {"upLast7days": 0, "upLast30days": 0, "downLast30days": 0, "downLast90days": {}}}, {"maxAge": 1, "period": "+5y", "endDate": null, "growth": 0.16510001, "earningsEstimate": {"avg": {}, "low": {}, "high": {}, "yearAgoEps": {}, "numberOfAnalysts": {}, "growth": {}}, "revenueEstimate": {"avg": {}, "low": {}, "high": {}, "numberOfAnalysts": {}, "yearAgoRevenue": {}, "growth": {}}, "epsTrend": {"current": {}, "7daysAgo": {}, "30daysAgo": {}, "60daysAgo": {}, "90daysAgo": {}}, "epsRevisions": {"upLast7days": {}, "upLast30days": {}, "downLast30days": {}, "downLast90days": {}}}, {"maxAge": 1, "period": "-5y", "endDate": null, "growth": {}, "earningsEstimate": {"avg": {}, "low": {}, "high": {}, "yearAgoEps": {}, "numberOfAnalysts": {}, "growth": {}}, "revenueEstimate": {"avg": {}, "low": {}, "high": {}, "numberOfAnalysts": {}, "yearAgoRevenue": {}, "growth": {}}, "epsTrend": {"current": {}, "7daysAgo": {}, "30daysAgo": {}, "60daysAgo": {}, "90daysAgo": {}}, "epsRevisions": {"upLast7days": {}, "upLast30days": {}, "downLast30days": {}, "downLast90days": {}}}], "maxAge": 1}, "institutionOwnership": {"ownershipList": [], "maxAge": 1}, "majorHoldersBreakdown": {"maxAge": 1, "insidersPercentHeld": 0.70713997, "institutionsPercentHeld": 0.21621001, "institutionsFloatPercentHeld": 0.73829, "institutionsCount": 158}, "balanceSheetHistoryQuarterly": {"balanceSheetStatements": [{"maxAge": 1, "endDate": "2020-12-31", "totalStockholderEquity": 2099944600000, "netTangibleAssets": 1569128600000}, {"maxAge": 1, "endDate": "2020-09-30", "cash": 37689700000, "shortTermInvestments": 212647300000, "netReceivables": 123266900000, "inventory": 358948800000, "otherCurrentAssets": 126765400000, "totalCurrentAssets": 859318100000, "longTermInvestments": 471022500000, "propertyPlantEquipment": 2771081500000, "goodWill": 139456000000, "intangibleAssets": 391360000000, "otherAssets": 443261400000, "deferredLongTermAssetCharges": 28539500000, "totalAssets": 5075499500000, "accountsPayable": 227242600000, "otherCurrentLiab": 704946500000, "longTermDebt": 686158400000, "otherLiab": 805926500000, "minorityInterest": 197948100000, "totalCurrentLiabilities": 1186298400000, "totalLiab": 2777606800000, "commonStock": 62901500000, "treasuryStock": 2037043100000, "otherStockholderEquity": 2037043100000, "totalStockholderEquity": 2099944600000, "netTangibleAssets": 1569128600000}, {"maxAge": 1, "endDate": "2020-06-30", "totalStockholderEquity": 2069676900000, "netTangibleAssets": 1540668900000}, {"maxAge": 1, "endDate": "2020-03-31", "cash": 47805620000, "shortTermInvestments": 60358960000, "netReceivables": 175948010000, "inventory": 330512030000, "otherCurrentAssets": 135184290000, "totalCurrentAssets": 807220990000, "longTermInvestments": 484126830000, "propertyPlantEquipment": 2748156820000, "goodWill": 142366500000, "intangibleAssets": 386641540000, "otherAssets": 470468020000, "deferredLongTermAssetCharges": 26656790000, "totalAssets": 5038980700000, "accountsPayable": 229678510000, "shortLongTermDebt": 118652220000, "otherCurrentLiab": 363795970000, "longTermDebt": 720833990000, "otherLiab": 813584960000, "minorityInterest": 178128120000, "totalCurrentLiabilities": 1176608020000, "totalLiab": 2791175620000, "commonStock": 62901390000, "retainedEarnings": 2062136930000, "treasuryStock": -55361360000, "otherStockholderEquity": -55361360000, "totalStockholderEquity": 2069676960000, "netTangibleAssets": 1540668920000}], "maxAge": 86400}, "earningsHistory": {"history": [{"maxAge": 1, "epsActual": 3.91, "epsEstimate": 4.56, "epsDifference": -0.65, "surprisePercent": -0.143, "quarter": "2017-12-31", "period": "-4q"}, {"maxAge": 1, "epsActual": 4.61, "epsEstimate": 5.13, "epsDifference": -0.52, "surprisePercent": -0.101, "quarter": "2018-03-31", "period": "-3q"}, {"maxAge": 1, "epsActual": 4.79, "epsEstimate": 4.97, "epsDifference": -0.18, "surprisePercent": -0.036, "quarter": "2018-06-30", "period": "-2q"}, {"maxAge": 1, "epsActual": 6.44, "epsEstimate": 5.33, "epsDifference": 1.11, "surprisePercent": 0.20799999, "quarter": "2018-09-30", "period": "-1q"}], "maxAge": 86400}, "esgScores": {"maxAge": 86400, "totalEsg": 54.2, "environmentScore": 22.56, "socialScore": 18.02, "governanceScore": 13.61, "ratingYear": 2021, "ratingMonth": 3, "highestControversy": 5.0, "esgPerformance": null, "peerCount": 71, "peerGroup": "Oil & Gas Producers", "relatedControversy": ["Society & Community Incidents"], "peerEsgScorePerformance": {"min": 14.51, "avg": 37.98704225352114, "max": 56.44}, "peerGovernancePerformance": {"min": 5.24, "avg": 8.78014925373134, "max": 14.0}, "peerSocialPerformance": {"min": 2.06, "avg": 10.487462686567167, "max": 19.31}, "peerEnvironmentPerformance": {"min": 5.62, "avg": 18.4465671641791, "max": 29.53}, "peerHighestControversyPerformance": {"min": 0.0, "avg": 1.9577464788732395, "max": 5.0}, "percentile": 98.18, "environmentPercentile": 0.0, "socialPercentile": 0.0, "governancePercentile": 0.0, "adult": false, "alcoholic": false, "animalTesting": false, "catholic": false, "controversialWeapons": false, "smallArms": false, "furLeather": false, "gambling": false, "gmo": false, "militaryContract": false, "nuclear": false, "pesticides": false, "palmOil": false, "coal": false, "tobacco": false}, "summaryProfile": {"address1": "Deendayal Urja Bhawan", "address2": "Plot No. 5A- 5B, Nelson Mandela Road Vasant Kunj", "city": "New Delhi", "zip": "110070", "country": "India", "phone": "91 11 2675 4073", "fax": "91 11 2612 9081", "website": "http://www.ongcindia.com", "industry": "Oil & Gas Integrated", "sector": "Energy", "longBusinessSummary": "Oil and Natural Gas Corporation Limited explores for, develops, and produces crude oil and natural gas in India and internationally. It operates through Exploration and Production, and Refining & Marketing segments. The company also engages in the refining and marketing of petroleum products; transportation of oil and natural gas; and production of liquefied petroleum gas, ethane/propane, naphtha, superior kerosene oil, low sulphur high stock, aviation turbine fuel, and high speed diesel. In addition, it generates electric power through 726 megawatts (MW) gas based power project in Tripura; 51 MW wind power project in Surajbari, Gujarat; and 102 MW wind power project in Rajasthan, as well as generates solar power through a total installed capacity of 23 MW. The company was incorporated in 1993 and is based in New Delhi, India.", "fullTimeEmployees": 30105, "companyOfficers": [], "maxAge": 86400}, "netSharePurchaseActivity": {"maxAge": 1, "period": "6m", "buyInfoCount": 0, "buyInfoShares": 0, "sellInfoCount": 0, "netInfoCount": 0, "netInfoShares": 0, "netPercentInsiderShares": 0.0, "totalInsiderShares": 8900433920}, "insiderTransactions": {"transactions": [{"maxAge": 1, "shares": 45618254, "filerUrl": "", "transactionText": "", "filerName": "President of India", "filerRelation": "Promoter", "moneyText": "", "startDate": "2017-11-24", "ownership": "D"}, {"maxAge": 1, "shares": 34238793, "filerUrl": "", "transactionText": "", "filerName": "President of India", "filerRelation": "Promoter", "moneyText": "", "startDate": "2017-03-22", "ownership": "D"}, {"maxAge": 1, "shares": 2872213043, "filerUrl": "", "transactionText": "", "filerName": "President of India", "filerRelation": "Promoter", "moneyText": "", "startDate": "2017-01-25", "ownership": "D"}, {"maxAge": 1, "shares": 84073, "filerUrl": "", "transactionText": "", "filerName": "President of India", "filerRelation": "Promoter", "moneyText": "", "startDate": "2015-04-10", "ownership": "D"}, {"maxAge": 1, "shares": 24786189, "filerUrl": "", "transactionText": "", "filerName": "Government of India", "filerRelation": "Promoter", "moneyText": "", "startDate": "2014-03-27", "ownership": "D"}, {"maxAge": 1, "shares": 703426054, "filerUrl": "", "transactionText": "", "filerName": "Life Insurance Corporation of India", "filerRelation": "Institution- Corporation", "moneyText": "", "startDate": "2012-03-03", "ownership": "D"}, {"maxAge": 1, "shares": 420416170, "filerUrl": "", "transactionText": "", "filerName": "Government of India", "filerRelation": "Promoter", "moneyText": "", "startDate": "2012-03-01", "ownership": "D"}, {"maxAge": 1, "shares": 79782, "filerUrl": "", "transactionText": "", "filerName": "Life Insurance Corporation of India", "filerRelation": "Institution- Corporation", "moneyText": "", "startDate": "2010-11-19", "ownership": "D"}, {"maxAge": 1, "shares": 355917, "filerUrl": "", "transactionText": "", "filerName": "Life Insurance Corporation of India", "filerRelation": "Institution- Corporation", "moneyText": "", "startDate": "2010-01-19", "ownership": "D"}], "maxAge": 1}, "sectorTrend": {"maxAge": 1, "symbol": null, "estimates": []}, "incomeStatementHistoryQuarterly": {"incomeStatementHistory": [{"maxAge": 1, "endDate": "2020-12-31", "totalRevenue": 1002888300000, "costOfRevenue": 578584400000, "grossProfit": 424303900000, "researchDevelopment": {}, "sellingGeneralAdministrative": 16518700000, "nonRecurring": {}, "otherOperatingExpenses": 274754500000, "totalOperatingExpenses": 955042700000, "operatingIncome": 47845600000, "totalOtherIncomeExpenseNet": 13535800000, "ebit": 47845600000, "interestExpense": -10252000000, "incomeBeforeTax": 61381400000, "incomeTaxExpense": 23746100000, "minorityInterest": {}, "netIncomeFromContinuingOps": 37635300000, "discontinuedOperations": {}, "extraordinaryItems": {}, "effectOfAccountingCharges": {}, "otherItems": {}, "netIncome": 26431700000, "netIncomeApplicableToCommonShares": 26431700000}, {"maxAge": 1, "endDate": "2020-09-30", "totalRevenue": 836191600000, "costOfRevenue": 419983800000, "grossProfit": 416207800000, "researchDevelopment": {}, "sellingGeneralAdministrative": 18076400000, "nonRecurring": {}, "otherOperatingExpenses": 243823200000, "totalOperatingExpenses": 753733800000, "operatingIncome": 82457800000, "totalOtherIncomeExpenseNet": 3237500000, "ebit": 82457800000, "interestExpense": -10469200000, "incomeBeforeTax": 85695300000, "incomeTaxExpense": 27687100000, "minorityInterest": 197948100000, "netIncomeFromContinuingOps": 58008200000, "discontinuedOperations": {}, "extraordinaryItems": {}, "effectOfAccountingCharges": {}, "otherItems": {}, "netIncome": 43353100000, "netIncomeApplicableToCommonShares": 43353100000}, {"maxAge": 1, "endDate": "2020-06-30", "totalRevenue": 624960600000, "costOfRevenue": 299955300000, "grossProfit": 325005300000, "researchDevelopment": {}, "sellingGeneralAdministrative": 15596100000, "nonRecurring": {}, "otherOperatingExpenses": 209383500000, "totalOperatingExpenses": 595047100000, "operatingIncome": 29913500000, "totalOtherIncomeExpenseNet": -9791300000, "ebit": 29913500000, "interestExpense": -14976600000, "incomeBeforeTax": 20122200000, "incomeTaxExpense": 9221900000, "minorityInterest": 197948100000, "netIncomeFromContinuingOps": 10900300000, "discontinuedOperations": {}, "extraordinaryItems": {}, "effectOfAccountingCharges": {}, "otherItems": {}, "netIncome": 1197500000, "netIncomeApplicableToCommonShares": 1197500000}, {"maxAge": 1, "endDate": "2020-03-31", "totalRevenue": 762904410000, "costOfRevenue": 1246790790000, "grossProfit": -483886380000, "researchDevelopment": {}, "sellingGeneralAdministrative": -44676560000, "nonRecurring": {}, "otherOperatingExpenses": -507959840000, "totalOperatingExpenses": 785104380000, "operatingIncome": -22199970000, "totalOtherIncomeExpenseNet": -81422930000, "ebit": -22199970000, "interestExpense": -14976600000, "incomeBeforeTax": -103622900000, "incomeTaxExpense": -40093980000, "minorityInterest": 178128120000, "netIncomeFromContinuingOps": -63528920000, "discontinuedOperations": {}, "extraordinaryItems": {}, "effectOfAccountingCharges": {}, "otherItems": {}, "netIncome": -59656520000, "netIncomeApplicableToCommonShares": -59656520000}], "maxAge": 86400}, "cashflowStatementHistoryQuarterly": {"cashflowStatements": [{"maxAge": 1, "endDate": "2020-12-31", "netIncome": 26431700000, "changeToLiabilities": 0}, {"maxAge": 1, "endDate": "2020-09-30", "netIncome": 43353100000, "changeToLiabilities": 0}, {"maxAge": 1, "endDate": "2020-06-30", "netIncome": 1197500000, "changeToLiabilities": 0}, {"maxAge": 1, "endDate": "2020-03-31", "netIncome": -59656520000, "changeToLiabilities": 0}], "maxAge": 86400}, "earnings": {"maxAge": 86400, "earningsChart": {"quarterly": [{"date": "4Q2017", "actual": 3.91, "estimate": 4.56}, {"date": "1Q2018", "actual": 4.61, "estimate": 5.13}, {"date": "2Q2018", "actual": 4.79, "estimate": 4.97}, {"date": "3Q2018", "actual": 6.44, "estimate": 5.33}], "currentQuarterEstimateDate": "4Q", "currentQuarterEstimateYear": 2018, "earningsDate": ["2021-05-29 05:30:S"]}, "financialsChart": {"yearly": [{"date": 2017, "revenue": 2825061150000, "earnings": 244192500000}, {"date": 2018, "revenue": 3227057660000, "earnings": 221059280000}, {"date": 2019, "revenue": 4216258540000, "earnings": 305460400000}, {"date": 2020, "revenue": 3968029110000, "earnings": 109071480000}], "quarterly": [{"date": "1Q2020", "revenue": 762904410000, "earnings": -59656520000}, {"date": "2Q2020", "revenue": 624960600000, "earnings": 1197500000}, {"date": "3Q2020", "revenue": 836191600000, "earnings": 43353100000}, {"date": "4Q2020", "revenue": 1002888300000, "earnings": 26431700000}]}, "financialCurrency": "INR"}, "financialData": {"maxAge": 86400, "currentPrice": 108.15, "targetHighPrice": 265.0, "targetLowPrice": 146.0, "targetMeanPrice": 211.33, "targetMedianPrice": 215.5, "recommendationKey": "none", "numberOfAnalystOpinions": 30, "totalCash": 250337001472, "totalCashPerShare": 19.889, "ebitda": 401773887488, "totalDebt": 1039491203072, "totalRevenue": 3226197295104, "debtToEquity": 45.237, "revenuePerShare": 256.399, "grossProfits": 746409520000, "earningsGrowth": -0.462, "revenueGrowth": -0.084, "grossMargins": 0.21114999, "ebitdaMargins": 0.12453, "operatingMargins": 0.04206, "profitMargins": 0.00281, "financialCurrency": "INR"}}}