{"ONGC.BO": {"cashflowStatementHistory": {"cashflowStatements": [{"maxAge": 1, "endDate": "2020-03-31", "netIncome": 109071480000, "depreciation": 332334870000, "changeToNetincome": 140294700000, "changeToAccountReceivables": 61446520000, "changeToLiabilities": 70161510000, "changeToInventory": 9569060000, "changeToOperatingActivities": -7502600000, "totalCashFromOperatingActivities": 716343780000, "capitalExpenditures": -549849260000, "investments": -17619040000, "otherCashflowsFromInvestingActivities": 28475900000, "totalCashflowsFromInvestingActivities": -534983140000, "dividendsPaid": -82972420000, "netBorrowings": -34207590000, "otherCashflowsFromFinancingActivities": -60335620000, "totalCashFromFinancingActivities": -177677640000, "effectOfExchangeRate": 3392670000, "changeInCash": 7075670000, "repurchaseOfStock": -162010000}, {"maxAge": 1, "endDate": "2019-03-31", "netIncome": 305460400000, "depreciation": 299988930000, "changeToNetincome": 106315620000, "changeToAccountReceivables": -22516440000, "changeToLiabilities": 94410710000, "changeToInventory": -46817850000, "changeToOperatingActivities": -123243320000, "totalCashFromOperatingActivities": 614575990000, "capitalExpenditures": -427922230000, "investments": -8804460000, "otherCashflowsFromInvestingActivities": 61381290000, "totalCashflowsFromInvestingActivities": -373317220000, "dividendsPaid": -100860230000, "netBorrowings": -31322050000, "otherCashflowsFromFinancingActivities": -60708630000, "totalCashFromFinancingActivities": -233244970000, "effectOfExchangeRate": 2000920000, "changeInCash": 10014720000, "repurchaseOfStock": -40354060000}, {"maxAge": 1, "endDate": "2018-03-31", "netIncome": 221059280000, "depreciation": 293790070000, "changeToNetincome": 50507710000, "changeToAccountReceivables": -17436970000, "changeToLiabilities": 58752350000, "changeToInventory": -7510350000, "changeToOperatingActivities": -31262480000, "totalCashFromOperatingActivities": 567920950000, "capitalExpenditures": -449426650000, "investments": 87434000000, "otherCashflowsFromInvestingActivities": 59199620000, "totalCashflowsFromInvestingActivities": -671112180000, "dividendsPaid": -94958850000, "netBorrowings": 239709530000, "otherCashflowsFromFinancingActivities": -45657070000, "totalCashFromFinancingActivities": 99093610000, "effectOfExchangeRate": 3130770000, "changeInCash": -966850000, "repurchaseOfStock": -40354060000}, {"maxAge": 1, "endDate": "2017-03-31", "netIncome": 244192500000, "depreciation": 248626300000, "changeToNetincome": -8309550000, "changeToAccountReceivables": -21284030000, "changeToLiabilities": -62141480000, "changeToInventory": -65937850000, "changeToOperatingActivities": 122634040000, "totalCashFromOperatingActivities": 457804760000, "capitalExpenditures": -363288210000, "investments": -125316620000, "otherCashflowsFromInvestingActivities": 36158320000, "totalCashflowsFromInvestingActivities": -450560450000, "dividendsPaid": -153501280000, "netBorrowings": 150445930000, "otherCashflowsFromFinancingActivities": -40596300000, "totalCashFromFinancingActivities": -18670490000, "effectOfExchangeRate": 12414910000, "changeInCash": 988720000, "repurchaseOfStock": -40354060000, "issuanceOfStock": 24981160000}], "maxAge": 86400}, "institutionOwnership": {"ownershipList": [], "maxAge": 1}, "balanceSheetHistoryQuarterly": {"balanceSheetStatements": [{"maxAge": 1, "endDate": "2020-06-30", "totalStockholderEquity": 2069676900000, "netTangibleAssets": 1540668900000}, {"maxAge": 1, "endDate": "2020-03-31", "cash": 47805620000, "shortTermInvestments": 60358960000, "netReceivables": 175948010000, "inventory": 330512030000, "otherCurrentAssets": 135184290000, "totalCurrentAssets": 807220990000, "longTermInvestments": 484126830000, "propertyPlantEquipment": 2748156820000, "goodWill": 142366500000, "intangibleAssets": 386641540000, "otherAssets": 470468020000, "deferredLongTermAssetCharges": 26656790000, "totalAssets": 5038980700000, "accountsPayable": 229678510000, "shortLongTermDebt": 118652220000, "otherCurrentLiab": 363795970000, "longTermDebt": 720833990000, "otherLiab": 813584960000, "minorityInterest": 178128120000, "totalCurrentLiabilities": 1176608020000, "totalLiab": 2791175620000, "commonStock": 62901390000, "retainedEarnings": 2062136930000, "treasuryStock": -55361360000, "otherStockholderEquity": -55361360000, "totalStockholderEquity": 2069676960000, "netTangibleAssets": 1540668920000}, {"maxAge": 1, "endDate": "2019-12-31", "totalStockholderEquity": 2260922500000, "netTangibleAssets": 1716080000000}, {"maxAge": 1, "endDate": "2019-09-30", "cash": 67699400000, "shortTermInvestments": 232601500000, "netReceivables": 151137800000, "inventory": 381214500000, "otherCurrentAssets": 86790500000, "totalCurrentAssets": 919443700000, "longTermInvestments": 580391000000, "propertyPlantEquipment": 2716084800000, "goodWill": 143584800000, "intangibleAssets": 401257700000, "otherAssets": 385099000000, "deferredLongTermAssetCharges": 19878600000, "totalAssets": 5145861000000, "accountsPayable": 261578200000, "otherCurrentLiab": 537282800000, "longTermDebt": 649683800000, "otherLiab": 846617300000, "minorityInterest": 178680100000, "totalCurrentLiabilities": 1151614300000, "totalLiab": 2706258400000, "commonStock": 62901500000, "treasuryStock": 2198021000000, "otherStockholderEquity": 2198021000000, "totalStockholderEquity": 2260922500000, "netTangibleAssets": 1716080000000}], "maxAge": 86400}, "indexTrend": {"maxAge": 1, "symbol": "SP5", "peRatio": 19.7411, "pegRatio": 1.34172, "estimates": [{"period": "0q", "growth": 0.549}, {"period": "+1q", "growth": 0.431}, {"period": "0y", "growth": 0.305}, {"period": "+1y", "growth": 0.109}, {"period": "+5y", "growth": 0.120865}, {"period": "-5y"}]}, "esgScores": {"maxAge": 86400, "totalEsg": 52.69, "environmentScore": 23.02, "socialScore": 17.17, "governanceScore": 12.49, "ratingYear": 2020, "ratingMonth": 10, "highestControversy": 5.0, "esgPerformance": null, "peerCount": 71, "peerGroup": "Oil & Gas Producers", "relatedControversy": ["Society & Community Incidents"], "peerEsgScorePerformance": {"min": 17.33, "avg": 39.12394366197184, "max": 57.84}, "peerGovernancePerformance": {"min": 5.94, "avg": 9.003142857142855, "max": 14.04}, "peerSocialPerformance": {"min": 3.39, "avg": 10.843857142857146, "max": 19.46}, "peerEnvironmentPerformance": {"min": 6.91, "avg": 19.195999999999998, "max": 29.57}, "peerHighestControversyPerformance": {"min": 0.0, "avg": 1.9859154929577465, "max": 5.0}, "percentile": 97.22, "environmentPercentile": 0.0, "socialPercentile": 0.0, "governancePercentile": 0.0, "adult": false, "alcoholic": false, "animalTesting": false, "catholic": false, "controversialWeapons": false, "smallArms": false, "furLeather": false, "gambling": false, "gmo": false, "militaryContract": false, "nuclear": false, "pesticides": false, "palmOil": false, "coal": false, "tobacco": false}, "insiderTransactions": {"transactions": [{"maxAge": 1, "shares": 45618254, "filerUrl": "", "transactionText": "", "filerName": "President of India", "filerRelation": "Promoter", "moneyText": "", "startDate": "2017-11-24", "ownership": "D"}, {"maxAge": 1, "shares": 34238793, "filerUrl": "", "transactionText": "", "filerName": "President of India", "filerRelation": "Promoter", "moneyText": "", "startDate": "2017-03-22", "ownership": "D"}, {"maxAge": 1, "shares": 2872213043, "filerUrl": "", "transactionText": "", "filerName": "President of India", "filerRelation": "Promoter", "moneyText": "", "startDate": "2017-01-25", "ownership": "D"}, {"maxAge": 1, "shares": 84073, "filerUrl": "", "transactionText": "", "filerName": "President of India", "filerRelation": "Promoter", "moneyText": "", "startDate": "2015-04-10", "ownership": "D"}, {"maxAge": 1, "shares": 24786189, "filerUrl": "", "transactionText": "", "filerName": "Government of India", "filerRelation": "Promoter", "moneyText": "", "startDate": "2014-03-27", "ownership": "D"}, {"maxAge": 1, "shares": 703426054, "filerUrl": "", "transactionText": "", "filerName": "Life Insurance Corporation of India", "filerRelation": "Institution- Corporation", "moneyText": "", "startDate": "2012-03-03", "ownership": "D"}, {"maxAge": 1, "shares": 420416170, "filerUrl": "", "transactionText": "", "filerName": "Government of India", "filerRelation": "Promoter", "moneyText": "", "startDate": "2012-03-01", "ownership": "D"}, {"maxAge": 1, "shares": 79782, "filerUrl": "", "transactionText": "", "filerName": "Life Insurance Corporation of India", "filerRelation": "Institution- Corporation", "moneyText": "", "startDate": "2010-11-19", "ownership": "D"}, {"maxAge": 1, "shares": 355917, "filerUrl": "", "transactionText": "", "filerName": "Life Insurance Corporation of India", "filerRelation": "Institution- Corporation", "moneyText": "", "startDate": "2010-01-19", "ownership": "D"}], "maxAge": 1}, "quoteType": {"exchange": "BSE", "quoteType": "EQUITY", "symbol": "ONGC.BO", "underlyingSymbol": "ONGC.BO", "shortName": "OIL AND NATURAL GAS CORPORATIO", "longName": "Oil and Natural Gas Corporation Limited", "firstTradeDateEpochUtc": "1996-03-18 09:15:00", "timeZoneFullName": "Asia/Kolkata", "timeZoneShortName": "IST", "uuid": "4359da5c-3215-3bb6-a03d-605825af4297", "gmtOffSetMilliseconds": 19800000, "maxAge": 1}, "incomeStatementHistory": {"incomeStatementHistory": [{"maxAge": 1, "endDate": "2020-03-31", "totalRevenue": 3968029110000, "costOfRevenue": 3221619590000, "grossProfit": 746409520000, "researchDevelopment": {}, "sellingGeneralAdministrative": {}, "nonRecurring": {}, "otherOperatingExpenses": 129590060000, "totalOperatingExpenses": 3705474380000, "operatingIncome": 262554730000, "totalOtherIncomeExpenseNet": -71873230000, "ebit": 262554730000, "interestExpense": -27623750000, "incomeBeforeTax": 190681500000, "incomeTaxExpense": 75080020000, "minorityInterest": 178128120000, "netIncomeFromContinuingOps": 115601480000, "discontinuedOperations": {}, "extraordinaryItems": {}, "effectOfAccountingCharges": {}, "otherItems": {}, "netIncome": 109071480000, "netIncomeApplicableToCommonShares": 109071480000}, {"maxAge": 1, "endDate": "2019-03-31", "totalRevenue": 4216258540000, "costOfRevenue": 3231141300000, "grossProfit": 985117240000, "researchDevelopment": {}, "sellingGeneralAdministrative": {}, "nonRecurring": {}, "otherOperatingExpenses": 145235490000, "totalOperatingExpenses": 3703478630000, "operatingIncome": 512779910000, "totalOtherIncomeExpenseNet": 35676640000, "ebit": 512779910000, "interestExpense": -29947350000, "incomeBeforeTax": 548456550000, "incomeTaxExpense": 209076470000, "minorityInterest": 181062100000, "netIncomeFromContinuingOps": 339380080000, "discontinuedOperations": {}, "extraordinaryItems": {}, "effectOfAccountingCharges": {}, "otherItems": {}, "netIncome": 305460400000, "netIncomeApplicableToCommonShares": 305460400000}, {"maxAge": 1, "endDate": "2018-03-31", "totalRevenue": 3227057660000, "costOfRevenue": 2459111400000, "grossProfit": 767946260000, "researchDevelopment": {}, "sellingGeneralAdministrative": 8347530000, "nonRecurring": {}, "otherOperatingExpenses": 114781380000, "totalOperatingExpenses": 2899718780000, "operatingIncome": 327338880000, "totalOtherIncomeExpenseNet": 64736140000, "ebit": 327338880000, "interestExpense": -28933520000, "incomeBeforeTax": 392075020000, "incomeTaxExpense": 131395160000, "minorityInterest": 156059970000, "netIncomeFromContinuingOps": 260679860000, "discontinuedOperations": {}, "extraordinaryItems": {}, "effectOfAccountingCharges": {}, "otherItems": {}, "netIncome": 221059280000, "netIncomeApplicableToCommonShares": 221059280000}, {"maxAge": 1, "endDate": "2017-03-31", "totalRevenue": 2825061150000, "costOfRevenue": 2143669070000, "grossProfit": 681392080000, "researchDevelopment": {}, "sellingGeneralAdministrative": 8084690000, "nonRecurring": {}, "otherOperatingExpenses": 104392270000, "totalOperatingExpenses": 2525315250000, "operatingIncome": 299745900000, "totalOtherIncomeExpenseNet": 117429510000, "ebit": 299745900000, "interestExpense": -25684560000, "incomeBeforeTax": 417175410000, "incomeTaxExpense": 125484220000, "minorityInterest": 132919640000, "netIncomeFromContinuingOps": 291691190000, "discontinuedOperations": {}, "extraordinaryItems": {}, "effectOfAccountingCharges": {}, "otherItems": {}, "netIncome": 244192500000, "netIncomeApplicableToCommonShares": 244192500000}], "maxAge": 86400}, "fundOwnership": {"ownershipList": [], "maxAge": 1}, "summaryDetail": {"maxAge": 1, "priceHint": 2, "previousClose": 104.05, "open": 104.0, "dayLow": 103.45, "dayHigh": 112.7, "regularMarketPreviousClose": 104.05, "regularMarketOpen": 104.0, "regularMarketDayLow": 103.45, "regularMarketDayHigh": 112.7, "trailingPE": 31.693432, "volume": 7734633, "regularMarketVolume": 7734633, "averageVolume": 2391751, "averageVolume10days": 2604047, "averageDailyVolume10Day": 2604047, "bid": 107.95, "ask": 108.2, "bidSize": 0, "askSize": 0, "marketCap": 1365179105280, "fiftyTwoWeekLow": 51.8, "fiftyTwoWeekHigh": 112.7, "fiftyDayAverage": 96.12727, "twoHundredDayAverage": 80.56581, "trailingAnnualDividendRate": 5.0, "trailingAnnualDividendYield": 0.04805382, "currency": "INR", "fromCurrency": null, "lastMarket": null, "algorithm": null, "tradeable": false}, "incomeStatementHistoryQuarterly": {"incomeStatementHistory": [{"maxAge": 1, "endDate": "2020-06-30", "totalRevenue": 624960600000, "costOfRevenue": 299955300000, "grossProfit": 325005300000, "researchDevelopment": {}, "sellingGeneralAdministrative": 15596100000, "nonRecurring": {}, "otherOperatingExpenses": 209383500000, "totalOperatingExpenses": 595047100000, "operatingIncome": 29913500000, "totalOtherIncomeExpenseNet": -9791300000, "ebit": 29913500000, "interestExpense": -14976600000, "incomeBeforeTax": 20122200000, "incomeTaxExpense": 9221900000, "minorityInterest": {}, "netIncomeFromContinuingOps": 10900300000, "discontinuedOperations": {}, "extraordinaryItems": {}, "effectOfAccountingCharges": {}, "otherItems": {}, "netIncome": 1197500000, "netIncomeApplicableToCommonShares": 1197500000}, {"maxAge": 1, "endDate": "2020-03-31", "totalRevenue": 762904410000, "costOfRevenue": 1246790790000, "grossProfit": -483886380000, "researchDevelopment": {}, "sellingGeneralAdministrative": -44676560000, "nonRecurring": {}, "otherOperatingExpenses": -507959840000, "totalOperatingExpenses": 785104380000, "operatingIncome": -22199970000, "totalOtherIncomeExpenseNet": -81422930000, "ebit": -22199970000, "interestExpense": -14976600000, "incomeBeforeTax": -103622900000, "incomeTaxExpense": -40093980000, "minorityInterest": 178128120000, "netIncomeFromContinuingOps": -63528920000, "discontinuedOperations": {}, "extraordinaryItems": {}, "effectOfAccountingCharges": {}, "otherItems": {}, "netIncome": -59656520000, "netIncomeApplicableToCommonShares": -59656520000}, {"maxAge": 1, "endDate": "2019-12-31", "totalRevenue": 1094433900000, "costOfRevenue": 690613000000, "grossProfit": 403820900000, "researchDevelopment": {}, "sellingGeneralAdministrative": 16384200000, "nonRecurring": {}, "otherOperatingExpenses": 213330800000, "totalOperatingExpenses": 1013023800000, "operatingIncome": 81410100000, "totalOtherIncomeExpenseNet": 6930100000, "ebit": 81410100000, "interestExpense": -15365500000, "incomeBeforeTax": 88340200000, "incomeTaxExpense": 34502200000, "minorityInterest": 178128120000, "netIncomeFromContinuingOps": 53838000000, "discontinuedOperations": {}, "extraordinaryItems": {}, "effectOfAccountingCharges": {}, "otherItems": {}, "netIncome": 49036800000, "netIncomeApplicableToCommonShares": 49036800000}, {"maxAge": 1, "endDate": "2019-09-30", "totalRevenue": 1015542600000, "costOfRevenue": 598204700000, "grossProfit": 417337900000, "researchDevelopment": {}, "sellingGeneralAdministrative": 16126200000, "nonRecurring": {}, "otherOperatingExpenses": 224196800000, "totalOperatingExpenses": 922806300000, "operatingIncome": 92736300000, "totalOtherIncomeExpenseNet": -687700000, "ebit": 92736300000, "interestExpense": -17516900000, "incomeBeforeTax": 92048600000, "incomeTaxExpense": 37183100000, "minorityInterest": 178680100000, "netIncomeFromContinuingOps": 54865500000, "discontinuedOperations": {}, "extraordinaryItems": {}, "effectOfAccountingCharges": {}, "otherItems": {}, "netIncome": 52755100000, "netIncomeApplicableToCommonShares": 52755100000}], "maxAge": 86400}, "cashflowStatementHistoryQuarterly": {"cashflowStatements": [{"maxAge": 1, "endDate": "2020-06-30", "netIncome": 1197500000, "changeToLiabilities": 0}, {"maxAge": 1, "endDate": "2020-03-31", "netIncome": -59656520000, "changeToLiabilities": 0}, {"maxAge": 1, "endDate": "2019-12-31", "netIncome": 49036800000, "changeToLiabilities": 0}, {"maxAge": 1, "endDate": "2019-09-30", "netIncome": 52755100000, "changeToLiabilities": 0}], "maxAge": 86400}, "insiderHolders": {"holders": [{"maxAge": 1, "name": "Government of India", "relation": "Promoter", "url": "", "transactionDescription": "Sale", "latestTransDate": "2014-03-27", "positionDirect": 5897760333, "positionDirectDate": "2014-03-27"}, {"maxAge": 1, "name": "Life Insurance Corporation of India", "relation": "Institution- Corporation", "url": "", "transactionDescription": "Acquisition", "latestTransDate": "2012-03-03", "positionDirect": 810617088, "positionDirectDate": "2012-03-03"}, {"maxAge": 1, "name": "President of India", "relation": "Promoter", "url": "", "transactionDescription": "Sale", "latestTransDate": "2017-11-24", "positionDirect": 8690032256, "positionDirectDate": "2017-11-24"}], "maxAge": 1}, "calendarEvents": {"maxAge": 1, "earnings": {"earningsDate": ["2019-07-31 05:30:S", "2019-08-05 05:30:S"]}}, "upgradeDowngradeHistory": {"history": [], "maxAge": 86400}, "price": {"maxAge": 1, "regularMarketChangePercent": 0.043248437, "regularMarketChange": 4.5, "regularMarketTime": "2021-04-30 15:57:45", "priceHint": 2, "regularMarketPrice": 108.55, "regularMarketDayHigh": 112.7, "regularMarketDayLow": 103.45, "regularMarketVolume": 7734633, "averageDailyVolume10Day": 2604047, "averageDailyVolume3Month": 2391751, "regularMarketPreviousClose": 104.05, "regularMarketSource": "FREE_REALTIME", "regularMarketOpen": 104.0, "exchange": "BSE", "exchangeName": "BSE", "exchangeDataDelayedBy": 0, "marketState": "CLOSED", "quoteType": "EQUITY", "symbol": "ONGC.BO", "underlyingSymbol": null, "shortName": "OIL AND NATURAL GAS CORPORATIO", "longName": "Oil and Natural Gas Corporation Limited", "currency": "INR", "quoteSourceName": "Delayed Quote", "currencySymbol": "\u20b9", "fromCurrency": null, "lastMarket": null, "marketCap": 1365179105280}, "balanceSheetHistory": {"balanceSheetStatements": [{"maxAge": 1, "endDate": "2020-03-31", "cash": 47805620000, "shortTermInvestments": 60358960000, "netReceivables": 175948010000, "inventory": 330512030000, "otherCurrentAssets": 135184290000, "totalCurrentAssets": 807220990000, "longTermInvestments": 484126830000, "propertyPlantEquipment": 2748156820000, "goodWill": 142366500000, "intangibleAssets": 386641540000, "otherAssets": 470468020000, "deferredLongTermAssetCharges": 26656790000, "totalAssets": 5038980700000, "accountsPayable": 229678510000, "shortLongTermDebt": 118652220000, "otherCurrentLiab": 363795970000, "longTermDebt": 720833990000, "otherLiab": 813584960000, "minorityInterest": 178128120000, "totalCurrentLiabilities": 1176608020000, "totalLiab": 2791175620000, "commonStock": 62901390000, "retainedEarnings": 2062136930000, "treasuryStock": -55361360000, "otherStockholderEquity": -55361360000, "totalStockholderEquity": 2069676960000, "netTangibleAssets": 1540668920000}, {"maxAge": 1, "endDate": "2019-03-31", "cash": 38221120000, "shortTermInvestments": 34820280000, "netReceivables": 266908930000, "inventory": 351340660000, "otherCurrentAssets": 124268430000, "totalCurrentAssets": 871957080000, "longTermInvestments": 646829650000, "propertyPlantEquipment": 2455137240000, "goodWill": 140883530000, "intangibleAssets": 398371840000, "otherAssets": 419410760000, "deferredLongTermAssetCharges": 17310580000, "totalAssets": 4932590100000, "accountsPayable": 305574720000, "shortLongTermDebt": 55343830000, "otherCurrentLiab": 328071360000, "longTermDebt": 521679620000, "otherLiab": 759551840000, "minorityInterest": 181062100000, "totalCurrentLiabilities": 1294896900000, "totalLiab": 2582181460000, "commonStock": 62901390000, "retainedEarnings": 2049056900000, "treasuryStock": 57388250000, "otherStockholderEquity": 57388250000, "totalStockholderEquity": 2169346540000, "netTangibleAssets": 1630091170000}, {"maxAge": 1, "endDate": "2018-03-31", "cash": 25120880000, "shortTermInvestments": 75993560000, "netReceivables": 192655920000, "inventory": 305571210000, "otherCurrentAssets": 72373800000, "totalCurrentAssets": 724289680000, "longTermInvestments": 623352270000, "propertyPlantEquipment": 2326031680000, "goodWill": 142025460000, "intangibleAssets": 407559640000, "otherAssets": 379090620000, "deferredLongTermAssetCharges": 16989890000, "totalAssets": 4602349350000, "accountsPayable": 264847350000, "shortLongTermDebt": 49116420000, "otherCurrentLiab": 286345990000, "longTermDebt": 531090850000, "otherLiab": 686193950000, "minorityInterest": 156059970000, "totalCurrentLiabilities": 1169657090000, "totalLiab": 2406100020000, "commonStock": 64166170000, "retainedEarnings": 1899969690000, "treasuryStock": 76053500000, "otherStockholderEquity": 76053500000, "totalStockholderEquity": 2040189360000, "netTangibleAssets": 1490604260000}, {"maxAge": 1, "endDate": "2017-03-31", "cash": 18150170000, "shortTermInvestments": 145707660000, "netReceivables": 143657360000, "inventory": 298817310000, "otherCurrentAssets": 95485740000, "totalCurrentAssets": 792224300000, "longTermInvestments": 620026010000, "propertyPlantEquipment": 2177333570000, "goodWill": 141903660000, "intangibleAssets": 382441040000, "otherAssets": 340046200000, "deferredLongTermAssetCharges": 15458120000, "totalAssets": 4453974780000, "accountsPayable": 240137870000, "shortLongTermDebt": 56294830000, "otherCurrentLiab": 617676240000, "longTermDebt": 505040000000, "otherLiab": 609186540000, "minorityInterest": 132919640000, "totalCurrentLiabilities": 1240292910000, "totalLiab": 2377202900000, "commonStock": 64166170000, "retainedEarnings": 1774475520000, "treasuryStock": 102775070000, "capitalSurplus": 2435480000, "otherStockholderEquity": 102775070000, "totalStockholderEquity": 1943852240000, "netTangibleAssets": 1419507540000}], "maxAge": 86400}, "financialData": {"maxAge": 86400, "currentPrice": 108.55, "recommendationKey": "none", "grossProfits": 746409520000, "financialCurrency": "INR"}}}