{"OONE.BO": {"cashflowStatementHistory": {"cashflowStatements": [{"maxAge": 1, "endDate": "2020-03-31", "netIncome": 2534724, "depreciation": 1672928, "changeToNetincome": 1828150, "changeToAccountReceivables": 17902621, "changeToLiabilities": 8890549, "changeToInventory": -5070458, "changeToOperatingActivities": -44699922, "totalCashFromOperatingActivities": -16941408, "otherCashflowsFromInvestingActivities": 208372, "totalCashflowsFromInvestingActivities": 208372, "netBorrowings": -282368, "otherCashflowsFromFinancingActivities": -2064666, "totalCashFromFinancingActivities": -2347034, "changeInCash": -19080070}, {"maxAge": 1, "endDate": "2019-03-31", "netIncome": 4732584, "depreciation": 2512762, "changeToNetincome": 2380126, "changeToAccountReceivables": -31669324, "changeToLiabilities": -1774799, "changeToInventory": -6544133, "changeToOperatingActivities": 45532998, "totalCashFromOperatingActivities": 15170214, "capitalExpenditures": -170000, "otherCashflowsFromInvestingActivities": 808614, "totalCashflowsFromInvestingActivities": 638614, "netBorrowings": -3026000, "otherCashflowsFromFinancingActivities": -2504377, "totalCashFromFinancingActivities": -5530377, "changeInCash": 10278450}, {"maxAge": 1, "endDate": "2018-03-31", "netIncome": -22547861, "depreciation": 2880874, "changeToNetincome": 2174289, "changeToAccountReceivables": -25271302, "changeToLiabilities": 40178890, "changeToInventory": -33752089, "changeToOperatingActivities": 29072294, "totalCashFromOperatingActivities": -7264905, "capitalExpenditures": -637898, "otherCashflowsFromInvestingActivities": 815121, "totalCashflowsFromInvestingActivities": 717223, "netBorrowings": -896532, "otherCashflowsFromFinancingActivities": -2683905, "totalCashFromFinancingActivities": -3580437, "changeInCash": -10128119}, {"maxAge": 1, "endDate": "2017-03-31", "netIncome": 2875379, "depreciation": 3488816, "changeToNetincome": -788367, "changeToAccountReceivables": 9322767, "changeToLiabilities": 5287782, "changeToInventory": -1755000, "changeToOperatingActivities": -6960219, "totalCashFromOperatingActivities": 11471158, "capitalExpenditures": -573681, "otherCashflowsFromInvestingActivities": 543434, "totalCashflowsFromInvestingActivities": -30247, "netBorrowings": -1242974, "otherCashflowsFromFinancingActivities": -494901, "totalCashFromFinancingActivities": -1737875, "changeInCash": 9703036}], "maxAge": 86400}, "institutionOwnership": {"ownershipList": [], "maxAge": 1}, "balanceSheetHistoryQuarterly": {"balanceSheetStatements": [{"maxAge": 1, "endDate": "2020-06-30", "totalStockholderEquity": 138713158, "netTangibleAssets": 58681693}, {"maxAge": 1, "endDate": "2020-03-31", "cash": 8004306, "netReceivables": 87748174, "inventory": 47996680, "otherCurrentAssets": 16832765, "totalCurrentAssets": 160581925, "propertyPlantEquipment": 9377066, "goodWill": 21912596, "intangibleAssets": 58118869, "otherAssets": 15522199, "deferredLongTermAssetCharges": 3366416, "totalAssets": 265512655, "accountsPayable": 62221219, "shortLongTermDebt": 282365, "otherCurrentLiab": 18526714, "longTermDebt": 2210796, "otherLiab": 4562571, "totalCurrentLiabilities": 120026130, "totalLiab": 126799497, "commonStock": 105119000, "retainedEarnings": 9780158, "treasuryStock": 23814000, "otherStockholderEquity": 23814000, "totalStockholderEquity": 138713158, "netTangibleAssets": 58681693}, {"maxAge": 1, "endDate": "2019-12-31", "totalStockholderEquity": 140036000, "netTangibleAssets": 59713000}, {"maxAge": 1, "endDate": "2019-09-30", "cash": 80916000, "netReceivables": 69324000, "inventory": 42863000, "otherCurrentAssets": 25804000, "totalCurrentAssets": 218907000, "propertyPlantEquipment": 9987000, "goodWill": 21912000, "intangibleAssets": 58411000, "otherAssets": 26147000, "deferredLongTermAssetCharges": 3318000, "totalAssets": 335364000, "accountsPayable": 60216000, "otherCurrentLiab": 111990000, "longTermDebt": 2210000, "otherLiab": 4317000, "totalCurrentLiabilities": 188801000, "totalLiab": 195328000, "commonStock": 105119000, "treasuryStock": 34917000, "otherStockholderEquity": 34917000, "totalStockholderEquity": 140036000, "netTangibleAssets": 59713000}], "maxAge": 86400}, "indexTrend": {"maxAge": 1, "symbol": "SP5", "peRatio": 19.7411, "pegRatio": 1.34172, "estimates": [{"period": "0q", "growth": 0.549}, {"period": "+1q", "growth": 0.431}, {"period": "0y", "growth": 0.305}, {"period": "+1y", "growth": 0.109}, {"period": "+5y", "growth": 0.120859005}, {"period": "-5y"}]}, "insiderTransactions": {"transactions": [{"maxAge": 1, "shares": 250000, "filerUrl": "", "transactionText": "", "filerName": "Kantamaneni (Himabindu)", "filerRelation": "Promoter", "moneyText": "", "startDate": "2016-06-14", "ownership": "D"}, {"maxAge": 1, "shares": 50516, "filerUrl": "", "transactionText": "", "filerName": "Kantamaneni (Himabindu)", "filerRelation": "Promoter", "moneyText": "", "startDate": "2014-06-19", "ownership": "D"}, {"maxAge": 1, "shares": 25000, "filerUrl": "", "transactionText": "", "filerName": "Kantamaneni (Himabindu)", "filerRelation": "Promoter", "moneyText": "", "startDate": "2014-03-26", "ownership": "D"}, {"maxAge": 1, "shares": 25000, "filerUrl": "", "transactionText": "", "filerName": "Kantamaneni (Himabindu)", "filerRelation": "Promoter", "moneyText": "", "startDate": "2014-03-25", "ownership": "D"}, {"maxAge": 1, "shares": 20899, "filerUrl": "", "transactionText": "", "filerName": "Kantamaneni (Himabindu)", "filerRelation": "Promoter", "moneyText": "", "startDate": "2014-03-24", "ownership": "D"}, {"maxAge": 1, "shares": 27000, "filerUrl": "", "transactionText": "", "filerName": "Kantamaneni (Himabindu)", "filerRelation": "Promoter", "moneyText": "", "startDate": "2014-03-22", "ownership": "D"}, {"maxAge": 1, "shares": 23843, "filerUrl": "", "transactionText": "", "filerName": "Kantamaneni (Himabindu)", "filerRelation": "Promoter", "moneyText": "", "startDate": "2014-03-21", "ownership": "D"}, {"maxAge": 1, "shares": 30300, "filerUrl": "", "transactionText": "", "filerName": "Kantamaneni (Himabindu)", "filerRelation": "Promoter", "moneyText": "", "startDate": "2014-03-13", "ownership": "D"}], "maxAge": 1}, "quoteType": {"exchange": "BSE", "quoteType": "EQUITY", "symbol": "OONE.BO", "underlyingSymbol": "OONE.BO", "shortName": "OBJECTONE INFORMATION SYSTEMS", "longName": "ObjectOne Information Systems Limited", "firstTradeDateEpochUtc": "2013-06-13 09:15:00", "timeZoneFullName": "Asia/Kolkata", "timeZoneShortName": "IST", "uuid": "01b15fb7-3a7b-31b1-a8c6-fa9c29c6cde7", "gmtOffSetMilliseconds": 19800000, "maxAge": 1}, "incomeStatementHistory": {"incomeStatementHistory": [{"maxAge": 1, "endDate": "2020-03-31", "totalRevenue": 280429311, "costOfRevenue": 207844645, "grossProfit": 72584666, "researchDevelopment": {}, "sellingGeneralAdministrative": 396794, "nonRecurring": {}, "otherOperatingExpenses": 66158004, "totalOperatingExpenses": 276072371, "operatingIncome": 4356940, "totalOtherIncomeExpenseNet": -1738205, "ebit": 4356940, "interestExpense": -1947089, "incomeBeforeTax": 2618735, "incomeTaxExpense": 84011, "minorityInterest": {}, "netIncomeFromContinuingOps": 2534724, "discontinuedOperations": {}, "extraordinaryItems": {}, "effectOfAccountingCharges": {}, "otherItems": {}, "netIncome": 2534724, "netIncomeApplicableToCommonShares": 2534724}, {"maxAge": 1, "endDate": "2019-03-31", "totalRevenue": 262970726, "costOfRevenue": 209634329, "grossProfit": 53336397, "researchDevelopment": {}, "sellingGeneralAdministrative": 437453, "nonRecurring": {}, "otherOperatingExpenses": 43398210, "totalOperatingExpenses": 255982754, "operatingIncome": 6987972, "totalOtherIncomeExpenseNet": -2385039, "ebit": 6987972, "interestExpense": -1994806, "incomeBeforeTax": 4602933, "incomeTaxExpense": -129651, "minorityInterest": {}, "netIncomeFromContinuingOps": 4732584, "discontinuedOperations": {}, "extraordinaryItems": {}, "effectOfAccountingCharges": {}, "otherItems": {}, "netIncome": 4732584, "netIncomeApplicableToCommonShares": 4732584}, {"maxAge": 1, "endDate": "2018-03-31", "totalRevenue": 232953251, "costOfRevenue": 170405005, "grossProfit": 62548246, "researchDevelopment": {}, "sellingGeneralAdministrative": 1201283, "nonRecurring": {}, "otherOperatingExpenses": 78839661, "totalOperatingExpenses": 253326823, "operatingIncome": -20373572, "totalOtherIncomeExpenseNet": -1873989, "ebit": -20373572, "interestExpense": -1710246, "incomeBeforeTax": -22247561, "incomeTaxExpense": 300300, "minorityInterest": {}, "netIncomeFromContinuingOps": -22547861, "discontinuedOperations": {}, "extraordinaryItems": {}, "effectOfAccountingCharges": {}, "otherItems": {}, "netIncome": -22547861, "netIncomeApplicableToCommonShares": -22547861}, {"maxAge": 1, "endDate": "2017-03-31", "totalRevenue": 235460268, "costOfRevenue": 204043437, "grossProfit": 31416831, "researchDevelopment": {}, "sellingGeneralAdministrative": 277765, "nonRecurring": {}, "otherOperatingExpenses": 25931155, "totalOperatingExpenses": 233741173, "operatingIncome": 1719095, "totalOtherIncomeExpenseNet": -127459, "ebit": 1719095, "interestExpense": -670893, "incomeBeforeTax": 1591636, "incomeTaxExpense": -1283743, "minorityInterest": {}, "netIncomeFromContinuingOps": 2875379, "discontinuedOperations": {}, "extraordinaryItems": {}, "effectOfAccountingCharges": {}, "otherItems": {}, "netIncome": 2875379, "netIncomeApplicableToCommonShares": 2875379}], "maxAge": 86400}, "fundOwnership": {"ownershipList": [], "maxAge": 1}, "summaryDetail": {"maxAge": 1, "priceHint": 4, "previousClose": 3.2, "open": 3.05, "dayLow": 3.04, "dayHigh": 3.29, "regularMarketPreviousClose": 3.2, "regularMarketOpen": 3.05, "regularMarketDayLow": 3.04, "regularMarketDayHigh": 3.29, "volume": 4055, "regularMarketVolume": 4055, "averageVolume": 1530, "averageVolume10days": 240, "averageDailyVolume10Day": 240, "bid": 0.0, "ask": 3.2, "bidSize": 0, "askSize": 0, "marketCap": 32586888, "fiftyTwoWeekLow": 0.55, "fiftyTwoWeekHigh": 3.46, "fiftyDayAverage": 2.6954546, "twoHundredDayAverage": 2.6536028, "currency": "INR", "fromCurrency": null, "lastMarket": null, "algorithm": null, "tradeable": false}, "incomeStatementHistoryQuarterly": {"incomeStatementHistory": [{"maxAge": 1, "endDate": "2020-06-30", "totalRevenue": 43204000, "costOfRevenue": 36578000, "grossProfit": 6626000, "researchDevelopment": {}, "sellingGeneralAdministrative": {}, "nonRecurring": {}, "otherOperatingExpenses": 8065000, "totalOperatingExpenses": 45014000, "operatingIncome": -1810000, "totalOtherIncomeExpenseNet": 6000, "ebit": -1810000, "interestExpense": -324000, "incomeBeforeTax": -1804000, "incomeTaxExpense": -33000, "minorityInterest": {}, "netIncomeFromContinuingOps": -1771000, "discontinuedOperations": {}, "extraordinaryItems": {}, "effectOfAccountingCharges": {}, "otherItems": {}, "netIncome": -1771000, "netIncomeApplicableToCommonShares": -1771000}, {"maxAge": 1, "endDate": "2020-03-31", "totalRevenue": 59467311, "costOfRevenue": 52055645, "grossProfit": 7411666, "researchDevelopment": {}, "sellingGeneralAdministrative": 396794, "nonRecurring": {}, "otherOperatingExpenses": 8404004, "totalOperatingExpenses": 61286371, "operatingIncome": -1819060, "totalOtherIncomeExpenseNet": -627205, "ebit": -1819060, "interestExpense": -578089, "incomeBeforeTax": -2446265, "incomeTaxExpense": -699989, "minorityInterest": {}, "netIncomeFromContinuingOps": -1746276, "discontinuedOperations": {}, "extraordinaryItems": {}, "effectOfAccountingCharges": {}, "otherItems": {}, "netIncome": -1746276, "netIncomeApplicableToCommonShares": -1746276}, {"maxAge": 1, "endDate": "2019-12-31", "totalRevenue": 90870000, "costOfRevenue": 67466000, "grossProfit": 23404000, "researchDevelopment": {}, "sellingGeneralAdministrative": 396794, "nonRecurring": {}, "otherOperatingExpenses": 21927000, "totalOperatingExpenses": 89809000, "operatingIncome": 1061000, "totalOtherIncomeExpenseNet": -534000, "ebit": 1061000, "interestExpense": -493000, "incomeBeforeTax": 527000, "incomeTaxExpense": 32000, "minorityInterest": {}, "netIncomeFromContinuingOps": 495000, "discontinuedOperations": {}, "extraordinaryItems": {}, "effectOfAccountingCharges": {}, "otherItems": {}, "netIncome": 495000, "netIncomeApplicableToCommonShares": 495000}, {"maxAge": 1, "endDate": "2019-09-30", "totalRevenue": 70510000, "costOfRevenue": 52961000, "grossProfit": 17549000, "researchDevelopment": {}, "sellingGeneralAdministrative": 396794, "nonRecurring": {}, "otherOperatingExpenses": 15031000, "totalOperatingExpenses": 68408000, "operatingIncome": 2102000, "totalOtherIncomeExpenseNet": -50000, "ebit": 2102000, "interestExpense": -95000, "incomeBeforeTax": 2052000, "incomeTaxExpense": 338000, "minorityInterest": {}, "netIncomeFromContinuingOps": 1714000, "discontinuedOperations": {}, "extraordinaryItems": {}, "effectOfAccountingCharges": {}, "otherItems": {}, "netIncome": 1714000, "netIncomeApplicableToCommonShares": 1714000}], "maxAge": 86400}, "cashflowStatementHistoryQuarterly": {"cashflowStatements": [{"maxAge": 1, "endDate": "2020-06-30", "netIncome": -1771000, "changeToLiabilities": 0}, {"maxAge": 1, "endDate": "2020-03-31", "netIncome": -1746276, "changeToLiabilities": 0}, {"maxAge": 1, "endDate": "2019-12-31", "netIncome": 495000, "changeToLiabilities": 0}, {"maxAge": 1, "endDate": "2019-09-30", "netIncome": 1714000, "changeToLiabilities": 0}], "maxAge": 86400}, "insiderHolders": {"holders": [{"maxAge": 1, "name": "Kantamaneni (Himabindu)", "relation": "Promoter", "url": "", "transactionDescription": "Purchase", "latestTransDate": "2016-06-14", "positionDirect": 763956, "positionDirectDate": "2016-06-14"}], "maxAge": 1}, "calendarEvents": {"maxAge": 1, "earnings": {"earningsDate": []}}, "upgradeDowngradeHistory": {"history": [], "maxAge": 86400}, "price": {"maxAge": 1, "regularMarketChangePercent": -0.031250045, "regularMarketChange": -0.10000014, "regularMarketTime": "2021-04-30 15:54:25", "priceHint": 4, "regularMarketPrice": 3.1, "regularMarketDayHigh": 3.29, "regularMarketDayLow": 3.04, "regularMarketVolume": 4055, "averageDailyVolume10Day": 240, "averageDailyVolume3Month": 1530, "regularMarketPreviousClose": 3.2, "regularMarketSource": "FREE_REALTIME", "regularMarketOpen": 3.05, "exchange": "BSE", "exchangeName": "BSE", "exchangeDataDelayedBy": 0, "marketState": "CLOSED", "quoteType": "EQUITY", "symbol": "OONE.BO", "underlyingSymbol": null, "shortName": "OBJECTONE INFORMATION SYSTEMS", "longName": "ObjectOne Information Systems Limited", "currency": "INR", "quoteSourceName": "Delayed Quote", "currencySymbol": "\u20b9", "fromCurrency": null, "lastMarket": null, "marketCap": 32586888}, "balanceSheetHistory": {"balanceSheetStatements": [{"maxAge": 1, "endDate": "2020-03-31", "cash": 8004306, "netReceivables": 87748174, "inventory": 47996680, "otherCurrentAssets": 16832765, "totalCurrentAssets": 160581925, "propertyPlantEquipment": 9377066, "goodWill": 21912596, "intangibleAssets": 58118869, "otherAssets": 15522199, "deferredLongTermAssetCharges": 3366416, "totalAssets": 265512655, "accountsPayable": 62221219, "shortLongTermDebt": 282365, "otherCurrentLiab": 18526714, "longTermDebt": 2210796, "otherLiab": 4562571, "totalCurrentLiabilities": 120026130, "totalLiab": 126799497, "commonStock": 105119000, "retainedEarnings": 9780158, "treasuryStock": 23814000, "otherStockholderEquity": 23814000, "totalStockholderEquity": 138713158, "netTangibleAssets": 58681693}, {"maxAge": 1, "endDate": "2019-03-31", "cash": 27084375, "netReceivables": 105632325, "inventory": 42926222, "otherCurrentAssets": 14615143, "totalCurrentAssets": 190258065, "propertyPlantEquipment": 10463728, "goodWill": 21912596, "intangibleAssets": 58705135, "otherAssets": 14257795, "deferredLongTermAssetCharges": 3265412, "totalAssets": 295597319, "accountsPayable": 53330670, "shortLongTermDebt": 2911744, "otherCurrentLiab": 20804575, "longTermDebt": 2493164, "otherLiab": 4017675, "totalCurrentLiabilities": 152908044, "totalLiab": 159418883, "commonStock": 105119000, "retainedEarnings": 7245436, "treasuryStock": 23814000, "otherStockholderEquity": 23814000, "totalStockholderEquity": 136178436, "netTangibleAssets": 55560705}, {"maxAge": 1, "endDate": "2018-03-31", "cash": 16805925, "netReceivables": 76155971, "inventory": 36382089, "otherCurrentAssets": 17095382, "totalCurrentAssets": 146439367, "propertyPlantEquipment": 12706228, "goodWill": 21912596, "intangibleAssets": 59619411, "otherAssets": 17347739, "deferredLongTermAssetCharges": 3023607, "totalAssets": 258025341, "accountsPayable": 55105469, "shortLongTermDebt": 4487764, "otherCurrentLiab": 14462179, "longTermDebt": 5519164, "otherLiab": 3400875, "totalCurrentLiabilities": 117659449, "totalLiab": 126579488, "commonStock": 105119000, "retainedEarnings": 2512853, "treasuryStock": 23814000, "otherStockholderEquity": 23814000, "totalStockholderEquity": 131445853, "netTangibleAssets": 49913846}, {"maxAge": 1, "endDate": "2017-03-31", "cash": 26934044, "netReceivables": 48691699, "inventory": 2630000, "otherCurrentAssets": 14237206, "totalCurrentAssets": 92492949, "propertyPlantEquipment": 14272348, "goodWill": 21912596, "intangibleAssets": 60841473, "otherAssets": 29930730, "deferredLongTermAssetCharges": 3323907, "totalAssets": 219450096, "accountsPayable": 14926579, "shortLongTermDebt": 1242973, "otherCurrentLiab": 4155260, "longTermDebt": 6415696, "otherLiab": 3243900, "totalCurrentLiabilities": 55796785, "totalLiab": 65456381, "commonStock": 105119000, "retainedEarnings": 25060715, "treasuryStock": 23814000, "otherStockholderEquity": 23814000, "totalStockholderEquity": 153993715, "netTangibleAssets": 71239646}], "maxAge": 86400}, "financialData": {"maxAge": 86400, "currentPrice": 3.1, "recommendationKey": "none", "grossProfits": 72584666, "financialCurrency": "INR"}}}