{"OPTIFIN.BO": {"cashflowStatementHistory": {"cashflowStatements": [{"maxAge": 1, "endDate": "2020-03-31", "netIncome": 16004000, "depreciation": 4793000, "changeToNetincome": 14635000, "changeToLiabilities": 33623000, "changeToInventory": -58684000, "changeToOperatingActivities": -59386000, "totalCashFromOperatingActivities": -49015000, "capitalExpenditures": -73377000, "investments": 5800000, "otherCashflowsFromInvestingActivities": 5786000, "totalCashflowsFromInvestingActivities": -21463000, "netBorrowings": 2607000, "otherCashflowsFromFinancingActivities": 65871000, "totalCashFromFinancingActivities": 68478000, "changeInCash": -2000000}, {"maxAge": 1, "endDate": "2019-03-31", "netIncome": 16351000, "depreciation": 1571000, "changeToNetincome": 31508000, "changeToLiabilities": 13768000, "changeToInventory": 8382000, "changeToOperatingActivities": -51467000, "totalCashFromOperatingActivities": 20113000, "capitalExpenditures": -27000, "investments": -20418000, "otherCashflowsFromInvestingActivities": 565000, "totalCashflowsFromInvestingActivities": -25829000, "netBorrowings": 16647000, "otherCashflowsFromFinancingActivities": -9082000, "totalCashFromFinancingActivities": 7565000, "changeInCash": 1849000}, {"maxAge": 1, "endDate": "2018-03-31", "netIncome": 9814670, "depreciation": 1031081, "changeToNetincome": 12457910, "changeToLiabilities": 11980246, "changeToInventory": 16016869, "changeToOperatingActivities": -89974260, "totalCashFromOperatingActivities": -38673484, "capitalExpenditures": -11682871, "investments": -21930749, "otherCashflowsFromInvestingActivities": 565000, "totalCashflowsFromInvestingActivities": -33613620, "netBorrowings": 18929943, "otherCashflowsFromFinancingActivities": -5606853, "totalCashFromFinancingActivities": 43023090, "changeInCash": -29264015, "issuanceOfStock": 29700000}, {"maxAge": 1, "endDate": "2017-03-31", "netIncome": 7683221, "depreciation": 284997, "changeToNetincome": 3976289, "changeToLiabilities": 8420432, "changeToInventory": -17024645, "changeToOperatingActivities": -77062829, "totalCashFromOperatingActivities": -73722535, "capitalExpenditures": -17817218, "investments": 7500000, "otherCashflowsFromInvestingActivities": 565000, "totalCashflowsFromInvestingActivities": -10317218, "netBorrowings": 33518645, "otherCashflowsFromFinancingActivities": 29611853, "totalCashFromFinancingActivities": 123130498, "changeInCash": 39090745, "issuanceOfStock": 60000000}], "maxAge": 86400}, "institutionOwnership": {"maxAge": 1, "ownershipList": []}, "balanceSheetHistoryQuarterly": {"balanceSheetStatements": [{"maxAge": 1, "endDate": "2020-06-30", "totalStockholderEquity": 151845000, "netTangibleAssets": 124430000}, {"maxAge": 1, "endDate": "2020-03-31", "cash": 10197000, "netReceivables": 230819000, "otherCurrentAssets": 30879000, "totalCurrentAssets": 356743000, "propertyPlantEquipment": 79212000, "goodWill": 27415000, "otherAssets": 18708000, "totalAssets": 482078000, "accountsPayable": 68437000, "otherCurrentLiab": 26756000, "longTermDebt": 64593000, "otherLiab": 2674000, "minorityInterest": 145059000, "totalCurrentLiabilities": 115396000, "totalLiab": 185174000, "commonStock": 55723000, "retainedEarnings": 18977000, "treasuryStock": 19812000, "capitalSurplus": 57333000, "otherStockholderEquity": 19812000, "totalStockholderEquity": 151845000, "netTangibleAssets": 124430000}, {"maxAge": 1, "endDate": "2019-12-31", "totalStockholderEquity": 138427000, "netTangibleAssets": 138427000}, {"maxAge": 1, "endDate": "2019-09-30", "cash": 5913000, "netReceivables": 215205000, "inventory": 5024000, "totalCurrentAssets": 226142000, "longTermInvestments": 21928000, "propertyPlantEquipment": 17813000, "otherAssets": 46387000, "deferredLongTermAssetCharges": 101000, "totalAssets": 312270000, "accountsPayable": 19915000, "otherCurrentLiab": 3136000, "longTermDebt": 72976000, "otherLiab": 17082000, "minorityInterest": 60734000, "totalCurrentLiabilities": 23051000, "totalLiab": 113109000, "commonStock": 55723000, "treasuryStock": 82704000, "otherStockholderEquity": 82704000, "totalStockholderEquity": 138427000, "netTangibleAssets": 138427000}], "maxAge": 86400}, "indexTrend": {"maxAge": 1, "symbol": "SP5", "peRatio": 19.7411, "pegRatio": 1.34172, "estimates": [{"period": "0q", "growth": 0.549}, {"period": "+1q", "growth": 0.431}, {"period": "0y", "growth": 0.305}, {"period": "+1y", "growth": 0.109}, {"period": "+5y", "growth": 0.120859005}, {"period": "-5y"}]}, "insiderTransactions": {"transactions": [{"maxAge": 1, "shares": 435420, "filerUrl": "", "transactionText": "", "filerName": "Patel (Mukesh D)", "filerRelation": "Executive Chairman", "moneyText": "", "startDate": "2015-07-30", "ownership": "D"}, {"maxAge": 1, "shares": 1719635, "filerUrl": "", "transactionText": "", "filerName": "Sukruti Infratech Pvt. Ltd.", "filerRelation": "UNREPORTED", "moneyText": "", "startDate": "2015-07-30", "ownership": "D"}, {"maxAge": 1, "shares": 126125, "filerUrl": "", "transactionText": "", "filerName": "Patel (Niraj M)", "filerRelation": "Promoter", "moneyText": "", "startDate": "2015-07-30", "ownership": "D"}, {"maxAge": 1, "shares": 559520, "filerUrl": "", "transactionText": "", "filerName": "Abhigam Consultants Pvt Ltd", "filerRelation": "Promoter", "moneyText": "", "startDate": "2015-07-30", "ownership": "D"}, {"maxAge": 1, "shares": 200000, "filerUrl": "", "transactionText": "", "filerName": "Patel (Minu D)", "filerRelation": "Promoter", "moneyText": "", "startDate": "2015-07-30", "ownership": "D"}, {"maxAge": 1, "shares": 369470, "filerUrl": "", "transactionText": "", "filerName": "Patel (Dushyant D)", "filerRelation": "Director (Executive)", "moneyText": "", "startDate": "2015-07-30", "ownership": "D"}, {"maxAge": 1, "shares": 10000, "filerUrl": "", "transactionText": "", "filerName": "Patel (Mahendra K)", "filerRelation": "Promoter", "moneyText": "", "startDate": "2014-12-26", "ownership": "D"}, {"maxAge": 1, "shares": 161750, "filerUrl": "", "transactionText": "", "filerName": "Patel (Minaxi Madhuhai)", "filerRelation": "Promoter", "moneyText": "", "startDate": "2014-12-26", "ownership": "D"}, {"maxAge": 1, "shares": 69775, "filerUrl": "", "transactionText": "", "filerName": "Patel (Grishma N)", "filerRelation": "Promoter", "moneyText": "", "startDate": "2014-12-26", "ownership": "D"}, {"maxAge": 1, "shares": 69775, "filerUrl": "", "transactionText": "", "filerName": "Patel (Neha N)", "filerRelation": "Promoter", "moneyText": "", "startDate": "2014-12-26", "ownership": "D"}, {"maxAge": 1, "shares": 126125, "filerUrl": "", "transactionText": "", "filerName": "Patel (Nikhil M)", "filerRelation": "Promoter", "moneyText": "", "startDate": "2014-12-26", "ownership": "D"}, {"maxAge": 1, "shares": 3000, "filerUrl": "", "transactionText": "", "filerName": "Dave (Tarlika P)", "filerRelation": "Promoter", "moneyText": "", "startDate": "2014-12-26", "ownership": "D"}, {"maxAge": 1, "shares": 238600, "filerUrl": "", "transactionText": "", "filerName": "Patel (Pranav D)", "filerRelation": "Promoter", "moneyText": "", "startDate": "2014-12-26", "ownership": "D"}, {"maxAge": 1, "shares": 50000, "filerUrl": "", "transactionText": "", "filerName": "Patel (Rachana D)", "filerRelation": "Promoter", "moneyText": "", "startDate": "2014-12-26", "ownership": "D"}, {"maxAge": 1, "shares": 129550, "filerUrl": "", "transactionText": "", "filerName": "Patel (Shivani P)", "filerRelation": "Promoter", "moneyText": "", "startDate": "2014-12-26", "ownership": "D"}, {"maxAge": 1, "shares": 862575, "filerUrl": "", "transactionText": "", "filerName": "Sukruti Infratech Pvt. Ltd.", "filerRelation": "UNREPORTED", "moneyText": "", "startDate": "2014-12-26", "ownership": "D"}, {"maxAge": 1, "shares": 4000, "filerUrl": "", "transactionText": "", "filerName": "Dave (Pradeep P)", "filerRelation": "Promoter", "moneyText": "", "startDate": "2014-12-26", "ownership": "D"}], "maxAge": 1}, "quoteType": {"exchange": "BSE", "quoteType": "EQUITY", "symbol": "OPTIFIN.BO", "underlyingSymbol": "OPTIFIN.BO", "shortName": "Optimus Finance Limited", "longName": "Optimus Finance Limited", "firstTradeDateEpochUtc": "2000-01-03 09:15:00", "timeZoneFullName": "Asia/Kolkata", "timeZoneShortName": "IST", "uuid": "ea73a103-be66-3111-b73e-7597f9e9436d", "messageBoardId": null, "gmtOffSetMilliseconds": 19800000, "maxAge": 1}, "incomeStatementHistory": {"incomeStatementHistory": [{"maxAge": 1, "endDate": "2020-03-31", "totalRevenue": 318822000, "costOfRevenue": 244248000, "grossProfit": 74574000, "researchDevelopment": {}, "sellingGeneralAdministrative": 22673000, "nonRecurring": {}, "otherOperatingExpenses": 20492000, "totalOperatingExpenses": 292206000, "operatingIncome": 26616000, "totalOtherIncomeExpenseNet": 4534000, "ebit": 0, "interestExpense": {}, "incomeBeforeTax": 31150000, "incomeTaxExpense": 3977000, "minorityInterest": 145059000, "netIncomeFromContinuingOps": 27173000, "discontinuedOperations": {}, "extraordinaryItems": {}, "effectOfAccountingCharges": {}, "otherItems": {}, "netIncome": 16004000, "netIncomeApplicableToCommonShares": 16004000}, {"maxAge": 1, "endDate": "2019-03-31", "totalRevenue": 602312000, "costOfRevenue": 545928000, "grossProfit": 56384000, "researchDevelopment": {}, "sellingGeneralAdministrative": 7145000, "nonRecurring": {}, "otherOperatingExpenses": 10221000, "totalOperatingExpenses": 564865000, "operatingIncome": 37447000, "totalOtherIncomeExpenseNet": -9858000, "ebit": 0, "interestExpense": {}, "incomeBeforeTax": 27589000, "incomeTaxExpense": 4449000, "minorityInterest": 58932000, "netIncomeFromContinuingOps": 23140000, "discontinuedOperations": {}, "extraordinaryItems": {}, "effectOfAccountingCharges": {}, "otherItems": {}, "netIncome": 16351000, "netIncomeApplicableToCommonShares": 16351000}, {"maxAge": 1, "endDate": "2018-03-31", "totalRevenue": 355097072, "costOfRevenue": 313177031, "grossProfit": 41920041, "researchDevelopment": {}, "sellingGeneralAdministrative": 6667277, "nonRecurring": {}, "otherOperatingExpenses": 15180411, "totalOperatingExpenses": 336055800, "operatingIncome": 19041272, "totalOtherIncomeExpenseNet": -1456315, "ebit": 0, "interestExpense": {}, "incomeBeforeTax": 17584957, "incomeTaxExpense": 1714872, "minorityInterest": 56070374, "netIncomeFromContinuingOps": 15870085, "discontinuedOperations": {}, "extraordinaryItems": {}, "effectOfAccountingCharges": {}, "otherItems": {}, "netIncome": 9814670, "netIncomeApplicableToCommonShares": 9814670}, {"maxAge": 1, "endDate": "2017-03-31", "totalRevenue": 143226270, "costOfRevenue": 123129884, "grossProfit": 20096386, "researchDevelopment": {}, "sellingGeneralAdministrative": 2882981, "nonRecurring": {}, "otherOperatingExpenses": 6111625, "totalOperatingExpenses": 132409487, "operatingIncome": 10816783, "totalOtherIncomeExpenseNet": -1426795, "ebit": 0, "interestExpense": {}, "incomeBeforeTax": 9389988, "incomeTaxExpense": 1666638, "minorityInterest": 32802656, "netIncomeFromContinuingOps": 7723350, "discontinuedOperations": {}, "extraordinaryItems": {}, "effectOfAccountingCharges": {}, "otherItems": {}, "netIncome": 7683221, "netIncomeApplicableToCommonShares": 7683221}], "maxAge": 86400}, "fundOwnership": {"maxAge": 1, "ownershipList": []}, "summaryDetail": {"maxAge": 1, "priceHint": 2, "previousClose": 22.5, "open": 22.5, "dayLow": 22.5, "dayHigh": 22.5, "regularMarketPreviousClose": 22.5, "regularMarketOpen": 22.5, "regularMarketDayLow": 22.5, "regularMarketDayHigh": 22.5, "trailingPE": 7.7293024, "volume": 500, "regularMarketVolume": 500, "averageVolume": 1507, "averageVolume10days": 232, "averageDailyVolume10Day": 232, "bid": 0.0, "ask": 23.6, "bidSize": 0, "askSize": 0, "marketCap": 125376752, "fiftyTwoWeekLow": 18.0, "fiftyTwoWeekHigh": 31.9, "fiftyDayAverage": 25.78, "twoHundredDayAverage": 23.283213, "currency": "INR", "fromCurrency": null, "toCurrency": null, "lastMarket": null, "algorithm": null, "tradeable": false}, "incomeStatementHistoryQuarterly": {"incomeStatementHistory": [{"maxAge": 1, "endDate": "2020-06-30", "totalRevenue": 121566000, "costOfRevenue": 86452000, "grossProfit": 35114000, "researchDevelopment": {}, "sellingGeneralAdministrative": 11480000, "nonRecurring": {}, "otherOperatingExpenses": 11772000, "totalOperatingExpenses": 112897000, "operatingIncome": 8669000, "totalOtherIncomeExpenseNet": 0, "ebit": 0, "interestExpense": {}, "incomeBeforeTax": 8669000, "incomeTaxExpense": 1702000, "minorityInterest": {}, "netIncomeFromContinuingOps": 6967000, "discontinuedOperations": {}, "extraordinaryItems": {}, "effectOfAccountingCharges": {}, "otherItems": {}, "netIncome": 3293000, "netIncomeApplicableToCommonShares": 3293000}, {"maxAge": 1, "endDate": "2020-03-31", "totalRevenue": 117699000, "costOfRevenue": 81754000, "grossProfit": 35945000, "researchDevelopment": {}, "sellingGeneralAdministrative": 15106000, "nonRecurring": {}, "otherOperatingExpenses": 9814000, "totalOperatingExpenses": 110226000, "operatingIncome": 7473000, "totalOtherIncomeExpenseNet": 5137000, "ebit": 0, "interestExpense": {}, "incomeBeforeTax": 12610000, "incomeTaxExpense": 2273000, "minorityInterest": 145059000, "netIncomeFromContinuingOps": 10337000, "discontinuedOperations": {}, "extraordinaryItems": {}, "effectOfAccountingCharges": {}, "otherItems": {}, "netIncome": 5210000, "netIncomeApplicableToCommonShares": 5210000}, {"maxAge": 1, "endDate": "2019-12-31", "totalRevenue": 77970000, "costOfRevenue": 61034000, "grossProfit": 16936000, "researchDevelopment": {}, "sellingGeneralAdministrative": 3972000, "nonRecurring": {}, "otherOperatingExpenses": 4914000, "totalOperatingExpenses": 70353000, "operatingIncome": 7617000, "totalOtherIncomeExpenseNet": 136000, "ebit": 0, "interestExpense": {}, "incomeBeforeTax": 7753000, "incomeTaxExpense": 571000, "minorityInterest": 145059000, "netIncomeFromContinuingOps": 7182000, "discontinuedOperations": {}, "extraordinaryItems": {}, "effectOfAccountingCharges": {}, "otherItems": {}, "netIncome": 4604000, "netIncomeApplicableToCommonShares": 4604000}, {"maxAge": 1, "endDate": "2019-09-30", "totalRevenue": 62516000, "costOfRevenue": 50983000, "grossProfit": 11533000, "researchDevelopment": {}, "sellingGeneralAdministrative": 2146000, "nonRecurring": {}, "otherOperatingExpenses": 3350000, "totalOperatingExpenses": 56889000, "operatingIncome": 5627000, "totalOtherIncomeExpenseNet": 66000, "ebit": 0, "interestExpense": {}, "incomeBeforeTax": 5693000, "incomeTaxExpense": 816000, "minorityInterest": 60734000, "netIncomeFromContinuingOps": 4877000, "discontinuedOperations": {}, "extraordinaryItems": {}, "effectOfAccountingCharges": {}, "otherItems": {}, "netIncome": 3105000, "netIncomeApplicableToCommonShares": 3105000}], "maxAge": 86400}, "cashflowStatementHistoryQuarterly": {"cashflowStatements": [{"maxAge": 1, "endDate": "2020-06-30", "netIncome": 3293000, "changeToLiabilities": 0}, {"maxAge": 1, "endDate": "2020-03-31", "netIncome": 5210000, "changeToLiabilities": 0}, {"maxAge": 1, "endDate": "2019-12-31", "netIncome": 4604000, "changeToLiabilities": 0}, {"maxAge": 1, "endDate": "2019-09-30", "netIncome": 3105000, "changeToLiabilities": 0}], "maxAge": 86400}, "insiderHolders": {"holders": [{"maxAge": 1, "name": "Abhigam Consultants Pvt Ltd", "relation": "Promoter", "url": "", "transactionDescription": "Sale", "latestTransDate": "2015-07-30", "positionDirect": 0, "positionDirectDate": "2015-07-30"}, {"maxAge": 1, "name": "Patel (Dushyant D)", "relation": "Director (Executive)", "url": "", "transactionDescription": "Sale", "latestTransDate": "2015-07-30", "positionDirect": 0, "positionDirectDate": "2015-07-30"}, {"maxAge": 1, "name": "Patel (Grishma N)", "relation": "Promoter", "url": "", "transactionDescription": "Sale", "latestTransDate": "2014-12-26", "positionDirect": 0, "positionDirectDate": "2014-12-26"}, {"maxAge": 1, "name": "Patel (Mahendra K)", "relation": "Promoter", "url": "", "transactionDescription": "Sale", "latestTransDate": "2014-12-26", "positionDirect": 0, "positionDirectDate": "2014-12-26"}, {"maxAge": 1, "name": "Patel (Minaxi Madhuhai)", "relation": "Promoter", "url": "", "transactionDescription": "Sale", "latestTransDate": "2014-12-26", "positionDirect": 0, "positionDirectDate": "2014-12-26"}, {"maxAge": 1, "name": "Patel (Minu D)", "relation": "Promoter", "url": "", "transactionDescription": "Sale", "latestTransDate": "2015-07-30", "positionDirect": 0, "positionDirectDate": "2015-07-30"}, {"maxAge": 1, "name": "Patel (Mukesh D)", "relation": "Executive Chairman", "url": "", "transactionDescription": "Sale", "latestTransDate": "2015-07-30", "positionDirect": 0, "positionDirectDate": "2015-07-30"}, {"maxAge": 1, "name": "Patel (Neha N)", "relation": "Promoter", "url": "", "transactionDescription": "Sale", "latestTransDate": "2014-12-26", "positionDirect": 0, "positionDirectDate": "2014-12-26"}, {"maxAge": 1, "name": "Patel (Niraj M)", "relation": "Promoter", "url": "", "transactionDescription": "Sale", "latestTransDate": "2015-07-30", "positionDirect": 0, "positionDirectDate": "2015-07-30"}, {"maxAge": 1, "name": "Sukruti Infratech Pvt. Ltd.", "relation": "UNREPORTED", "url": "", "transactionDescription": "Purchase", "latestTransDate": "2015-07-30", "positionDirect": 2582210, "positionDirectDate": "2015-07-30"}], "maxAge": 1}, "calendarEvents": {"maxAge": 1, "earnings": {"earningsDate": []}}, "price": {"maxAge": 1, "regularMarketChangePercent": 0.0, "regularMarketChange": 0.0, "regularMarketTime": "2021-04-29 12:44:50", "priceHint": 2, "regularMarketPrice": 22.5, "regularMarketDayHigh": 22.5, "regularMarketDayLow": 22.5, "regularMarketVolume": 500, "averageDailyVolume10Day": 232, "averageDailyVolume3Month": 1507, "regularMarketPreviousClose": 22.5, "regularMarketSource": "FREE_REALTIME", "regularMarketOpen": 22.5, "exchange": "BSE", "exchangeName": "BSE", "exchangeDataDelayedBy": 0, "marketState": "CLOSED", "quoteType": "EQUITY", "symbol": "OPTIFIN.BO", "underlyingSymbol": null, "shortName": "Optimus Finance Limited", "longName": "Optimus Finance Limited", "currency": "INR", "quoteSourceName": "Delayed Quote", "currencySymbol": "\u20b9", "fromCurrency": null, "toCurrency": null, "lastMarket": null, "marketCap": 125376752}, "balanceSheetHistory": {"balanceSheetStatements": [{"maxAge": 1, "endDate": "2020-03-31", "cash": 10197000, "netReceivables": 230819000, "otherCurrentAssets": 30879000, "totalCurrentAssets": 356743000, "propertyPlantEquipment": 79212000, "goodWill": 27415000, "otherAssets": 18708000, "totalAssets": 482078000, "accountsPayable": 68437000, "otherCurrentLiab": 26756000, "longTermDebt": 64593000, "otherLiab": 2674000, "minorityInterest": 145059000, "totalCurrentLiabilities": 115396000, "totalLiab": 185174000, "commonStock": 55723000, "retainedEarnings": 18977000, "treasuryStock": 19812000, "capitalSurplus": 57333000, "otherStockholderEquity": 19812000, "totalStockholderEquity": 151845000, "netTangibleAssets": 124430000}, {"maxAge": 1, "endDate": "2019-03-31", "cash": 12197000, "netReceivables": 233190000, "otherCurrentAssets": 13462000, "totalCurrentAssets": 287913000, "longTermInvestments": 831000, "propertyPlantEquipment": 17342000, "otherAssets": 9306000, "totalAssets": 315392000, "accountsPayable": 34952000, "otherCurrentLiab": 10531000, "longTermDebt": 56100000, "otherLiab": 440000, "minorityInterest": 58932000, "totalCurrentLiabilities": 66686000, "totalLiab": 123226000, "commonStock": 55723000, "retainedEarnings": 661000, "treasuryStock": 19518000, "capitalSurplus": 57332000, "otherStockholderEquity": 19518000, "totalStockholderEquity": 133234000, "netTangibleAssets": 133234000}, {"maxAge": 1, "endDate": "2018-03-31", "cash": 13682571, "netReceivables": 163866492, "otherCurrentAssets": 15882232, "totalCurrentAssets": 206837898, "longTermInvestments": 21620613, "propertyPlantEquipment": 27992571, "otherAssets": 1690597, "deferredLongTermAssetCharges": 71025, "totalAssets": 258141679, "accountsPayable": 21183748, "shortLongTermDebt": 973297, "otherCurrentLiab": 4212340, "longTermDebt": 25715024, "otherLiab": 21642, "minorityInterest": 56070374, "totalCurrentLiabilities": 61527442, "totalLiab": 87264108, "commonStock": 55723000, "retainedEarnings": -10734364, "treasuryStock": 12485661, "capitalSurplus": 57332900, "otherStockholderEquity": 12485661, "totalStockholderEquity": 114807197, "netTangibleAssets": 114807197}, {"maxAge": 1, "endDate": "2017-03-31", "cash": 39711923, "netReceivables": 67500985, "otherCurrentAssets": 18807612, "totalCurrentAssets": 155443992, "longTermInvestments": 2400000, "propertyPlantEquipment": 3365784, "otherAssets": 15407497, "deferredLongTermAssetCharges": 503500, "totalAssets": 176617273, "accountsPayable": 8543221, "shortLongTermDebt": 212447, "otherCurrentLiab": 2018223, "longTermDebt": 16150750, "otherLiab": 32712, "minorityInterest": 32802656, "totalCurrentLiabilities": 35124289, "totalLiab": 51307751, "commonStock": 55723000, "retainedEarnings": -24439680, "treasuryStock": 3890646, "capitalSurplus": 57332900, "otherStockholderEquity": 3890646, "totalStockholderEquity": 92506866, "netTangibleAssets": 92506866}], "maxAge": 86400}, "financialData": {"maxAge": 86400, "currentPrice": 22.5, "recommendationKey": "none", "grossProfits": 74574000, "financialCurrency": "INR"}}}