{"OPTIEMUS.NS": {"assetProfile": {"address1": "Plot No. 2A", "address2": "First Floor Wing A Sector-126", "city": "Noida", "zip": "201301", "country": "India", "phone": "91 12 0672 6800", "fax": "91 12 0672 6895", "website": "http://www.optiemus.com", "industry": "Electronics & Computer Distribution", "sector": "Technology", "longBusinessSummary": "Optiemus Infracom Limited trades in mobile handsets and mobile accessories in India and internationally. The company provides Blackberry, Zen, and Kult mobile devices; OptiSafe, a technology-based personal security and safety devices; and smartphone accessories under the Molife brand names, as well as engages in booking of hotel rooms through online portal. It also rents immovable property. The company was formerly known as Akanksha Cellular Limited and changed its name to Optiemus Infracom Limited in June 2011. Optiemus Infracom Limited was incorporated in 1993 and is based in Noida, India.", "fullTimeEmployees": 80, "companyOfficers": [{"maxAge": 1, "name": "Mr. Ashok Kumar Gupta", "age": 62, "title": "Exec. Chairman", "yearBorn": 1958, "fiscalYear": 2020, "totalPay": 0, "exercisedValue": 0, "unexercisedValue": 0}, {"maxAge": 1, "name": "Mr. Parveen  Sharma", "age": 52, "title": "Chief Financial Officer", "yearBorn": 1968, "fiscalYear": 2020, "totalPay": 3902472, "exercisedValue": 0, "unexercisedValue": 0}, {"maxAge": 1, "name": "Mr. Vikas  Chandra", "age": 40, "title": "Compliance Officer & Company Sec.", "yearBorn": 1980, "fiscalYear": 2020, "totalPay": 2045000, "exercisedValue": 0, "unexercisedValue": 0}, {"maxAge": 1, "name": "Apurba  Chakraborty", "age": 52, "title": "VP of Sales & Operations", "yearBorn": 1968, "fiscalYear": 2017, "exercisedValue": 0, "unexercisedValue": 0}, {"maxAge": 1, "name": "Mr. Amit  Mahajan", "age": 42, "title": "Sr. Mang. of Legal", "yearBorn": 1978, "exercisedValue": 0, "unexercisedValue": 0}, {"maxAge": 1, "name": "Ms. Ragini  Bhandari", "age": 38, "title": "Sr. Mang. of HR", "yearBorn": 1982, "exercisedValue": 0, "unexercisedValue": 0}, {"maxAge": 1, "name": "Ms. Renu  Gupta", "age": 56, "title": "Director of Bus. Relation & Non-Exec. Director", "yearBorn": 1964, "fiscalYear": 2019, "exercisedValue": 0, "unexercisedValue": 0}], "compensationAsOfEpochDate": "2020-12-31 05:30:00", "maxAge": 86400}, "cashflowStatementHistory": {"cashflowStatements": [{"maxAge": 1, "endDate": "2020-03-31", "netIncome": -848500000, "depreciation": 88300000, "changeToNetincome": 859100000, "changeToAccountReceivables": 1460600000, "changeToLiabilities": -1677700000, "changeToInventory": 530100000, "totalCashFromOperatingActivities": 435600000, "capitalExpenditures": -13900000, "investments": -29000000, "otherCashflowsFromInvestingActivities": 16500000, "totalCashflowsFromInvestingActivities": -71200000, "netBorrowings": -221000000, "otherCashflowsFromFinancingActivities": -247100000, "totalCashFromFinancingActivities": -468100000, "changeInCash": -103700000}, {"maxAge": 1, "endDate": "2019-03-31", "netIncome": -594000000, "depreciation": 152200000, "changeToNetincome": 1173600000, "changeToAccountReceivables": -1049600000, "changeToLiabilities": 77500000, "changeToInventory": 953600000, "totalCashFromOperatingActivities": 733100000, "capitalExpenditures": -66100000, "investments": -228600000, "otherCashflowsFromInvestingActivities": 116200000, "totalCashflowsFromInvestingActivities": 566300000, "netBorrowings": -1343600000, "otherCashflowsFromFinancingActivities": -423600000, "totalCashFromFinancingActivities": -1767200000, "changeInCash": -467800000}, {"maxAge": 1, "endDate": "2018-04-01", "netIncome": 138600000, "depreciation": 153000000, "changeToNetincome": 233400000, "changeToAccountReceivables": 1130500000, "changeToLiabilities": -2723800000, "changeToInventory": 798100000, "totalCashFromOperatingActivities": -264200000, "capitalExpenditures": -50400000, "investments": -98500000, "otherCashflowsFromInvestingActivities": 107000000, "totalCashflowsFromInvestingActivities": 769500000, "netBorrowings": -693300000, "otherCashflowsFromFinancingActivities": -331600000, "totalCashFromFinancingActivities": -1024900000, "changeInCash": -232300000}, {"maxAge": 1, "endDate": "2017-03-31", "netIncome": 67400000, "depreciation": 187000000, "changeToNetincome": 326700000, "changeToAccountReceivables": 160400000, "changeToLiabilities": 643600000, "changeToInventory": -484000000, "totalCashFromOperatingActivities": 905100000, "capitalExpenditures": -214100000, "investments": -283200000, "otherCashflowsFromInvestingActivities": 25400000, "totalCashflowsFromInvestingActivities": -806600000, "netBorrowings": 362100000, "otherCashflowsFromFinancingActivities": -441200000, "totalCashFromFinancingActivities": -79100000, "changeInCash": 210100000}], "maxAge": 86400}, "institutionOwnership": {"ownershipList": [], "maxAge": 1}, "majorHoldersBreakdown": {"maxAge": 1, "insidersPercentHeld": 0.41957, "institutionsPercentHeld": 0.0, "institutionsFloatPercentHeld": 0.0, "institutionsCount": 0}, "balanceSheetHistoryQuarterly": {"balanceSheetStatements": [{"maxAge": 1, "endDate": "2020-12-31", "totalStockholderEquity": 2272800000, "netTangibleAssets": 2266800000}, {"maxAge": 1, "endDate": "2020-09-30", "cash": 266900000, "shortTermInvestments": 2500000, "netReceivables": 2333800000, "inventory": 56900000, "otherCurrentAssets": 408300000, "totalCurrentAssets": 3068400000, "longTermInvestments": 332300000, "propertyPlantEquipment": 284400000, "goodWill": 4700000, "intangibleAssets": 1300000, "otherAssets": 1813800000, "deferredLongTermAssetCharges": 237200000, "totalAssets": 5504900000, "accountsPayable": 666700000, "otherCurrentLiab": 355700000, "longTermDebt": 1739400000, "otherLiab": 58300000, "minorityInterest": -22900000, "totalCurrentLiabilities": 1457300000, "totalLiab": 3255000000, "commonStock": 858100000, "treasuryStock": 1414700000, "otherStockholderEquity": 1414700000, "totalStockholderEquity": 2272800000, "netTangibleAssets": 2266800000}, {"maxAge": 1, "endDate": "2020-06-30", "totalStockholderEquity": 2356900000, "netTangibleAssets": 2350300000}, {"maxAge": 1, "endDate": "2020-03-31", "cash": 67000000, "shortTermInvestments": 152200000, "netReceivables": 2600300000, "inventory": 81700000, "otherCurrentAssets": 308000000, "totalCurrentAssets": 3262700000, "longTermInvestments": 357400000, "propertyPlantEquipment": 307500000, "goodWill": 4700000, "intangibleAssets": 1900000, "otherAssets": 1818500000, "deferredLongTermAssetCharges": 220700000, "totalAssets": 5752700000, "accountsPayable": 857600000, "shortLongTermDebt": 119400000, "otherCurrentLiab": 52500000, "longTermDebt": 1798200000, "otherLiab": 56100000, "minorityInterest": -9000000, "totalCurrentLiabilities": 1550500000, "totalLiab": 3404800000, "commonStock": 858100000, "treasuryStock": 1498800000, "otherStockholderEquity": 1498800000, "totalStockholderEquity": 2356900000, "netTangibleAssets": 2350300000}], "maxAge": 86400}, "indexTrend": {"maxAge": 1, "symbol": "SP5", "peRatio": 19.7411, "pegRatio": 1.34172, "estimates": [{"period": "0q", "growth": 0.549}, {"period": "+1q", "growth": 0.431}, {"period": "0y", "growth": 0.305}, {"period": "+1y", "growth": 0.109}, {"period": "+5y", "growth": 0.120865}, {"period": "-5y"}]}, "defaultKeyStatistics": {"maxAge": 1, "priceHint": 2, "enterpriseValue": 13205182464, "profitMargins": -0.33359, "floatShares": 6190636, "sharesOutstanding": 85814200, "heldPercentInsiders": 0.41957, "heldPercentInstitutions": 0.0, "beta": 1.608953, "category": null, "bookValue": 26.485, "priceToBook": 5.0330377, "fundFamily": null, "legalType": null, "lastFiscalYearEnd": "2020-03-31 05:30:00", "nextFiscalYearEnd": "2022-03-31 05:30:00", "mostRecentQuarter": "2020-12-31 05:30:00", "netIncomeToCommon": -512300000, "trailingEps": -6.082, "lastSplitFactor": null, "enterpriseToRevenue": 8.599, "enterpriseToEbitda": -53.457}, "summaryProfile": {"address1": "Plot No. 2A", "address2": "First Floor Wing A Sector-126", "city": "Noida", "zip": "201301", "country": "India", "phone": "91 12 0672 6800", "fax": "91 12 0672 6895", "website": "http://www.optiemus.com", "industry": "Electronics & Computer Distribution", "sector": "Technology", "longBusinessSummary": "Optiemus Infracom Limited trades in mobile handsets and mobile accessories in India and internationally. The company provides Blackberry, Zen, and Kult mobile devices; OptiSafe, a technology-based personal security and safety devices; and smartphone accessories under the Molife brand names, as well as engages in booking of hotel rooms through online portal. It also rents immovable property. The company was formerly known as Akanksha Cellular Limited and changed its name to Optiemus Infracom Limited in June 2011. Optiemus Infracom Limited was incorporated in 1993 and is based in Noida, India.", "fullTimeEmployees": 80, "companyOfficers": [], "maxAge": 86400}, "netSharePurchaseActivity": {"maxAge": 1, "period": "6m", "buyInfoCount": 0, "buyInfoShares": 0, "sellInfoCount": 0, "netInfoCount": 0, "netInfoShares": 0, "netPercentInsiderShares": 0.0, "totalInsiderShares": 36005060}, "quoteType": {"exchange": "NSI", "quoteType": "EQUITY", "symbol": "OPTIEMUS.NS", "underlyingSymbol": "OPTIEMUS.NS", "shortName": "OPTIEMUS INFRACOM", "longName": "Optiemus Infracom Limited", "firstTradeDateEpochUtc": "2017-08-08 09:15:00", "timeZoneFullName": "Asia/Kolkata", "timeZoneShortName": "IST", "uuid": "351c2a01-8fb9-37a6-aef7-c26402dcc24b", "gmtOffSetMilliseconds": 19800000, "maxAge": 1}, "incomeStatementHistory": {"incomeStatementHistory": [{"maxAge": 1, "endDate": "2020-03-31", "totalRevenue": 3728400000, "costOfRevenue": 3175000000, "grossProfit": 553400000, "researchDevelopment": {}, "sellingGeneralAdministrative": 163900000, "nonRecurring": {}, "otherOperatingExpenses": 766800000, "totalOperatingExpenses": 4217700000, "operatingIncome": -489300000, "totalOtherIncomeExpenseNet": -419200000, "ebit": -489300000, "interestExpense": -185800000, "incomeBeforeTax": -908500000, "incomeTaxExpense": -60000000, "minorityInterest": -9000000, "netIncomeFromContinuingOps": -848500000, "discontinuedOperations": {}, "extraordinaryItems": {}, "effectOfAccountingCharges": {}, "otherItems": {}, "netIncome": -848500000, "netIncomeApplicableToCommonShares": -848500000}, {"maxAge": 1, "endDate": "2019-03-31", "totalRevenue": 11959700000, "costOfRevenue": 10699100000, "grossProfit": 1260600000, "researchDevelopment": {}, "sellingGeneralAdministrative": 669400000, "nonRecurring": {}, "otherOperatingExpenses": 1008600000, "totalOperatingExpenses": 12549100000, "operatingIncome": -589400000, "totalOtherIncomeExpenseNet": 198600000, "ebit": -589400000, "interestExpense": -272800000, "incomeBeforeTax": -390800000, "incomeTaxExpense": 23300000, "minorityInterest": 300000, "netIncomeFromContinuingOps": -414100000, "discontinuedOperations": -179900000, "extraordinaryItems": {}, "effectOfAccountingCharges": {}, "otherItems": {}, "netIncome": -594000000, "netIncomeApplicableToCommonShares": -594000000}, {"maxAge": 1, "endDate": "2018-04-01", "totalRevenue": 7220800000, "costOfRevenue": 5422000000, "grossProfit": 1798800000, "researchDevelopment": {}, "sellingGeneralAdministrative": 487600000, "nonRecurring": {}, "otherOperatingExpenses": 744400000, "totalOperatingExpenses": 6812600000, "operatingIncome": 408200000, "totalOtherIncomeExpenseNet": -184400000, "ebit": 408200000, "interestExpense": -326700000, "incomeBeforeTax": 223800000, "incomeTaxExpense": 61200000, "minorityInterest": -45600000, "netIncomeFromContinuingOps": 162600000, "discontinuedOperations": -24000000, "extraordinaryItems": {}, "effectOfAccountingCharges": {}, "otherItems": {}, "netIncome": 138600000, "netIncomeApplicableToCommonShares": 138600000}, {"maxAge": 1, "endDate": "2017-03-31", "totalRevenue": 15491200000, "costOfRevenue": 14137100000, "grossProfit": 1354100000, "researchDevelopment": {}, "sellingGeneralAdministrative": 406600000, "nonRecurring": {}, "otherOperatingExpenses": 420700000, "totalOperatingExpenses": 15155500000, "operatingIncome": 335700000, "totalOtherIncomeExpenseNet": -225600000, "ebit": 335700000, "interestExpense": -437300000, "incomeBeforeTax": 110100000, "incomeTaxExpense": 42700000, "minorityInterest": 30400000, "netIncomeFromContinuingOps": 67400000, "discontinuedOperations": -24000000, "extraordinaryItems": {}, "effectOfAccountingCharges": {}, "otherItems": {}, "netIncome": 67400000, "netIncomeApplicableToCommonShares": 67400000}], "maxAge": 86400}, "fundOwnership": {"ownershipList": [], "maxAge": 1}, "summaryDetail": {"maxAge": 1, "priceHint": 2, "previousClose": 131.95, "open": 129.5, "dayLow": 129.5, "dayHigh": 136.95, "regularMarketPreviousClose": 131.95, "regularMarketOpen": 129.5, "regularMarketDayLow": 129.5, "regularMarketDayHigh": 136.95, "payoutRatio": 0.0, "beta": 1.608953, "volume": 86743, "regularMarketVolume": 86743, "averageVolume": 88245, "averageVolume10days": 57561, "averageDailyVolume10Day": 57561, "bid": 0.0, "ask": 0.0, "bidSize": 0, "askSize": 0, "marketCap": 11265650688, "fiftyTwoWeekLow": 14.4, "fiftyTwoWeekHigh": 208.55, "priceToSalesTrailing12Months": 7.3358407, "fiftyDayAverage": 152.69559, "twoHundredDayAverage": 103.701065, "currency": "INR", "fromCurrency": null, "lastMarket": null, "algorithm": null, "tradeable": false}, "incomeStatementHistoryQuarterly": {"incomeStatementHistory": [{"maxAge": 1, "endDate": "2020-12-31", "totalRevenue": 415900000, "costOfRevenue": 298900000, "grossProfit": 117000000, "researchDevelopment": {}, "sellingGeneralAdministrative": 14900000, "nonRecurring": {}, "otherOperatingExpenses": 43300000, "totalOperatingExpenses": 373600000, "operatingIncome": 42300000, "totalOtherIncomeExpenseNet": -15100000, "ebit": 42300000, "interestExpense": -55200000, "incomeBeforeTax": 27200000, "incomeTaxExpense": -7000000, "minorityInterest": {}, "netIncomeFromContinuingOps": 34200000, "discontinuedOperations": {}, "extraordinaryItems": {}, "effectOfAccountingCharges": {}, "otherItems": {}, "netIncome": 34200000, "netIncomeApplicableToCommonShares": 34200000}, {"maxAge": 1, "endDate": "2020-09-30", "totalRevenue": 472500000, "costOfRevenue": 369100000, "grossProfit": 103400000, "researchDevelopment": {}, "sellingGeneralAdministrative": 14300000, "nonRecurring": {}, "otherOperatingExpenses": 94000000, "totalOperatingExpenses": 495500000, "operatingIncome": -23000000, "totalOtherIncomeExpenseNet": 5900000, "ebit": -23000000, "interestExpense": -59900000, "incomeBeforeTax": -17100000, "incomeTaxExpense": -17600000, "minorityInterest": -22900000, "netIncomeFromContinuingOps": 500000, "discontinuedOperations": {}, "extraordinaryItems": {}, "effectOfAccountingCharges": {}, "otherItems": {}, "netIncome": 500000, "netIncomeApplicableToCommonShares": 500000}, {"maxAge": 1, "endDate": "2020-06-30", "totalRevenue": 226400000, "costOfRevenue": 118100000, "grossProfit": 108300000, "researchDevelopment": {}, "sellingGeneralAdministrative": 9500000, "nonRecurring": {}, "otherOperatingExpenses": 116400000, "totalOperatingExpenses": 262000000, "operatingIncome": -35600000, "totalOtherIncomeExpenseNet": -64900000, "ebit": -35600000, "interestExpense": -60700000, "incomeBeforeTax": -100500000, "incomeTaxExpense": -1200000, "minorityInterest": -22900000, "netIncomeFromContinuingOps": -99300000, "discontinuedOperations": {}, "extraordinaryItems": {}, "effectOfAccountingCharges": {}, "otherItems": {}, "netIncome": -99300000, "netIncomeApplicableToCommonShares": -99300000}, {"maxAge": 1, "endDate": "2020-03-31", "totalRevenue": 420900000, "costOfRevenue": 279800000, "grossProfit": 141100000, "researchDevelopment": {}, "sellingGeneralAdministrative": 33600000, "nonRecurring": {}, "otherOperatingExpenses": 351300000, "totalOperatingExpenses": 692100000, "operatingIncome": -271200000, "totalOtherIncomeExpenseNet": -134800000, "ebit": -271200000, "interestExpense": -60700000, "incomeBeforeTax": -406000000, "incomeTaxExpense": 41700000, "minorityInterest": -9000000, "netIncomeFromContinuingOps": -447700000, "discontinuedOperations": {}, "extraordinaryItems": {}, "effectOfAccountingCharges": {}, "otherItems": {}, "netIncome": -447700000, "netIncomeApplicableToCommonShares": -447700000}], "maxAge": 86400}, "cashflowStatementHistoryQuarterly": {"cashflowStatements": [{"maxAge": 1, "endDate": "2020-12-31", "netIncome": 34200000, "changeToLiabilities": 0}, {"maxAge": 1, "endDate": "2020-09-30", "netIncome": 500000, "changeToLiabilities": 0}, {"maxAge": 1, "endDate": "2020-06-30", "netIncome": -99300000, "changeToLiabilities": 0}, {"maxAge": 1, "endDate": "2020-03-31", "netIncome": -447700000, "changeToLiabilities": 0}], "maxAge": 86400}, "insiderHolders": {"holders": [], "maxAge": 1}, "calendarEvents": {"maxAge": 1, "earnings": {"earningsDate": []}}, "upgradeDowngradeHistory": {"history": [], "maxAge": 86400}, "price": {"maxAge": 1, "regularMarketChangePercent": 0.010231194, "regularMarketChange": 1.3500061, "regularMarketTime": "2021-04-30 15:29:35", "priceHint": 2, "regularMarketPrice": 133.3, "regularMarketDayHigh": 136.95, "regularMarketDayLow": 129.5, "regularMarketVolume": 86743, "averageDailyVolume10Day": 57561, "averageDailyVolume3Month": 88245, "regularMarketPreviousClose": 131.95, "regularMarketSource": "FREE_REALTIME", "regularMarketOpen": 129.5, "exchange": "NSI", "exchangeName": "NSE", "exchangeDataDelayedBy": 15, "marketState": "CLOSED", "quoteType": "EQUITY", "symbol": "OPTIEMUS.NS", "underlyingSymbol": null, "shortName": "OPTIEMUS INFRACOM", "longName": "Optiemus Infracom Limited", "currency": "INR", "quoteSourceName": "Delayed Quote", "currencySymbol": "\u20b9", "fromCurrency": null, "lastMarket": null, "marketCap": 11265650688}, "balanceSheetHistory": {"balanceSheetStatements": [{"maxAge": 1, "endDate": "2020-03-31", "cash": 67000000, "shortTermInvestments": 152200000, "netReceivables": 2600300000, "inventory": 81700000, "otherCurrentAssets": 308000000, "totalCurrentAssets": 3262700000, "longTermInvestments": 357400000, "propertyPlantEquipment": 307500000, "goodWill": 4700000, "intangibleAssets": 1900000, "otherAssets": 1818500000, "deferredLongTermAssetCharges": 220700000, "totalAssets": 5752700000, "accountsPayable": 857600000, "shortLongTermDebt": 119400000, "otherCurrentLiab": 52500000, "longTermDebt": 1798200000, "otherLiab": 56100000, "minorityInterest": -9000000, "totalCurrentLiabilities": 1550500000, "totalLiab": 3404800000, "commonStock": 858100000, "treasuryStock": 1498800000, "otherStockholderEquity": 1498800000, "totalStockholderEquity": 2356900000, "netTangibleAssets": 2350300000}, {"maxAge": 1, "endDate": "2019-03-31", "cash": 170700000, "shortTermInvestments": 80600000, "netReceivables": 4340700000, "inventory": 611800000, "otherCurrentAssets": 425100000, "totalCurrentAssets": 5708100000, "longTermInvestments": 628200000, "propertyPlantEquipment": 357700000, "goodWill": 4700000, "intangibleAssets": 39200000, "otherAssets": 1813000000, "deferredLongTermAssetCharges": 160900000, "totalAssets": 8550900000, "accountsPayable": 2288600000, "shortLongTermDebt": 145100000, "otherCurrentLiab": 258100000, "longTermDebt": 1998600000, "otherLiab": 56200000, "minorityInterest": 300000, "totalCurrentLiabilities": 3283400000, "totalLiab": 5338200000, "commonStock": 858100000, "treasuryStock": 2354300000, "otherStockholderEquity": 2354300000, "totalStockholderEquity": 3212400000, "netTangibleAssets": 3168500000}, {"maxAge": 1, "endDate": "2018-04-01", "cash": 638500000, "shortTermInvestments": 302100000, "netReceivables": 3679500000, "inventory": 1565500000, "otherCurrentAssets": 668200000, "totalCurrentAssets": 6932300000, "longTermInvestments": 124300000, "propertyPlantEquipment": 573600000, "goodWill": 418200000, "intangibleAssets": 41100000, "otherAssets": 1971800000, "deferredLongTermAssetCharges": 173000000, "totalAssets": 10061300000, "accountsPayable": 2255900000, "shortLongTermDebt": 143400000, "otherCurrentLiab": 540100000, "longTermDebt": 2431800000, "otherLiab": 31400000, "minorityInterest": -45600000, "totalCurrentLiabilities": 4537400000, "totalLiab": 7000600000, "commonStock": 858100000, "retainedEarnings": 1878900000, "treasuryStock": 369300000, "otherStockholderEquity": 369300000, "totalStockholderEquity": 3106300000, "netTangibleAssets": 2647000000}, {"maxAge": 1, "endDate": "2017-03-31", "cash": 870800000, "shortTermInvestments": 115200000, "netReceivables": 5263200000, "inventory": 1245500000, "otherCurrentAssets": 440100000, "totalCurrentAssets": 7944200000, "longTermInvestments": 168300000, "propertyPlantEquipment": 1797200000, "intangibleAssets": 11900000, "otherAssets": 629000000, "deferredLongTermAssetCharges": 89600000, "totalAssets": 10550600000, "accountsPayable": 2999100000, "shortLongTermDebt": 32000000, "otherCurrentLiab": 171300000, "longTermDebt": 2192700000, "otherLiab": 6100000, "minorityInterest": 30400000, "totalCurrentLiabilities": 5394900000, "totalLiab": 7593700000, "commonStock": 858100000, "retainedEarnings": 1697300000, "treasuryStock": 371100000, "otherStockholderEquity": 371100000, "totalStockholderEquity": 2926500000, "netTangibleAssets": 2914600000}], "maxAge": 86400}, "financialData": {"maxAge": 86400, "currentPrice": 133.3, "recommendationKey": "none", "totalCash": 269400000, "totalCashPerShare": 3.139, "ebitda": -247024992, "totalDebt": 2174299904, "totalRevenue": 1535699968, "debtToEquity": 96.64, "revenuePerShare": 18.232, "grossProfits": 553400000, "revenueGrowth": -0.534, "grossMargins": 0.30592, "ebitdaMargins": -0.16084999, "operatingMargins": -0.18715, "profitMargins": -0.33359, "financialCurrency": "INR"}}}