{"ORIBEVER.BO": {"cashflowStatementHistory": {"cashflowStatements": [{"maxAge": 1, "endDate": "2020-03-31", "netIncome": 4100000, "depreciation": 15600000, "changeToNetincome": 9400000, "changeToAccountReceivables": 9500000, "changeToLiabilities": 24000000, "changeToInventory": -17000000, "changeToOperatingActivities": -9700000, "totalCashFromOperatingActivities": 35900000, "capitalExpenditures": -32400000, "investments": 2400000, "otherCashflowsFromInvestingActivities": 35000000, "totalCashflowsFromInvestingActivities": -38900000, "dividendsPaid": -1700000, "netBorrowings": 31500000, "otherCashflowsFromFinancingActivities": -38800000, "totalCashFromFinancingActivities": -9000000, "changeInCash": -12000000}, {"maxAge": 1, "endDate": "2019-03-31", "netIncome": 23738000, "depreciation": 15642000, "changeToNetincome": 12696000, "changeToAccountReceivables": 1275000, "changeToLiabilities": 26903000, "changeToInventory": -1840000, "changeToOperatingActivities": -3871000, "totalCashFromOperatingActivities": 74543000, "capitalExpenditures": -31848000, "investments": -396000, "otherCashflowsFromInvestingActivities": 27738000, "totalCashflowsFromInvestingActivities": -43457000, "dividendsPaid": -1729000, "netBorrowings": -10181000, "otherCashflowsFromFinancingActivities": -33515000, "totalCashFromFinancingActivities": -45425000, "changeInCash": -14339000}, {"maxAge": 1, "endDate": "2018-03-31", "netIncome": 11834000, "depreciation": 13263000, "changeToNetincome": 3617000, "changeToAccountReceivables": -5875000, "changeToLiabilities": 5540000, "changeToInventory": -3344000, "changeToOperatingActivities": 25286000, "totalCashFromOperatingActivities": 50321000, "capitalExpenditures": -19282000, "investments": 4399000, "otherCashflowsFromInvestingActivities": 26380000, "totalCashflowsFromInvestingActivities": -21438000, "dividendsPaid": -1729000, "netBorrowings": 31455000, "otherCashflowsFromFinancingActivities": -30811000, "totalCashFromFinancingActivities": -1085000, "changeInCash": 27798000}, {"maxAge": 1, "endDate": "2017-03-31", "netIncome": 3905000, "depreciation": 12397000, "changeToNetincome": 9050000, "changeToAccountReceivables": -10934000, "changeToLiabilities": 9964000, "changeToInventory": -6377000, "changeToOperatingActivities": -7910000, "totalCashFromOperatingActivities": 10095000, "capitalExpenditures": -15288000, "investments": 100000, "otherCashflowsFromInvestingActivities": 22645000, "totalCashflowsFromInvestingActivities": -31300000, "dividendsPaid": -1729000, "netBorrowings": 54748000, "otherCashflowsFromFinancingActivities": -28326000, "totalCashFromFinancingActivities": 24693000, "changeInCash": 3488000}], "maxAge": 86400}, "institutionOwnership": {"maxAge": 1, "ownershipList": []}, "balanceSheetHistoryQuarterly": {"balanceSheetStatements": [{"maxAge": 1, "endDate": "2020-06-30", "totalStockholderEquity": 219400000, "netTangibleAssets": 213500000}, {"maxAge": 1, "endDate": "2020-03-31", "cash": 20300000, "shortTermInvestments": 3900000, "netReceivables": 393600000, "inventory": 69100000, "otherCurrentAssets": 26000000, "totalCurrentAssets": 512900000, "longTermInvestments": 50900000, "propertyPlantEquipment": 191300000, "goodWill": 5900000, "otherAssets": 101900000, "deferredLongTermAssetCharges": 9100000, "totalAssets": 862900000, "accountsPayable": 102400000, "otherCurrentLiab": 154200000, "longTermDebt": 129900000, "otherLiab": 65000000, "totalCurrentLiabilities": 448600000, "totalLiab": 643500000, "commonStock": 21615000, "treasuryStock": 197785000, "otherStockholderEquity": 197785000, "totalStockholderEquity": 219400000, "netTangibleAssets": 213500000}, {"maxAge": 1, "endDate": "2019-12-31", "totalStockholderEquity": 231800000, "netTangibleAssets": 225900000}, {"maxAge": 1, "endDate": "2019-09-30", "cash": 18500000, "shortTermInvestments": 2500000, "netReceivables": 372300000, "inventory": 57500000, "otherCurrentAssets": 37400000, "totalCurrentAssets": 488200000, "longTermInvestments": 53200000, "propertyPlantEquipment": 176000000, "goodWill": 5900000, "otherAssets": 98800000, "deferredLongTermAssetCharges": 5700000, "totalAssets": 822100000, "accountsPayable": 86100000, "otherCurrentLiab": 128300000, "longTermDebt": 130700000, "otherLiab": 69200000, "totalCurrentLiabilities": 390400000, "totalLiab": 590300000, "commonStock": 21600000, "treasuryStock": 210200000, "otherStockholderEquity": 210200000, "totalStockholderEquity": 231800000, "netTangibleAssets": 225900000}], "maxAge": 86400}, "indexTrend": {"maxAge": 1, "symbol": "SP5", "peRatio": 19.7411, "pegRatio": 1.34172, "estimates": [{"period": "0q", "growth": 0.549}, {"period": "+1q", "growth": 0.431}, {"period": "0y", "growth": 0.305}, {"period": "+1y", "growth": 0.109}, {"period": "+5y", "growth": 0.120859005}, {"period": "-5y"}]}, "insiderTransactions": {"transactions": [{"maxAge": 1, "shares": 1000, "filerUrl": "", "transactionText": "", "filerName": "Poddar (Narendra Kumar)", "filerRelation": "Chairman of the Board", "moneyText": "", "startDate": "2020-03-16", "ownership": "D"}, {"maxAge": 1, "shares": 890, "filerUrl": "", "transactionText": "", "filerName": "Poddar (Narendra Kumar)", "filerRelation": "Chairman of the Board", "moneyText": "", "startDate": "2020-03-13", "ownership": "D"}, {"maxAge": 1, "shares": 1130, "filerUrl": "", "transactionText": "", "filerName": "Poddar (Narendra Kumar)", "filerRelation": "Promoter", "moneyText": "", "startDate": "2019-06-28", "ownership": "D"}, {"maxAge": 1, "shares": 119, "filerUrl": "", "transactionText": "", "filerName": "Poddar (Narendra Kumar)", "filerRelation": "Promoter", "moneyText": "", "startDate": "2019-06-27", "ownership": "D"}, {"maxAge": 1, "shares": 500, "filerUrl": "", "transactionText": "", "filerName": "Poddar (Narendra Kumar)", "filerRelation": "Promoter", "moneyText": "", "startDate": "2019-06-26", "ownership": "D"}, {"maxAge": 1, "shares": 100, "filerUrl": "", "transactionText": "", "filerName": "Poddar (Narendra Kumar)", "filerRelation": "Promoter", "moneyText": "", "startDate": "2019-03-26", "ownership": "D"}, {"maxAge": 1, "shares": 100, "filerUrl": "", "transactionText": "", "filerName": "Poddar (Ruchira)", "filerRelation": "Promoter", "moneyText": "", "startDate": "2019-03-25", "ownership": "D"}], "maxAge": 1}, "quoteType": {"exchange": "BSE", "quoteType": "EQUITY", "symbol": "ORIBEVER.BO", "underlyingSymbol": "ORIBEVER.BO", "shortName": "ORIENT BEVERAGES LTD.", "longName": "Orient Beverages Limited", "firstTradeDateEpochUtc": "2003-10-03 09:15:00", "timeZoneFullName": "Asia/Kolkata", "timeZoneShortName": "IST", "uuid": "280fd5b3-643f-3e1d-a7c3-732857097a25", "messageBoardId": null, "gmtOffSetMilliseconds": 19800000, "maxAge": 1}, "incomeStatementHistory": {"incomeStatementHistory": [{"maxAge": 1, "endDate": "2020-03-31", "totalRevenue": 842300000, "costOfRevenue": 346200000, "grossProfit": 496100000, "researchDevelopment": {}, "sellingGeneralAdministrative": 175200000, "nonRecurring": {}, "otherOperatingExpenses": 295600000, "totalOperatingExpenses": 832600000, "operatingIncome": 9700000, "totalOtherIncomeExpenseNet": -200000, "ebit": 9700000, "interestExpense": -38400000, "incomeBeforeTax": 9500000, "incomeTaxExpense": 5400000, "minorityInterest": {}, "netIncomeFromContinuingOps": 4100000, "discontinuedOperations": {}, "extraordinaryItems": {}, "effectOfAccountingCharges": {}, "otherItems": {}, "netIncome": 4100000, "netIncomeApplicableToCommonShares": 4100000}, {"maxAge": 1, "endDate": "2019-03-31", "totalRevenue": 772741000, "costOfRevenue": 346402000, "grossProfit": 426339000, "researchDevelopment": {}, "sellingGeneralAdministrative": 160173000, "nonRecurring": {}, "otherOperatingExpenses": 213497000, "totalOperatingExpenses": 735714000, "operatingIncome": 37027000, "totalOtherIncomeExpenseNet": -6082000, "ebit": 37027000, "interestExpense": -35919000, "incomeBeforeTax": 30945000, "incomeTaxExpense": 7207000, "minorityInterest": {}, "netIncomeFromContinuingOps": 23738000, "discontinuedOperations": {}, "extraordinaryItems": {}, "effectOfAccountingCharges": {}, "otherItems": {}, "netIncome": 23738000, "netIncomeApplicableToCommonShares": 23738000}, {"maxAge": 1, "endDate": "2018-03-31", "totalRevenue": 532070000, "costOfRevenue": 212167000, "grossProfit": 319903000, "researchDevelopment": {}, "sellingGeneralAdministrative": 124296000, "nonRecurring": {}, "otherOperatingExpenses": 165400000, "totalOperatingExpenses": 515126000, "operatingIncome": 16944000, "totalOtherIncomeExpenseNet": -4175000, "ebit": 16944000, "interestExpense": -32516000, "incomeBeforeTax": 12769000, "incomeTaxExpense": 935000, "minorityInterest": {}, "netIncomeFromContinuingOps": 11834000, "discontinuedOperations": {}, "extraordinaryItems": {}, "effectOfAccountingCharges": {}, "otherItems": {}, "netIncome": 11834000, "netIncomeApplicableToCommonShares": 11834000}, {"maxAge": 1, "endDate": "2017-03-31", "totalRevenue": 437003000, "costOfRevenue": 172238000, "grossProfit": 264765000, "researchDevelopment": {}, "sellingGeneralAdministrative": 99343000, "nonRecurring": {}, "otherOperatingExpenses": 140105000, "totalOperatingExpenses": 424083000, "operatingIncome": 12920000, "totalOtherIncomeExpenseNet": -225000, "ebit": 12920000, "interestExpense": -30501000, "incomeBeforeTax": 12695000, "incomeTaxExpense": 8790000, "minorityInterest": {}, "netIncomeFromContinuingOps": 3905000, "discontinuedOperations": {}, "extraordinaryItems": {}, "effectOfAccountingCharges": {}, "otherItems": {}, "netIncome": 3905000, "netIncomeApplicableToCommonShares": 3905000}], "maxAge": 86400}, "fundOwnership": {"maxAge": 1, "ownershipList": []}, "summaryDetail": {"maxAge": 1, "priceHint": 2, "previousClose": 67.6, "open": 67.7, "dayLow": 64.75, "dayHigh": 67.7, "regularMarketPreviousClose": 67.6, "regularMarketOpen": 67.7, "regularMarketDayLow": 64.75, "regularMarketDayHigh": 67.7, "trailingPE": 35.078533, "volume": 587, "regularMarketVolume": 587, "averageVolume": 1904, "averageVolume10days": 2935, "averageDailyVolume10Day": 2935, "bid": 65.0, "ask": 67.0, "bidSize": 0, "askSize": 0, "marketCap": 144820496, "fiftyTwoWeekLow": 44.0, "fiftyTwoWeekHigh": 96.95, "fiftyDayAverage": 74.729996, "twoHundredDayAverage": 63.65219, "trailingAnnualDividendRate": 0.8, "trailingAnnualDividendYield": 0.01183432, "currency": "INR", "fromCurrency": null, "toCurrency": null, "lastMarket": null, "algorithm": null, "tradeable": false}, "incomeStatementHistoryQuarterly": {"incomeStatementHistory": [{"maxAge": 1, "endDate": "2020-06-30", "totalRevenue": 69900000, "costOfRevenue": 21300000, "grossProfit": 48600000, "researchDevelopment": {}, "sellingGeneralAdministrative": 31800000, "nonRecurring": {}, "otherOperatingExpenses": 34300000, "totalOperatingExpenses": 91300000, "operatingIncome": -21400000, "totalOtherIncomeExpenseNet": -300000, "ebit": -21400000, "interestExpense": -9100000, "incomeBeforeTax": -21700000, "incomeTaxExpense": 100000, "minorityInterest": {}, "netIncomeFromContinuingOps": -21800000, "discontinuedOperations": {}, "extraordinaryItems": {}, "effectOfAccountingCharges": {}, "otherItems": {}, "netIncome": -21800000, "netIncomeApplicableToCommonShares": -21800000}, {"maxAge": 1, "endDate": "2020-03-31", "totalRevenue": 173000000, "costOfRevenue": 72300000, "grossProfit": 100700000, "researchDevelopment": {}, "sellingGeneralAdministrative": 41500000, "nonRecurring": {}, "otherOperatingExpenses": 68900000, "totalOperatingExpenses": 187200000, "operatingIncome": -14200000, "totalOtherIncomeExpenseNet": -200000, "ebit": -14200000, "interestExpense": -11400000, "incomeBeforeTax": -14400000, "incomeTaxExpense": -2500000, "minorityInterest": {}, "netIncomeFromContinuingOps": -11900000, "discontinuedOperations": {}, "extraordinaryItems": {}, "effectOfAccountingCharges": {}, "otherItems": {}, "netIncome": -11900000, "netIncomeApplicableToCommonShares": -11900000}, {"maxAge": 1, "endDate": "2019-12-31", "totalRevenue": 197900000, "costOfRevenue": 74300000, "grossProfit": 123600000, "researchDevelopment": {}, "sellingGeneralAdministrative": 44100000, "nonRecurring": {}, "otherOperatingExpenses": 73300000, "totalOperatingExpenses": 195500000, "operatingIncome": 2400000, "totalOtherIncomeExpenseNet": 300000, "ebit": 2400000, "interestExpense": -9100000, "incomeBeforeTax": 2700000, "incomeTaxExpense": 1800000, "minorityInterest": {}, "netIncomeFromContinuingOps": 900000, "discontinuedOperations": {}, "extraordinaryItems": {}, "effectOfAccountingCharges": {}, "otherItems": {}, "netIncome": 900000, "netIncomeApplicableToCommonShares": 900000}, {"maxAge": 1, "endDate": "2019-09-30", "totalRevenue": 243500000, "costOfRevenue": 99600000, "grossProfit": 143900000, "researchDevelopment": {}, "sellingGeneralAdministrative": 47200000, "nonRecurring": {}, "otherOperatingExpenses": 82800000, "totalOperatingExpenses": 233200000, "operatingIncome": 10300000, "totalOtherIncomeExpenseNet": 300000, "ebit": 10300000, "interestExpense": -8500000, "incomeBeforeTax": 10600000, "incomeTaxExpense": 3000000, "minorityInterest": {}, "netIncomeFromContinuingOps": 7600000, "discontinuedOperations": {}, "extraordinaryItems": {}, "effectOfAccountingCharges": {}, "otherItems": {}, "netIncome": 7600000, "netIncomeApplicableToCommonShares": 7600000}], "maxAge": 86400}, "cashflowStatementHistoryQuarterly": {"cashflowStatements": [{"maxAge": 1, "endDate": "2020-06-30", "netIncome": -21800000, "changeToLiabilities": 0}, {"maxAge": 1, "endDate": "2020-03-31", "netIncome": -11900000, "changeToLiabilities": 0}, {"maxAge": 1, "endDate": "2019-12-31", "netIncome": 900000, "changeToLiabilities": 0}, {"maxAge": 1, "endDate": "2019-09-30", "netIncome": 7600000, "changeToLiabilities": 0}], "maxAge": 86400}, "insiderHolders": {"holders": [{"maxAge": 1, "name": "Poddar (Narendra Kumar)", "relation": "Chairman of the Board", "url": "", "transactionDescription": "Acquisition", "latestTransDate": "2020-03-16", "positionDirect": 638739, "positionDirectDate": "2020-03-16"}, {"maxAge": 1, "name": "Poddar (Ruchira)", "relation": "Promoter", "url": "", "transactionDescription": "Acquisition", "latestTransDate": "2019-03-25", "positionDirect": 202750, "positionDirectDate": "2019-03-25"}], "maxAge": 1}, "calendarEvents": {"maxAge": 1, "earnings": {"earningsDate": []}}, "price": {"maxAge": 1, "regularMarketChangePercent": -0.008875717, "regularMarketChange": -0.5999985, "regularMarketTime": "2021-04-30 15:26:21", "priceHint": 2, "regularMarketPrice": 67.0, "regularMarketDayHigh": 67.7, "regularMarketDayLow": 64.75, "regularMarketVolume": 587, "averageDailyVolume10Day": 2935, "averageDailyVolume3Month": 1904, "regularMarketPreviousClose": 67.6, "regularMarketSource": "FREE_REALTIME", "regularMarketOpen": 67.7, "exchange": "BSE", "exchangeName": "BSE", "exchangeDataDelayedBy": 0, "marketState": "CLOSED", "quoteType": "EQUITY", "symbol": "ORIBEVER.BO", "underlyingSymbol": null, "shortName": "ORIENT BEVERAGES LTD.", "longName": "Orient Beverages Limited", "currency": "INR", "quoteSourceName": "Delayed Quote", "currencySymbol": "\u20b9", "fromCurrency": null, "toCurrency": null, "lastMarket": null, "marketCap": 144820496}, "balanceSheetHistory": {"balanceSheetStatements": [{"maxAge": 1, "endDate": "2020-03-31", "cash": 20300000, "shortTermInvestments": 3900000, "netReceivables": 393600000, "inventory": 69100000, "otherCurrentAssets": 26000000, "totalCurrentAssets": 512900000, "longTermInvestments": 50900000, "propertyPlantEquipment": 191300000, "goodWill": 5900000, "otherAssets": 101900000, "deferredLongTermAssetCharges": 9100000, "totalAssets": 862900000, "accountsPayable": 102400000, "otherCurrentLiab": 154200000, "longTermDebt": 129900000, "otherLiab": 65000000, "totalCurrentLiabilities": 448600000, "totalLiab": 643500000, "commonStock": 21600000, "treasuryStock": 197800000, "otherStockholderEquity": 197800000, "totalStockholderEquity": 219400000, "netTangibleAssets": 213500000}, {"maxAge": 1, "endDate": "2019-03-31", "cash": 31407000, "netReceivables": 359469000, "inventory": 55429000, "otherCurrentAssets": 13210000, "totalCurrentAssets": 461185000, "longTermInvestments": 26564000, "propertyPlantEquipment": 174648000, "goodWill": 5932000, "otherAssets": 122225000, "deferredLongTermAssetCharges": 5394000, "totalAssets": 790554000, "accountsPayable": 78404000, "shortLongTermDebt": 39490000, "otherCurrentLiab": 12254000, "longTermDebt": 131379000, "otherLiab": 62263000, "totalCurrentLiabilities": 377661000, "totalLiab": 571303000, "commonStock": 21615000, "retainedEarnings": 189601000, "treasuryStock": -1577000, "capitalSurplus": 9612000, "otherStockholderEquity": -1577000, "totalStockholderEquity": 219251000, "netTangibleAssets": 213319000}, {"maxAge": 1, "endDate": "2018-03-31", "cash": 45746000, "netReceivables": 335706000, "inventory": 50378000, "otherCurrentAssets": 16720000, "totalCurrentAssets": 449750000, "longTermInvestments": 26519000, "propertyPlantEquipment": 151841000, "otherAssets": 126228000, "deferredLongTermAssetCharges": 4620000, "totalAssets": 754338000, "accountsPayable": 49790000, "shortLongTermDebt": 37159000, "otherCurrentLiab": 30149000, "longTermDebt": 158715000, "otherLiab": 64234000, "totalCurrentLiabilities": 332844000, "totalLiab": 555793000, "commonStock": 21615000, "retainedEarnings": 167948000, "treasuryStock": -630000, "capitalSurplus": 9612000, "otherStockholderEquity": -630000, "totalStockholderEquity": 198545000, "netTangibleAssets": 198545000}, {"maxAge": 1, "endDate": "2017-03-31", "cash": 17948000, "netReceivables": 295499000, "inventory": 47193000, "otherCurrentAssets": 5402000, "totalCurrentAssets": 372326000, "longTermInvestments": 25512000, "propertyPlantEquipment": 145865000, "otherAssets": 119949000, "deferredLongTermAssetCharges": 3846000, "totalAssets": 663652000, "accountsPayable": 44535000, "shortLongTermDebt": 25803000, "otherCurrentLiab": 13481000, "longTermDebt": 124407000, "otherLiab": 56631000, "totalCurrentLiabilities": 293812000, "totalLiab": 474850000, "commonStock": 21615000, "retainedEarnings": 158195000, "treasuryStock": -620000, "capitalSurplus": 9612000, "otherStockholderEquity": -620000, "totalStockholderEquity": 188802000, "netTangibleAssets": 188802000}], "maxAge": 86400}, "financialData": {"maxAge": 86400, "currentPrice": 67.0, "recommendationKey": "none", "grossProfits": 496100000, "financialCurrency": "INR"}}}