{"ORICON.BO": {"cashflowStatementHistory": {"cashflowStatements": [{"maxAge": 1, "endDate": "2020-03-31", "netIncome": 225566000, "depreciation": 903619000, "changeToNetincome": -112309000, "changeToAccountReceivables": 1022479000, "changeToLiabilities": 110896000, "changeToInventory": 648587000, "changeToOperatingActivities": -86631000, "totalCashFromOperatingActivities": 2716172000, "capitalExpenditures": -1156118000, "investments": 985821000, "otherCashflowsFromInvestingActivities": 241549000, "totalCashflowsFromInvestingActivities": 83553000, "dividendsPaid": -157047700, "netBorrowings": -2331626000, "otherCashflowsFromFinancingActivities": -219302000, "totalCashFromFinancingActivities": -2755090000, "changeInCash": 44636000}, {"maxAge": 1, "endDate": "2019-03-31", "netIncome": 363047000, "depreciation": 753749000, "changeToNetincome": 25723000, "changeToAccountReceivables": -906276000, "changeToLiabilities": -32490000, "changeToInventory": 1613319000, "changeToOperatingActivities": -233033000, "totalCashFromOperatingActivities": 1588009000, "capitalExpenditures": -638330000, "investments": -455630000, "otherCashflowsFromInvestingActivities": 175530000, "totalCashflowsFromInvestingActivities": -858842000, "dividendsPaid": -78483000, "netBorrowings": -660364000, "otherCashflowsFromFinancingActivities": -167459000, "totalCashFromFinancingActivities": -906306000, "changeInCash": -177139000}, {"maxAge": 1, "endDate": "2018-03-31", "netIncome": 178735000, "depreciation": 715493000, "changeToNetincome": -140022000, "changeToAccountReceivables": -52230000, "changeToLiabilities": 108231000, "changeToInventory": 299129000, "changeToOperatingActivities": -91307000, "totalCashFromOperatingActivities": 1023956000, "capitalExpenditures": -627788000, "investments": 594550000, "otherCashflowsFromInvestingActivities": 93379000, "totalCashflowsFromInvestingActivities": 589636000, "dividendsPaid": -72173000, "netBorrowings": -1286349000, "otherCashflowsFromFinancingActivities": -240970000, "totalCashFromFinancingActivities": -1599492000, "changeInCash": 14102000}, {"maxAge": 1, "endDate": "2017-03-31", "netIncome": 376554000, "depreciation": 664682000, "changeToNetincome": 78237000, "changeToAccountReceivables": -321693000, "changeToLiabilities": 8320000, "changeToInventory": -146314000, "changeToOperatingActivities": -1015345000, "totalCashFromOperatingActivities": -352625000, "capitalExpenditures": -879130000, "investments": -1213401000, "otherCashflowsFromInvestingActivities": -8791000, "totalCashflowsFromInvestingActivities": -1995188000, "dividendsPaid": -284000, "netBorrowings": 3070696000, "otherCashflowsFromFinancingActivities": -400384000, "totalCashFromFinancingActivities": 2670028000, "changeInCash": 322215000}], "maxAge": 86400}, "institutionOwnership": {"maxAge": 1, "ownershipList": []}, "balanceSheetHistoryQuarterly": {"balanceSheetStatements": [{"maxAge": 1, "endDate": "2020-06-30", "totalStockholderEquity": 8659099000, "netTangibleAssets": 7781006000}, {"maxAge": 1, "endDate": "2020-03-31", "cash": 586834000, "netReceivables": 2151348000, "inventory": 1207000000, "otherCurrentAssets": 565284000, "totalCurrentAssets": 5117885000, "longTermInvestments": 1401116000, "propertyPlantEquipment": 6955100000, "goodWill": 876843000, "intangibleAssets": 1250000, "otherAssets": 638513000, "totalAssets": 14990707000, "accountsPayable": 1000740000, "shortLongTermDebt": 41831000, "otherCurrentLiab": 225581000, "longTermDebt": 707342000, "otherLiab": 530866000, "minorityInterest": 1571532000, "totalCurrentLiabilities": 3453335000, "totalLiab": 4760076000, "commonStock": 314095000, "retainedEarnings": 4479187000, "treasuryStock": 2414344000, "capitalSurplus": 1451473000, "otherStockholderEquity": 2414344000, "totalStockholderEquity": 8659099000, "netTangibleAssets": 7781006000}, {"maxAge": 1, "endDate": "2019-12-31", "totalStockholderEquity": 8829246000, "netTangibleAssets": 7938295000}, {"maxAge": 1, "endDate": "2019-09-30", "cash": 158657000, "shortTermInvestments": 374489000, "netReceivables": 3659193000, "inventory": 1151542000, "otherCurrentAssets": 340485000, "totalCurrentAssets": 5684366000, "longTermInvestments": 2410759000, "propertyPlantEquipment": 6931182000, "goodWill": 889701000, "intangibleAssets": 1250000, "otherAssets": 848465000, "deferredLongTermAssetCharges": 9160000, "totalAssets": 16765723000, "accountsPayable": 818841000, "otherCurrentLiab": 863009000, "longTermDebt": 791594000, "otherLiab": 640491000, "minorityInterest": 1598856000, "totalCurrentLiabilities": 4905536000, "totalLiab": 6337621000, "commonStock": 314095000, "treasuryStock": 8515151000, "otherStockholderEquity": 8515151000, "totalStockholderEquity": 8829246000, "netTangibleAssets": 7938295000}], "maxAge": 86400}, "indexTrend": {"maxAge": 1, "symbol": "SP5", "peRatio": 19.7411, "pegRatio": 1.34172, "estimates": [{"period": "0q", "growth": 0.549}, {"period": "+1q", "growth": 0.431}, {"period": "0y", "growth": 0.305}, {"period": "+1y", "growth": 0.109}, {"period": "+5y", "growth": 0.120859005}, {"period": "-5y"}]}, "insiderTransactions": {"transactions": [{"maxAge": 1, "shares": 3100390, "filerUrl": "", "transactionText": "", "filerName": "Bigflex Enterprises Pvt. Ltd", "filerRelation": "UNREPORTED", "moneyText": "", "startDate": "2019-09-13", "ownership": "D"}, {"maxAge": 1, "shares": 3100390, "filerUrl": "", "transactionText": "", "filerName": "Himalaya Builders Pvt Ltd", "filerRelation": "Promoter", "moneyText": "", "startDate": "2019-09-13", "ownership": "D"}, {"maxAge": 1, "shares": 950000, "filerUrl": "", "transactionText": "", "filerName": "Kopran Lifestyle ltd.", "filerRelation": "Institution- Corporation", "moneyText": "", "startDate": "2019-03-26", "ownership": "D"}, {"maxAge": 1, "shares": 950000, "filerUrl": "", "transactionText": "", "filerName": "Somani (Rajendra)", "filerRelation": "Managing Director", "moneyText": "", "startDate": "2019-03-26", "ownership": "D"}, {"maxAge": 1, "shares": 58149, "filerUrl": "", "transactionText": "", "filerName": "Somani (Rajendra)", "filerRelation": "Managing Director", "moneyText": "", "startDate": "2019-03-08", "ownership": "D"}, {"maxAge": 1, "shares": 362507, "filerUrl": "", "transactionText": "", "filerName": "Somani (Rajendra)", "filerRelation": "Managing Director", "moneyText": "", "startDate": "2019-03-08", "ownership": "D"}, {"maxAge": 1, "shares": 189817, "filerUrl": "", "transactionText": "", "filerName": "Somani (Rajendra)", "filerRelation": "Managing Director", "moneyText": "", "startDate": "2019-03-07", "ownership": "D"}, {"maxAge": 1, "shares": 249527, "filerUrl": "", "transactionText": "", "filerName": "Somani (Rajendra)", "filerRelation": "Managing Director", "moneyText": "", "startDate": "2019-03-07", "ownership": "D"}, {"maxAge": 1, "shares": 6215370, "filerUrl": "", "transactionText": "", "filerName": "Somani (Rajendra)", "filerRelation": "Managing Director", "moneyText": "", "startDate": "2019-03-06", "ownership": "D"}], "maxAge": 1}, "quoteType": {"exchange": "BSE", "quoteType": "EQUITY", "symbol": "ORICON.BO", "underlyingSymbol": "ORICON.BO", "shortName": "ORICON ENTERPRISES LTD.", "longName": "Oricon Enterprises Limited", "firstTradeDateEpochUtc": "2000-02-15 09:15:00", "timeZoneFullName": "Asia/Kolkata", "timeZoneShortName": "IST", "uuid": "e0c9a93d-0515-3b38-b738-f2e0918a923b", "messageBoardId": null, "gmtOffSetMilliseconds": 19800000, "maxAge": 1}, "incomeStatementHistory": {"incomeStatementHistory": [{"maxAge": 1, "endDate": "2020-03-31", "totalRevenue": 9163609000, "costOfRevenue": 4156502000, "grossProfit": 5007107000, "researchDevelopment": {}, "sellingGeneralAdministrative": 133909000, "nonRecurring": {}, "otherOperatingExpenses": 3698975000, "totalOperatingExpenses": 8938160000, "operatingIncome": 225449000, "totalOtherIncomeExpenseNet": 12515000, "ebit": 225449000, "interestExpense": -131474000, "incomeBeforeTax": 237964000, "incomeTaxExpense": -17983000, "minorityInterest": 1571532000, "netIncomeFromContinuingOps": 255947000, "discontinuedOperations": {}, "extraordinaryItems": {}, "effectOfAccountingCharges": {}, "otherItems": {}, "netIncome": 225566000, "netIncomeApplicableToCommonShares": 225566000}, {"maxAge": 1, "endDate": "2019-03-31", "totalRevenue": 11140600000, "costOfRevenue": 4950380000, "grossProfit": 6190220000, "researchDevelopment": {}, "sellingGeneralAdministrative": 134027000, "nonRecurring": {}, "otherOperatingExpenses": 4830542000, "totalOperatingExpenses": 10681608000, "operatingIncome": 458992000, "totalOtherIncomeExpenseNet": 29166000, "ebit": 458992000, "interestExpense": -140766000, "incomeBeforeTax": 488158000, "incomeTaxExpense": 84813000, "minorityInterest": 1627476000, "netIncomeFromContinuingOps": 403345000, "discontinuedOperations": {}, "extraordinaryItems": {}, "effectOfAccountingCharges": {}, "otherItems": {}, "netIncome": 363047000, "netIncomeApplicableToCommonShares": 363047000}, {"maxAge": 1, "endDate": "2018-03-31", "totalRevenue": 10088815000, "costOfRevenue": 4354726000, "grossProfit": 5734089000, "researchDevelopment": {}, "sellingGeneralAdministrative": 203186000, "nonRecurring": {}, "otherOperatingExpenses": 4501623000, "totalOperatingExpenses": 9870145000, "operatingIncome": 218670000, "totalOtherIncomeExpenseNet": 102740000, "ebit": 218670000, "interestExpense": -140318000, "incomeBeforeTax": 321410000, "incomeTaxExpense": 96783000, "minorityInterest": 1587383000, "netIncomeFromContinuingOps": 224627000, "discontinuedOperations": {}, "extraordinaryItems": {}, "effectOfAccountingCharges": {}, "otherItems": {}, "netIncome": 178735000, "netIncomeApplicableToCommonShares": 178735000}, {"maxAge": 1, "endDate": "2017-03-31", "totalRevenue": 11625210000, "costOfRevenue": 6092544000, "grossProfit": 5532666000, "researchDevelopment": {}, "sellingGeneralAdministrative": 258273000, "nonRecurring": {}, "otherOperatingExpenses": 3981550000, "totalOperatingExpenses": 11001771000, "operatingIncome": 623439000, "totalOtherIncomeExpenseNet": 143252000, "ebit": 623439000, "interestExpense": -166362000, "incomeBeforeTax": 766691000, "incomeTaxExpense": 255135000, "minorityInterest": 1568867000, "netIncomeFromContinuingOps": 511556000, "discontinuedOperations": -13021000, "extraordinaryItems": {}, "effectOfAccountingCharges": {}, "otherItems": {}, "netIncome": 376554000, "netIncomeApplicableToCommonShares": 376554000}], "maxAge": 86400}, "fundOwnership": {"maxAge": 1, "ownershipList": []}, "summaryDetail": {"maxAge": 1, "priceHint": 2, "previousClose": 21.9, "open": 21.8, "dayLow": 21.2, "dayHigh": 22.8, "regularMarketPreviousClose": 21.9, "regularMarketOpen": 21.8, "regularMarketDayLow": 21.2, "regularMarketDayHigh": 22.8, "volume": 46342, "regularMarketVolume": 46342, "averageVolume": 54381, "averageVolume10days": 25586, "averageDailyVolume10Day": 25586, "bid": 21.1, "ask": 21.4, "bidSize": 0, "askSize": 0, "marketCap": 3360827136, "fiftyTwoWeekLow": 8.9, "fiftyTwoWeekHigh": 29.85, "fiftyDayAverage": 24.151428, "twoHundredDayAverage": 20.70219, "trailingAnnualDividendRate": 0.5, "trailingAnnualDividendYield": 0.02283105, "currency": "INR", "fromCurrency": null, "toCurrency": null, "lastMarket": null, "algorithm": null, "tradeable": false}, "incomeStatementHistoryQuarterly": {"incomeStatementHistory": [{"maxAge": 1, "endDate": "2020-06-30", "totalRevenue": 1254124000, "costOfRevenue": 792345000, "grossProfit": 461779000, "researchDevelopment": {}, "sellingGeneralAdministrative": {}, "nonRecurring": {}, "otherOperatingExpenses": 437212000, "totalOperatingExpenses": 1439498000, "operatingIncome": -185374000, "totalOtherIncomeExpenseNet": 15467000, "ebit": -185374000, "interestExpense": -44153000, "incomeBeforeTax": -169907000, "incomeTaxExpense": -18185000, "minorityInterest": {}, "netIncomeFromContinuingOps": -151722000, "discontinuedOperations": {}, "extraordinaryItems": {}, "effectOfAccountingCharges": {}, "otherItems": {}, "netIncome": -118138000, "netIncomeApplicableToCommonShares": -118138000}, {"maxAge": 1, "endDate": "2020-03-31", "totalRevenue": 2046055000, "costOfRevenue": -113526000, "grossProfit": 2159581000, "researchDevelopment": {}, "sellingGeneralAdministrative": 133909000, "nonRecurring": {}, "otherOperatingExpenses": 1608175000, "totalOperatingExpenses": 1896152000, "operatingIncome": 149903000, "totalOtherIncomeExpenseNet": -149230000, "ebit": 149903000, "interestExpense": -13204000, "incomeBeforeTax": 673000, "incomeTaxExpense": 17290000, "minorityInterest": 1571532000, "netIncomeFromContinuingOps": -16617000, "discontinuedOperations": {}, "extraordinaryItems": {}, "effectOfAccountingCharges": {}, "otherItems": {}, "netIncome": -30838000, "netIncomeApplicableToCommonShares": -30838000}, {"maxAge": 1, "endDate": "2019-12-31", "totalRevenue": 1945650000, "costOfRevenue": 998759000, "grossProfit": 946891000, "researchDevelopment": {}, "sellingGeneralAdministrative": 133909000, "nonRecurring": {}, "otherOperatingExpenses": 666995000, "totalOperatingExpenses": 1894051000, "operatingIncome": 51599000, "totalOtherIncomeExpenseNet": 18149000, "ebit": 51599000, "interestExpense": -39026000, "incomeBeforeTax": 69748000, "incomeTaxExpense": -4910000, "minorityInterest": 1571532000, "netIncomeFromContinuingOps": 74658000, "discontinuedOperations": {}, "extraordinaryItems": {}, "effectOfAccountingCharges": {}, "otherItems": {}, "netIncome": 45154000, "netIncomeApplicableToCommonShares": 45154000}, {"maxAge": 1, "endDate": "2019-09-30", "totalRevenue": 1770454000, "costOfRevenue": 1021725000, "grossProfit": 748729000, "researchDevelopment": {}, "sellingGeneralAdministrative": 133909000, "nonRecurring": {}, "otherOperatingExpenses": 658094000, "totalOperatingExpenses": 1907258000, "operatingIncome": -136804000, "totalOtherIncomeExpenseNet": 40398000, "ebit": -136804000, "interestExpense": -34249000, "incomeBeforeTax": -96406000, "incomeTaxExpense": -58707000, "minorityInterest": 1598856000, "netIncomeFromContinuingOps": -37699000, "discontinuedOperations": {}, "extraordinaryItems": {}, "effectOfAccountingCharges": {}, "otherItems": {}, "netIncome": -15035000, "netIncomeApplicableToCommonShares": -15035000}], "maxAge": 86400}, "cashflowStatementHistoryQuarterly": {"cashflowStatements": [{"maxAge": 1, "endDate": "2020-06-30", "netIncome": -118138000, "changeToLiabilities": 0}, {"maxAge": 1, "endDate": "2020-03-31", "netIncome": -30838000, "changeToLiabilities": 0}, {"maxAge": 1, "endDate": "2019-12-31", "netIncome": 45154000, "changeToLiabilities": 0}, {"maxAge": 1, "endDate": "2019-09-30", "netIncome": -15035000, "changeToLiabilities": 0}], "maxAge": 86400}, "insiderHolders": {"holders": [{"maxAge": 1, "name": "Bigflex Enterprises Pvt. Ltd", "relation": "UNREPORTED", "url": "", "transactionDescription": "Acquisition", "latestTransDate": "2019-09-13", "positionDirect": 3100390, "positionDirectDate": "2019-09-13"}, {"maxAge": 1, "name": "Himalaya Builders Pvt Ltd", "relation": "Promoter", "url": "", "transactionDescription": "Sale", "latestTransDate": "2019-09-13", "positionDirect": 0, "positionDirectDate": "2019-09-13"}, {"maxAge": 1, "name": "Kopran Lifestyle ltd.", "relation": "Institution- Corporation", "url": "", "transactionDescription": "Other", "latestTransDate": "2019-03-26", "positionDirect": 372300, "positionDirectDate": "2019-03-26"}, {"maxAge": 1, "name": "Somani (Rajendra)", "relation": "Managing Director", "url": "", "transactionDescription": "Other", "latestTransDate": "2019-03-26", "positionDirect": 24502620, "positionDirectDate": "2019-03-26"}], "maxAge": 1}, "calendarEvents": {"maxAge": 1, "earnings": {"earningsDate": ["2020-09-11 05:30:S"]}}, "price": {"maxAge": 1, "regularMarketChangePercent": -0.02283105, "regularMarketChange": -0.5, "regularMarketTime": "2021-04-30 15:23:14", "priceHint": 2, "regularMarketPrice": 21.4, "regularMarketDayHigh": 22.8, "regularMarketDayLow": 21.2, "regularMarketVolume": 46342, "averageDailyVolume10Day": 25586, "averageDailyVolume3Month": 54381, "regularMarketPreviousClose": 21.9, "regularMarketSource": "FREE_REALTIME", "regularMarketOpen": 21.8, "exchange": "BSE", "exchangeName": "BSE", "exchangeDataDelayedBy": 0, "marketState": "CLOSED", "quoteType": "EQUITY", "symbol": "ORICON.BO", "underlyingSymbol": null, "shortName": "ORICON ENTERPRISES LTD.", "longName": "Oricon Enterprises Limited", "currency": "INR", "quoteSourceName": "Delayed Quote", "currencySymbol": "\u20b9", "fromCurrency": null, "toCurrency": null, "lastMarket": null, "marketCap": 3360827136}, "balanceSheetHistory": {"balanceSheetStatements": [{"maxAge": 1, "endDate": "2020-03-31", "cash": 586834000, "netReceivables": 2151348000, "inventory": 1207000000, "otherCurrentAssets": 565284000, "totalCurrentAssets": 5117885000, "longTermInvestments": 1401116000, "propertyPlantEquipment": 6955100000, "goodWill": 876843000, "intangibleAssets": 1250000, "otherAssets": 638513000, "totalAssets": 14990707000, "accountsPayable": 1000740000, "shortLongTermDebt": 41831000, "otherCurrentLiab": 225581000, "longTermDebt": 707342000, "otherLiab": 530866000, "minorityInterest": 1571532000, "totalCurrentLiabilities": 3453335000, "totalLiab": 4760076000, "commonStock": 314095000, "retainedEarnings": 4479187000, "treasuryStock": 2414344000, "capitalSurplus": 1451473000, "otherStockholderEquity": 2414344000, "totalStockholderEquity": 8659099000, "netTangibleAssets": 7781006000}, {"maxAge": 1, "endDate": "2019-03-31", "cash": 324230000, "shortTermInvestments": 49772000, "netReceivables": 3230425000, "inventory": 1855587000, "otherCurrentAssets": 303905000, "totalCurrentAssets": 7064020000, "longTermInvestments": 2064940000, "propertyPlantEquipment": 6999171000, "goodWill": 889701000, "intangibleAssets": 1250000, "otherAssets": 851877000, "totalAssets": 17870959000, "accountsPayable": 889853000, "shortLongTermDebt": 171111000, "otherCurrentLiab": 576108000, "longTermDebt": 1219557000, "otherLiab": 853762000, "minorityInterest": 1627476000, "totalCurrentLiabilities": 5395354000, "totalLiab": 7468673000, "commonStock": 314095000, "retainedEarnings": 4465915000, "treasuryStock": 2543327000, "capitalSurplus": 1451473000, "otherStockholderEquity": 2543327000, "totalStockholderEquity": 8774810000, "netTangibleAssets": 7883859000}, {"maxAge": 1, "endDate": "2018-03-31", "cash": 323119000, "netReceivables": 2356641000, "inventory": 3468917000, "otherCurrentAssets": 224601000, "totalCurrentAssets": 7396579000, "longTermInvestments": 1905945000, "propertyPlantEquipment": 6763634000, "goodWill": 889701000, "intangibleAssets": 600000, "otherAssets": 833699000, "totalAssets": 17790158000, "accountsPayable": 923124000, "shortLongTermDebt": 139787000, "otherCurrentLiab": 318411000, "longTermDebt": 3377882000, "otherLiab": 855826000, "minorityInterest": 1587383000, "totalCurrentLiabilities": 3443909000, "totalLiab": 7677617000, "commonStock": 314095000, "retainedEarnings": 4197169000, "treasuryStock": 2562421000, "capitalSurplus": 1451473000, "otherStockholderEquity": 2562421000, "totalStockholderEquity": 8525158000, "netTangibleAssets": 7634857000}, {"maxAge": 1, "endDate": "2017-03-31", "cash": 267545000, "netReceivables": 2354032000, "inventory": 3839227000, "otherCurrentAssets": 108493000, "totalCurrentAssets": 7743190000, "longTermInvestments": 2440341000, "propertyPlantEquipment": 7147342000, "goodWill": 1306025000, "intangibleAssets": 2993000, "otherAssets": 1018804000, "totalAssets": 19658695000, "accountsPayable": 844716000, "shortLongTermDebt": 171098000, "otherCurrentLiab": 592801000, "longTermDebt": 4220456000, "otherLiab": 688200000, "minorityInterest": 1568867000, "totalCurrentLiabilities": 4212367000, "totalLiab": 9121023000, "commonStock": 314095000, "retainedEarnings": 2651373000, "treasuryStock": 5494737000, "capitalSurplus": 508600000, "otherStockholderEquity": 5494737000, "totalStockholderEquity": 8968805000, "netTangibleAssets": 7659787000}], "maxAge": 86400}, "financialData": {"maxAge": 86400, "currentPrice": 21.4, "recommendationKey": "none", "grossProfits": 5007107000, "financialCurrency": "INR"}}}