{"ORIENTREF.NS": {"assetProfile": {"address1": "C-604, Neelkanth Business Park", "address2": "Opposite Railway Station Vidhyavihar (West)", "city": "Mumbai", "zip": "400086", "country": "India", "phone": "91 22 6609 0600", "fax": "91 22 6609 0601", "website": "http://www.orientrefractories.com", "industry": "Metal Fabrication", "sector": "Industrials", "longBusinessSummary": "Orient Refractories Limited manufactures and trades in refractories, monolithics, and ceramic paper for the iron and steel industry primarily in India. The company offers isostatically pressed continuous casting refractories; slide gate plate; nozzles and well blocks; tundish nozzles for controlling the flow of steel; and bottom purging refractories and top purging lances, including porus plugs, PP housing blocks, and porus plug sleeves for a range of systems comprising GP II, GP III, and IPV with systems. It also provides slag arresting darts for use in converters; basic spray mass for tundish working linings; and conventional and low cement castables. It also exports its products to approximately 35 countries worldwide, including Germany, France, Spain, Turkey, Egypt, Indonesia, Saudi Arabia, Thailand, the United Arab Emirates, and Greece. The company was incorporated in 2010 and is based in Mumbai, India. Orient Refractories Limited is a subsidiary of Dutch US Holding B.V.", "fullTimeEmployees": 456, "companyOfficers": [{"maxAge": 1, "name": "Mr. Parmod  Sagar", "age": 55, "title": "CEO, MD & Exec. Director", "yearBorn": 1965, "fiscalYear": 2020, "totalPay": 27861000, "exercisedValue": 0, "unexercisedValue": 0}, {"maxAge": 1, "name": "Mr. Sanjeev  Bhardwaj", "age": 55, "title": "Chief Financial Officer", "yearBorn": 1965, "fiscalYear": 2020, "totalPay": 9543000, "exercisedValue": 0, "unexercisedValue": 0}, {"maxAge": 1, "name": "Mr. Manoj K. Gupta", "age": 46, "title": "Joint VP of Fin. & Accounts", "yearBorn": 1974, "fiscalYear": 2020, "totalPay": 0, "exercisedValue": 0, "unexercisedValue": 0}, {"maxAge": 1, "name": "Mr. Sanjay  Kumar", "title": "Compliance Officer & Company Sec.", "fiscalYear": 2020, "totalPay": 1642000, "exercisedValue": 0, "unexercisedValue": 0}, {"maxAge": 1, "name": "Mr. Purshottam  Dass", "age": 58, "title": "Sr. VP", "yearBorn": 1962, "fiscalYear": 2020, "totalPay": 0, "exercisedValue": 0, "unexercisedValue": 0}, {"maxAge": 1, "name": "Mr. Manoj Kumar Rout", "age": 49, "title": "Assistant VP", "yearBorn": 1971, "fiscalYear": 2020, "totalPay": 0, "exercisedValue": 0, "unexercisedValue": 0}, {"maxAge": 1, "name": "Mr. Suneel  Chawla", "age": 56, "title": "VP", "yearBorn": 1964, "fiscalYear": 2020, "totalPay": 0, "exercisedValue": 0, "unexercisedValue": 0}, {"maxAge": 1, "name": "Mr. Lakshmi Narayan Banerjee", "age": 71, "title": "Assistant VP", "yearBorn": 1949, "fiscalYear": 2019, "exercisedValue": 0, "unexercisedValue": 0}], "compensationAsOfEpochDate": "2020-12-31 05:30:00", "maxAge": 86400}, "recommendationTrend": {"trend": [{"period": "0m", "strongBuy": 0, "buy": 0, "hold": 0, "sell": 0, "strongSell": 0}, {"period": "-1m", "strongBuy": 0, "buy": 0, "hold": 0, "sell": 0, "strongSell": 0}, {"period": "-2m", "strongBuy": 0, "buy": 0, "hold": 0, "sell": 0, "strongSell": 0}, {"period": "-3m", "strongBuy": 0, "buy": 0, "hold": 0, "sell": 0, "strongSell": 0}], "maxAge": 86400}, "cashflowStatementHistory": {"cashflowStatements": [{"maxAge": 1, "endDate": "2020-03-31", "netIncome": 868655000, "depreciation": 108583000, "changeToNetincome": -96748000, "changeToAccountReceivables": 56406000, "changeToLiabilities": 141190000, "changeToInventory": -133201000, "changeToOperatingActivities": 22823000, "totalCashFromOperatingActivities": 970069000, "capitalExpenditures": -740211000, "investments": 1116965000, "otherCashflowsFromInvestingActivities": 40934000, "totalCashflowsFromInvestingActivities": 323084000, "dividendsPaid": -302701000, "otherCashflowsFromFinancingActivities": -61737000, "totalCashFromFinancingActivities": -364438000, "changeInCash": 928715000}, {"maxAge": 1, "endDate": "2019-03-31", "netIncome": 898266000, "depreciation": 85211000, "changeToNetincome": -162042000, "changeToAccountReceivables": 1108000, "changeToLiabilities": 58874000, "changeToInventory": -263809000, "changeToOperatingActivities": -75867000, "totalCashFromOperatingActivities": 543431000, "capitalExpenditures": -179532000, "investments": 98500000, "otherCashflowsFromInvestingActivities": 31166000, "totalCashflowsFromInvestingActivities": -47253000, "dividendsPaid": -290985000, "otherCashflowsFromFinancingActivities": -61737000, "totalCashFromFinancingActivities": -352722000, "changeInCash": 143456000}, {"maxAge": 1, "endDate": "2018-03-31", "netIncome": 858332000, "depreciation": 66897000, "changeToNetincome": -35162000, "changeToAccountReceivables": -511236000, "changeToLiabilities": 300970000, "changeToInventory": -96787000, "changeToOperatingActivities": -12582000, "totalCashFromOperatingActivities": 572395000, "capitalExpenditures": -197561000, "investments": -1031729000, "otherCashflowsFromInvestingActivities": 16800000, "totalCashflowsFromInvestingActivities": -1209758000, "dividendsPaid": -291679000, "otherCashflowsFromFinancingActivities": -61144000, "totalCashFromFinancingActivities": -352823000, "changeInCash": -990186000}, {"maxAge": 1, "endDate": "2017-03-31", "netIncome": 689089000, "depreciation": 61669000, "changeToNetincome": -69854000, "changeToAccountReceivables": 38695000, "changeToLiabilities": 61615000, "changeToInventory": -171576000, "changeToOperatingActivities": -7374000, "totalCashFromOperatingActivities": 604260000, "capitalExpenditures": -118273000, "investments": 40780000, "otherCashflowsFromInvestingActivities": 11830000, "totalCashflowsFromInvestingActivities": -61950000, "dividendsPaid": -169412000, "otherCashflowsFromFinancingActivities": -35463000, "totalCashFromFinancingActivities": -204875000, "changeInCash": 337435000}], "maxAge": 86400}, "indexTrend": {"maxAge": 1, "symbol": "SP5", "peRatio": 19.7411, "pegRatio": 1.34172, "estimates": [{"period": "0q", "growth": 0.549}, {"period": "+1q", "growth": 0.431}, {"period": "0y", "growth": 0.305}, {"period": "+1y", "growth": 0.109}, {"period": "+5y", "growth": 0.120865}, {"period": "-5y"}]}, "defaultKeyStatistics": {"maxAge": 1, "priceHint": 2, "enterpriseValue": 36802818048, "forwardPE": 32.014168, "profitMargins": 0.11118, "floatShares": 36832071, "sharesOutstanding": 120139000, "heldPercentInsiders": 0.69101, "heldPercentInstitutions": 0.13854, "beta": 1.158063, "category": null, "bookValue": 35.59, "priceToBook": 8.887327, "fundFamily": null, "legalType": null, "lastFiscalYearEnd": "2020-03-31 05:30:00", "nextFiscalYearEnd": "2022-03-31 05:30:00", "mostRecentQuarter": "2020-12-31 05:30:00", "earningsQuarterlyGrowth": 0.234, "netIncomeToCommon": 732982016, "trailingEps": 6.101, "forwardEps": 9.88, "pegRatio": 2.75, "lastSplitFactor": null, "enterpriseToRevenue": 5.582, "enterpriseToEbitda": 34.736}, "industryTrend": {"maxAge": 1, "symbol": null, "estimates": []}, "quoteType": {"exchange": "NSI", "quoteType": "EQUITY", "symbol": "ORIENTREF.NS", "underlyingSymbol": "ORIENTREF.NS", "shortName": "ORIENT REFRACTORIE", "longName": "Orient Refractories Limited", "firstTradeDateEpochUtc": "2012-03-12 09:15:00", "timeZoneFullName": "Asia/Kolkata", "timeZoneShortName": "IST", "uuid": "43979ae9-4a0c-38c4-be74-e385838109a7", "gmtOffSetMilliseconds": 19800000, "maxAge": 1}, "incomeStatementHistory": {"incomeStatementHistory": [{"maxAge": 1, "endDate": "2020-03-31", "totalRevenue": 6996882000, "costOfRevenue": 4164978000, "grossProfit": 2831904000, "researchDevelopment": {}, "sellingGeneralAdministrative": 586001000, "nonRecurring": {}, "otherOperatingExpenses": 1017320000, "totalOperatingExpenses": 5889474000, "operatingIncome": 1107408000, "totalOtherIncomeExpenseNet": 65889000, "ebit": 1107408000, "interestExpense": {}, "incomeBeforeTax": 1173297000, "incomeTaxExpense": 304642000, "minorityInterest": {}, "netIncomeFromContinuingOps": 868655000, "discontinuedOperations": {}, "extraordinaryItems": {}, "effectOfAccountingCharges": {}, "otherItems": {}, "netIncome": 868655000, "netIncomeApplicableToCommonShares": 868655000}, {"maxAge": 1, "endDate": "2019-03-31", "totalRevenue": 7479470000, "costOfRevenue": 4486089000, "grossProfit": 2993381000, "researchDevelopment": {}, "sellingGeneralAdministrative": 548694000, "nonRecurring": {}, "otherOperatingExpenses": 1100541000, "totalOperatingExpenses": 6221636000, "operatingIncome": 1257834000, "totalOtherIncomeExpenseNet": 117390000, "ebit": 1257834000, "interestExpense": {}, "incomeBeforeTax": 1375224000, "incomeTaxExpense": 476958000, "minorityInterest": {}, "netIncomeFromContinuingOps": 898266000, "discontinuedOperations": {}, "extraordinaryItems": {}, "effectOfAccountingCharges": {}, "otherItems": {}, "netIncome": 898266000, "netIncomeApplicableToCommonShares": 898266000}, {"maxAge": 1, "endDate": "2018-03-31", "totalRevenue": 6284220000, "costOfRevenue": 3501140000, "grossProfit": 2783080000, "researchDevelopment": {}, "sellingGeneralAdministrative": 476399000, "nonRecurring": {}, "otherOperatingExpenses": 1034380000, "totalOperatingExpenses": 5080188000, "operatingIncome": 1204032000, "totalOtherIncomeExpenseNet": 104421000, "ebit": 1204032000, "interestExpense": {}, "incomeBeforeTax": 1308453000, "incomeTaxExpense": 450121000, "minorityInterest": {}, "netIncomeFromContinuingOps": 858332000, "discontinuedOperations": {}, "extraordinaryItems": {}, "effectOfAccountingCharges": {}, "otherItems": {}, "netIncome": 858332000, "netIncomeApplicableToCommonShares": 858332000}, {"maxAge": 1, "endDate": "2017-03-31", "totalRevenue": 5193877000, "costOfRevenue": 2929147000, "grossProfit": 2264730000, "researchDevelopment": {}, "sellingGeneralAdministrative": 427979000, "nonRecurring": {}, "otherOperatingExpenses": 802864000, "totalOperatingExpenses": 4223064000, "operatingIncome": 970813000, "totalOtherIncomeExpenseNet": 82350000, "ebit": 970813000, "interestExpense": {}, "incomeBeforeTax": 1053163000, "incomeTaxExpense": 364074000, "minorityInterest": {}, "netIncomeFromContinuingOps": 689089000, "discontinuedOperations": {}, "extraordinaryItems": {}, "effectOfAccountingCharges": {}, "otherItems": {}, "netIncome": 689089000, "netIncomeApplicableToCommonShares": 689089000}], "maxAge": 86400}, "fundOwnership": {"ownershipList": [{"maxAge": 1, "reportDate": "2021-01-31", "organization": "DFA Emerging Markets Core Equity Portfolio", "pctHeld": 0.0017, "position": 203893, "value": 44010304}, {"maxAge": 1, "reportDate": "2021-01-31", "organization": "DFA Emerging Markets Small Cap Series", "pctHeld": 0.0015, "position": 181847, "value": 39251674}, {"maxAge": 1, "reportDate": "2021-01-31", "organization": "DFA Investment Dimensions-Emerging Markets Social Core Equity", "pctHeld": 0.0002, "position": 20027, "value": 4322827}, {"maxAge": 1, "reportDate": "2021-01-31", "organization": "DFA Investment Dimensions-World Ex U.S. Core Equity Port", "pctHeld": 0.0001, "position": 10208, "value": 2203396}, {"maxAge": 1, "reportDate": "2021-01-31", "organization": "DFA T.A. World Ex U.S. Core Equity Portfolio", "pctHeld": 0.0001, "position": 7743, "value": 1671326}], "maxAge": 1}, "summaryDetail": {"maxAge": 1, "priceHint": 2, "previousClose": 310.8, "open": 307.0, "dayLow": 306.6, "dayHigh": 325.0, "regularMarketPreviousClose": 310.8, "regularMarketOpen": 307.0, "regularMarketDayLow": 306.6, "regularMarketDayHigh": 325.0, "dividendRate": 2.5, "dividendYield": 0.008, "exDividendDate": "2020-08-07 05:30:00", "payoutRatio": 0.4098, "fiveYearAvgDividendYield": 1.28, "beta": 1.158063, "trailingPE": 51.84396, "forwardPE": 32.014168, "volume": 420784, "regularMarketVolume": 420784, "averageVolume": 184931, "averageVolume10days": 91895, "averageDailyVolume10Day": 91895, "bid": 0.0, "ask": 0.0, "bidSize": 0, "askSize": 0, "marketCap": 37859528704, "fiftyTwoWeekLow": 117.0, "fiftyTwoWeekHigh": 325.0, "priceToSalesTrailing12Months": 5.7426915, "fiftyDayAverage": 232.82353, "twoHundredDayAverage": 218.4312, "trailingAnnualDividendRate": 2.5, "trailingAnnualDividendYield": 0.008043759, "currency": "INR", "fromCurrency": null, "lastMarket": null, "algorithm": null, "tradeable": false}, "insiderHolders": {"holders": [{"maxAge": 1, "name": "Bhardwaj (Sanjeev)", "relation": "Chief Financial Officer", "url": "", "transactionDescription": "Acquisition", "latestTransDate": "2015-04-09", "positionDirect": 1000, "positionDirectDate": "2015-04-09"}, {"maxAge": 1, "name": "Dutch US Holding B.V.", "relation": "Promoter", "url": "", "transactionDescription": "Other", "latestTransDate": "2018-08-27", "positionDirect": 79877771, "positionDirectDate": "2018-08-27"}, {"maxAge": 1, "name": "Mittal (Anisha)", "relation": "Promoter", "url": "", "transactionDescription": "Acquisition", "latestTransDate": "2013-03-28", "positionDirect": 14826107, "positionDirectDate": "2013-03-28"}, {"maxAge": 1, "name": "Mittal (Ashwin)", "relation": "Promoter", "url": "", "transactionDescription": "Sale", "latestTransDate": "2013-03-04", "positionDirect": 150394, "positionDirectDate": "2013-03-04"}, {"maxAge": 1, "name": "Rajgarhia (Gopal)", "relation": "Promoter", "url": "", "transactionDescription": "Gift", "latestTransDate": "2015-03-20", "positionDirect": 2769947, "positionDirectDate": "2015-03-20"}, {"maxAge": 1, "name": "Sagar (Parmod)", "relation": "Director", "url": "", "transactionDescription": "Sale", "latestTransDate": "2014-04-01", "positionDirect": 13698, "positionDirectDate": "2014-04-01"}, {"maxAge": 1, "name": "Sagar (Praveen)", "relation": "UNREPORTED", "url": "", "transactionDescription": "Sale", "latestTransDate": "2014-09-05", "positionDirect": 0, "positionDirectDate": "2014-09-05"}, {"maxAge": 1, "name": "Sarin (Deepika)", "relation": "UNREPORTED", "url": "", "transactionDescription": "Sale", "latestTransDate": "2014-06-30", "positionDirect": 0, "positionDirectDate": "2014-06-30"}, {"maxAge": 1, "name": "Sarin (Subhash Chander)", "relation": "Director", "url": "", "transactionDescription": "Sale", "latestTransDate": "2014-06-30", "positionDirect": 0, "positionDirectDate": "2014-06-30"}, {"maxAge": 1, "name": "Sarin (Swaran)", "relation": "UNREPORTED", "url": "", "transactionDescription": "Sale", "latestTransDate": "2014-06-30", "positionDirect": 0, "positionDirectDate": "2014-06-30"}], "maxAge": 1}, "calendarEvents": {"maxAge": 1, "earnings": {"earningsDate": [], "earningsAverage": 1.9, "earningsLow": 1.9, "earningsHigh": 1.9, "revenueAverage": 1682500000, "revenueLow": 1622000000, "revenueHigh": 1743000000}, "exDividendDate": "2020-08-07 05:30:00"}, "upgradeDowngradeHistory": {"history": [], "maxAge": 86400}, "price": {"maxAge": 1, "regularMarketChangePercent": 0.017696269, "regularMarketChange": 5.5, "regularMarketTime": "2021-04-30 15:29:59", "priceHint": 2, "regularMarketPrice": 316.3, "regularMarketDayHigh": 325.0, "regularMarketDayLow": 306.6, "regularMarketVolume": 420784, "averageDailyVolume10Day": 91895, "averageDailyVolume3Month": 184931, "regularMarketPreviousClose": 310.8, "regularMarketSource": "FREE_REALTIME", "regularMarketOpen": 307.0, "exchange": "NSI", "exchangeName": "NSE", "exchangeDataDelayedBy": 15, "marketState": "CLOSED", "quoteType": "EQUITY", "symbol": "ORIENTREF.NS", "underlyingSymbol": null, "shortName": "ORIENT REFRACTORIE", "longName": "Orient Refractories Limited", "currency": "INR", "quoteSourceName": "Delayed Quote", "currencySymbol": "\u20b9", "fromCurrency": null, "lastMarket": null, "marketCap": 37859528704}, "balanceSheetHistory": {"balanceSheetStatements": [{"maxAge": 1, "endDate": "2020-03-31", "cash": 1146243000, "shortTermInvestments": 10000000, "netReceivables": 1636227000, "inventory": 1309888000, "otherCurrentAssets": 272649000, "totalCurrentAssets": 4379994000, "longTermInvestments": 4632000, "propertyPlantEquipment": 1368696000, "intangibleAssets": 972000, "otherAssets": 40672000, "totalAssets": 5794966000, "accountsPayable": 1258102000, "otherCurrentLiab": 109497000, "otherLiab": 12634000, "totalCurrentLiabilities": 1519315000, "totalLiab": 1531949000, "commonStock": 120139000, "retainedEarnings": 4142878000, "totalStockholderEquity": 4263017000, "netTangibleAssets": 4262045000}, {"maxAge": 1, "endDate": "2019-03-31", "cash": 217528000, "shortTermInvestments": 1052686000, "netReceivables": 1692450000, "inventory": 1174408000, "otherCurrentAssets": 165291000, "totalCurrentAssets": 4384915000, "longTermInvestments": 5922000, "propertyPlantEquipment": 625773000, "intangibleAssets": 1486000, "otherAssets": 62627000, "totalAssets": 5080723000, "accountsPayable": 1114911000, "otherCurrentLiab": 59691000, "otherLiab": 17095000, "totalCurrentLiabilities": 1301275000, "totalLiab": 1318370000, "commonStock": 120139000, "retainedEarnings": 3642214000, "totalStockholderEquity": 3762353000, "netTangibleAssets": 3760867000}, {"maxAge": 1, "endDate": "2018-03-31", "cash": 74072000, "shortTermInvestments": 1099321000, "netReceivables": 1695448000, "inventory": 910599000, "otherCurrentAssets": 80853000, "totalCurrentAssets": 3866122000, "longTermInvestments": 2957000, "propertyPlantEquipment": 539259000, "intangibleAssets": 2568000, "otherAssets": 75597000, "deferredLongTermAssetCharges": 14718000, "totalAssets": 4486503000, "accountsPayable": 995871000, "otherCurrentLiab": 155713000, "otherLiab": 8982000, "totalCurrentLiabilities": 1249398000, "totalLiab": 1258380000, "commonStock": 120139000, "retainedEarnings": 3107984000, "totalStockholderEquity": 3228123000, "netTangibleAssets": 3225555000}, {"maxAge": 1, "endDate": "2017-03-31", "cash": 1064258000, "shortTermInvestments": 22079000, "netReceivables": 1178458000, "inventory": 813812000, "otherCurrentAssets": 38418000, "totalCurrentAssets": 3121190000, "longTermInvestments": 1627000, "propertyPlantEquipment": 415495000, "intangibleAssets": 3687000, "otherAssets": 60176000, "deferredLongTermAssetCharges": 3743000, "totalAssets": 3602175000, "accountsPayable": 775805000, "otherCurrentLiab": 44265000, "otherLiab": 9108000, "totalCurrentLiabilities": 860341000, "totalLiab": 869449000, "commonStock": 120139000, "retainedEarnings": 2612587000, "totalStockholderEquity": 2732726000, "netTangibleAssets": 2729039000}], "maxAge": 86400}, "earningsTrend": {"trend": [{"maxAge": 1, "period": "0q", "endDate": "2018-06-30", "growth": 0.397, "earningsEstimate": {"avg": 1.9, "low": 1.9, "high": 1.9, "yearAgoEps": 1.36, "numberOfAnalysts": 1, "growth": 0.397}, "revenueEstimate": {"avg": 1682500000, "low": 1622000000, "high": 1743000000, "numberOfAnalysts": 2, "yearAgoRevenue": 1416970000, "growth": 0.187}, "epsTrend": {"current": 1.9, "7daysAgo": 0.0, "30daysAgo": 0.0, "60daysAgo": 0.0, "90daysAgo": 0.0}, "epsRevisions": {"upLast7days": 0, "upLast30days": 0, "downLast30days": 0, "downLast90days": {}}}, {"maxAge": 1, "period": "+1q", "endDate": "2018-09-30", "growth": {}, "earningsEstimate": {"avg": 0.0, "low": 0.0, "high": 0.0, "yearAgoEps": 1.68, "numberOfAnalysts": 0, "growth": {}}, "revenueEstimate": {"avg": 0, "low": 0, "high": 0, "numberOfAnalysts": 0, "yearAgoRevenue": {}, "growth": {}}, "epsTrend": {"current": 0.0, "7daysAgo": 0.0, "30daysAgo": 0.0, "60daysAgo": 0.0, "90daysAgo": 0.0}, "epsRevisions": {"upLast7days": 0, "upLast30days": 0, "downLast30days": 0, "downLast90days": {}}}, {"maxAge": 1, "period": "0y", "endDate": "2019-03-31", "growth": 0.139, "earningsEstimate": {"avg": 8.13, "low": 7.47, "high": 8.7, "yearAgoEps": 7.14, "numberOfAnalysts": 6, "growth": 0.139}, "revenueEstimate": {"avg": 7161160000, "low": 6952040000, "high": 7400000000, "numberOfAnalysts": 6, "yearAgoRevenue": 6355930000, "growth": 0.127}, "epsTrend": {"current": 8.13, "7daysAgo": 8.13, "30daysAgo": 8.13, "60daysAgo": 7.87, "90daysAgo": 7.8}, "epsRevisions": {"upLast7days": 0, "upLast30days": 0, "downLast30days": 0, "downLast90days": {}}}, {"maxAge": 1, "period": "+1y", "endDate": "2020-03-31", "growth": 0.215, "earningsEstimate": {"avg": 9.88, "low": 9.4, "high": 10.7, "yearAgoEps": 8.13, "numberOfAnalysts": 4, "growth": 0.215}, "revenueEstimate": {"avg": 8344750000, "low": 8166000000, "high": 8733000000, "numberOfAnalysts": 4, "yearAgoRevenue": 7161160000, "growth": 0.165}, "epsTrend": {"current": 9.88, "7daysAgo": 9.88, "30daysAgo": 9.88, "60daysAgo": 9.53, "90daysAgo": 9.53}, "epsRevisions": {"upLast7days": 0, "upLast30days": 0, "downLast30days": 0, "downLast90days": {}}}, {"maxAge": 1, "period": "+5y", "endDate": null, "growth": 0.08, "earningsEstimate": {"avg": {}, "low": {}, "high": {}, "yearAgoEps": {}, "numberOfAnalysts": {}, "growth": {}}, "revenueEstimate": {"avg": {}, "low": {}, "high": {}, "numberOfAnalysts": {}, "yearAgoRevenue": {}, "growth": {}}, "epsTrend": {"current": {}, "7daysAgo": {}, "30daysAgo": {}, "60daysAgo": {}, "90daysAgo": {}}, "epsRevisions": {"upLast7days": {}, "upLast30days": {}, "downLast30days": {}, "downLast90days": {}}}, {"maxAge": 1, "period": "-5y", "endDate": null, "growth": 0.22032, "earningsEstimate": {"avg": {}, "low": {}, "high": {}, "yearAgoEps": {}, "numberOfAnalysts": {}, "growth": {}}, "revenueEstimate": {"avg": {}, "low": {}, "high": {}, "numberOfAnalysts": {}, "yearAgoRevenue": {}, "growth": {}}, "epsTrend": {"current": {}, "7daysAgo": {}, "30daysAgo": {}, "60daysAgo": {}, "90daysAgo": {}}, "epsRevisions": {"upLast7days": {}, "upLast30days": {}, "downLast30days": {}, "downLast90days": {}}}], "maxAge": 1}, "institutionOwnership": {"ownershipList": [], "maxAge": 1}, "majorHoldersBreakdown": {"maxAge": 1, "insidersPercentHeld": 0.69101, "institutionsPercentHeld": 0.13854, "institutionsFloatPercentHeld": 0.44834998, "institutionsCount": 17}, "balanceSheetHistoryQuarterly": {"balanceSheetStatements": [{"maxAge": 1, "endDate": "2020-12-31", "totalStockholderEquity": 4263291000, "netTangibleAssets": 4262509000}, {"maxAge": 1, "endDate": "2020-09-30", "cash": 1211500000, "shortTermInvestments": 6649000, "netReceivables": 1511599000, "inventory": 1308970000, "otherCurrentAssets": 254476000, "totalCurrentAssets": 4293194000, "longTermInvestments": 4207000, "propertyPlantEquipment": 1487500000, "intangibleAssets": 782000, "otherAssets": 46376000, "deferredLongTermAssetCharges": 5783000, "totalAssets": 5832059000, "accountsPayable": 1317826000, "otherCurrentLiab": 156560000, "otherLiab": 16357000, "totalCurrentLiabilities": 1538257000, "totalLiab": 1568768000, "commonStock": 120139000, "retainedEarnings": 4143152000, "totalStockholderEquity": 4263291000, "netTangibleAssets": 4262509000}, {"maxAge": 1, "endDate": "2020-06-30", "totalStockholderEquity": 4263017000, "netTangibleAssets": 4262045000}, {"maxAge": 1, "endDate": "2020-03-31", "cash": 1146243000, "shortTermInvestments": 10000000, "netReceivables": 1636227000, "inventory": 1309888000, "otherCurrentAssets": 272649000, "totalCurrentAssets": 4379994000, "longTermInvestments": 4632000, "propertyPlantEquipment": 1368696000, "intangibleAssets": 972000, "otherAssets": 40672000, "totalAssets": 5794966000, "accountsPayable": 1258102000, "otherCurrentLiab": 109497000, "otherLiab": 12634000, "totalCurrentLiabilities": 1519315000, "totalLiab": 1531949000, "commonStock": 120139000, "retainedEarnings": 4142878000, "totalStockholderEquity": 4263017000, "netTangibleAssets": 4262045000}], "maxAge": 86400}, "earningsHistory": {"history": [{"maxAge": 1, "epsActual": 1.36, "epsEstimate": 1.5, "epsDifference": -0.14, "surprisePercent": -0.093, "quarter": "2017-06-30", "period": "-4q"}, {"maxAge": 1, "epsActual": 1.68, "epsEstimate": 1.5, "epsDifference": 0.18, "surprisePercent": 0.12, "quarter": "2017-09-30", "period": "-3q"}, {"maxAge": 1, "epsActual": 1.84, "epsEstimate": 1.6, "epsDifference": 0.24, "surprisePercent": 0.15, "quarter": "2017-12-31", "period": "-2q"}, {"maxAge": 1, "epsActual": 2.29, "epsEstimate": 1.7, "epsDifference": 0.59, "surprisePercent": 0.347, "quarter": "2018-03-31", "period": "-1q"}], "maxAge": 86400}, "summaryProfile": {"address1": "C-604, Neelkanth Business Park", "address2": "Opposite Railway Station Vidhyavihar (West)", "city": "Mumbai", "zip": "400086", "country": "India", "phone": "91 22 6609 0600", "fax": "91 22 6609 0601", "website": "http://www.orientrefractories.com", "industry": "Metal Fabrication", "sector": "Industrials", "longBusinessSummary": "Orient Refractories Limited manufactures and trades in refractories, monolithics, and ceramic paper for the iron and steel industry primarily in India. The company offers isostatically pressed continuous casting refractories; slide gate plate; nozzles and well blocks; tundish nozzles for controlling the flow of steel; and bottom purging refractories and top purging lances, including porus plugs, PP housing blocks, and porus plug sleeves for a range of systems comprising GP II, GP III, and IPV with systems. It also provides slag arresting darts for use in converters; basic spray mass for tundish working linings; and conventional and low cement castables. It also exports its products to approximately 35 countries worldwide, including Germany, France, Spain, Turkey, Egypt, Indonesia, Saudi Arabia, Thailand, the United Arab Emirates, and Greece. The company was incorporated in 2010 and is based in Mumbai, India. Orient Refractories Limited is a subsidiary of Dutch US Holding B.V.", "fullTimeEmployees": 456, "companyOfficers": [], "maxAge": 86400}, "netSharePurchaseActivity": {"maxAge": 1, "period": "6m", "buyInfoCount": 0, "buyInfoShares": 0, "sellInfoCount": 0, "netInfoCount": 0, "netInfoShares": 0, "netPercentInsiderShares": 0.0, "totalInsiderShares": 83030464}, "insiderTransactions": {"transactions": [{"maxAge": 1, "shares": 3757636, "filerUrl": "", "transactionText": "", "filerName": "Dutch US Holding B.V.", "filerRelation": "Promoter", "moneyText": "", "startDate": "2018-08-27", "ownership": "D"}, {"maxAge": 1, "shares": 1000, "filerUrl": "", "transactionText": "", "filerName": "Bhardwaj (Sanjeev)", "filerRelation": "Chief Financial Officer", "moneyText": "", "startDate": "2015-04-09", "ownership": "D"}, {"maxAge": 1, "shares": 125000, "filerUrl": "", "transactionText": "", "filerName": "Rajgarhia (Gopal)", "filerRelation": "Promoter", "moneyText": "", "startDate": "2015-03-20", "ownership": "D"}, {"maxAge": 1, "shares": 1000000, "filerUrl": "", "transactionText": "", "filerName": "Rajgarhia (Gopal)", "filerRelation": "Promoter", "moneyText": "", "startDate": "2015-02-23", "ownership": "D"}, {"maxAge": 1, "shares": 1000000, "filerUrl": "", "transactionText": "", "filerName": "Rajgarhia (Gopal)", "filerRelation": "Promoter", "moneyText": "", "startDate": "2014-11-20", "ownership": "D"}, {"maxAge": 1, "shares": 1100000, "filerUrl": "", "transactionText": "", "filerName": "Rajgarhia (Gopal)", "filerRelation": "Promoter", "moneyText": "", "startDate": "2014-09-05", "ownership": "D"}, {"maxAge": 1, "shares": 5000, "filerUrl": "", "transactionText": "", "filerName": "Sagar (Praveen)", "filerRelation": "UNREPORTED", "moneyText": "", "startDate": "2014-09-05", "ownership": "D"}, {"maxAge": 1, "shares": 59680, "filerUrl": "", "transactionText": "", "filerName": "Sarin (Deepika)", "filerRelation": "UNREPORTED", "moneyText": "", "startDate": "2014-06-30", "ownership": "D"}, {"maxAge": 1, "shares": 46000, "filerUrl": "", "transactionText": "", "filerName": "Sarin (Subhash Chander)", "filerRelation": "Director", "moneyText": "", "startDate": "2014-06-30", "ownership": "D"}, {"maxAge": 1, "shares": 40166, "filerUrl": "", "transactionText": "", "filerName": "Sarin (Swaran)", "filerRelation": "UNREPORTED", "moneyText": "", "startDate": "2014-06-30", "ownership": "D"}, {"maxAge": 1, "shares": 5834, "filerUrl": "", "transactionText": "", "filerName": "Sarin (Swaran)", "filerRelation": "UNREPORTED", "moneyText": "", "startDate": "2014-06-09", "ownership": "D"}, {"maxAge": 1, "shares": 10000, "filerUrl": "", "transactionText": "", "filerName": "Sarin (Deepika)", "filerRelation": "UNREPORTED", "moneyText": "", "startDate": "2014-06-06", "ownership": "D"}, {"maxAge": 1, "shares": 17900, "filerUrl": "", "transactionText": "", "filerName": "Sarin (Subhash Chander)", "filerRelation": "Director (Executive)", "moneyText": "", "startDate": "2014-06-06", "ownership": "D"}, {"maxAge": 1, "shares": 10000, "filerUrl": "", "transactionText": "", "filerName": "Sarin (Swaran)", "filerRelation": "UNREPORTED", "moneyText": "", "startDate": "2014-06-06", "ownership": "D"}, {"maxAge": 1, "shares": 10000, "filerUrl": "", "transactionText": "", "filerName": "Sarin (Deepika)", "filerRelation": "UNREPORTED", "moneyText": "", "startDate": "2014-06-05", "ownership": "D"}, {"maxAge": 1, "shares": 32500, "filerUrl": "", "transactionText": "", "filerName": "Sarin (Subhash Chander)", "filerRelation": "Director (Executive)", "moneyText": "", "startDate": "2014-06-05", "ownership": "D"}, {"maxAge": 1, "shares": 10000, "filerUrl": "", "transactionText": "", "filerName": "Sarin (Swaran)", "filerRelation": "UNREPORTED", "moneyText": "", "startDate": "2014-06-05", "ownership": "D"}, {"maxAge": 1, "shares": 2000, "filerUrl": "", "transactionText": "", "filerName": "Sarin (Subhash Chander)", "filerRelation": "Director (Executive)", "moneyText": "", "startDate": "2014-05-08", "ownership": "D"}, {"maxAge": 1, "shares": 11347, "filerUrl": "", "transactionText": "", "filerName": "Sarin (Swaran)", "filerRelation": "UNREPORTED", "moneyText": "", "startDate": "2014-05-08", "ownership": "D"}, {"maxAge": 1, "shares": 6000, "filerUrl": "", "transactionText": "", "filerName": "Sagar (Parmod)", "filerRelation": "Director", "moneyText": "", "startDate": "2014-04-01", "ownership": "D"}, {"maxAge": 1, "shares": 10000, "filerUrl": "", "transactionText": "", "filerName": "Sagar (Parmod)", "filerRelation": "Director", "moneyText": "", "startDate": "2013-05-06", "ownership": "D"}, {"maxAge": 1, "shares": 5000, "filerUrl": "", "transactionText": "", "filerName": "Sagar (Praveen)", "filerRelation": "UNREPORTED", "moneyText": "", "startDate": "2013-05-06", "ownership": "D"}, {"maxAge": 1, "shares": 6798, "filerUrl": "", "transactionText": "", "filerName": "Sagar (Parmod)", "filerRelation": "Director", "moneyText": "", "startDate": "2013-04-30", "ownership": "D"}, {"maxAge": 1, "shares": 320, "filerUrl": "", "transactionText": "", "filerName": "Sarin (Deepika)", "filerRelation": "UNREPORTED", "moneyText": "", "startDate": "2013-04-30", "ownership": "D"}, {"maxAge": 1, "shares": 400, "filerUrl": "", "transactionText": "", "filerName": "Sarin (Subhash Chander)", "filerRelation": "Director (Executive)", "moneyText": "", "startDate": "2013-04-30", "ownership": "D"}, {"maxAge": 1, "shares": 5947, "filerUrl": "", "transactionText": "", "filerName": "Sarin (Swaran)", "filerRelation": "UNREPORTED", "moneyText": "", "startDate": "2013-04-30", "ownership": "D"}, {"maxAge": 1, "shares": 2000, "filerUrl": "", "transactionText": "", "filerName": "Sarin (Swaran)", "filerRelation": "UNREPORTED", "moneyText": "", "startDate": "2013-04-29", "ownership": "D"}, {"maxAge": 1, "shares": 31233828, "filerUrl": "", "transactionText": "", "filerName": "Dutch US Holding B.V.", "filerRelation": "Promoter", "moneyText": "", "startDate": "2013-04-26", "ownership": "D"}, {"maxAge": 1, "shares": 48000, "filerUrl": "", "transactionText": "", "filerName": "Sarin (Deepika)", "filerRelation": "UNREPORTED", "moneyText": "", "startDate": "2013-04-26", "ownership": "D"}, {"maxAge": 1, "shares": 32000, "filerUrl": "", "transactionText": "", "filerName": "Sarin (Subhash Chander)", "filerRelation": "Director (Executive)", "moneyText": "", "startDate": "2013-04-26", "ownership": "D"}, {"maxAge": 1, "shares": 3400, "filerUrl": "", "transactionText": "", "filerName": "Sarin (Swaran)", "filerRelation": "UNREPORTED", "moneyText": "", "startDate": "2013-04-26", "ownership": "D"}, {"maxAge": 1, "shares": 32000, "filerUrl": "", "transactionText": "", "filerName": "Sarin (Deepika)", "filerRelation": "UNREPORTED", "moneyText": "", "startDate": "2013-04-25", "ownership": "D"}, {"maxAge": 1, "shares": 66000, "filerUrl": "", "transactionText": "", "filerName": "Sarin (Subhash Chander)", "filerRelation": "Director (Executive)", "moneyText": "", "startDate": "2013-04-25", "ownership": "D"}, {"maxAge": 1, "shares": 66000, "filerUrl": "", "transactionText": "", "filerName": "Sarin (Swaran)", "filerRelation": "UNREPORTED", "moneyText": "", "startDate": "2013-04-25", "ownership": "D"}, {"maxAge": 1, "shares": 3100, "filerUrl": "", "transactionText": "", "filerName": "Sagar (Parmod)", "filerRelation": "Director", "moneyText": "", "startDate": "2013-04-03", "ownership": "D"}, {"maxAge": 1, "shares": 368, "filerUrl": "", "transactionText": "", "filerName": "Sagar (Praveen)", "filerRelation": "UNREPORTED", "moneyText": "", "startDate": "2013-04-03", "ownership": "D"}, {"maxAge": 1, "shares": 5000, "filerUrl": "", "transactionText": "", "filerName": "Sagar (Parmod)", "filerRelation": "Director", "moneyText": "", "startDate": "2013-04-02", "ownership": "D"}, {"maxAge": 1, "shares": 5890, "filerUrl": "", "transactionText": "", "filerName": "Sagar (Praveen)", "filerRelation": "UNREPORTED", "moneyText": "", "startDate": "2013-04-02", "ownership": "D"}, {"maxAge": 1, "shares": 5000, "filerUrl": "", "transactionText": "", "filerName": "Sagar (Parmod)", "filerRelation": "Director", "moneyText": "", "startDate": "2013-04-01", "ownership": "D"}, {"maxAge": 1, "shares": 78697, "filerUrl": "", "transactionText": "", "filerName": "Mittal (Anisha)", "filerRelation": "Promoter", "moneyText": "", "startDate": "2013-03-28", "ownership": "D"}, {"maxAge": 1, "shares": 14747510, "filerUrl": "", "transactionText": "", "filerName": "Mittal (Anisha)", "filerRelation": "Promoter", "moneyText": "", "startDate": "2013-03-04", "ownership": "D"}, {"maxAge": 1, "shares": 14747510, "filerUrl": "", "transactionText": "", "filerName": "Mittal (Anisha)", "filerRelation": "Promoter", "moneyText": "", "startDate": "2013-03-04", "ownership": "D"}, {"maxAge": 1, "shares": 50000, "filerUrl": "", "transactionText": "", "filerName": "Mittal (Ashwin)", "filerRelation": "Promoter", "moneyText": "", "startDate": "2013-03-04", "ownership": "D"}, {"maxAge": 1, "shares": 200394, "filerUrl": "", "transactionText": "", "filerName": "Mittal (Ashwin)", "filerRelation": "Promoter", "moneyText": "", "startDate": "2013-03-04", "ownership": "D"}, {"maxAge": 1, "shares": 499400, "filerUrl": "", "transactionText": "", "filerName": "Orient Abrasives Ltd", "filerRelation": "Promoter", "moneyText": "", "startDate": "2013-03-04", "ownership": "D"}, {"maxAge": 1, "shares": 14723564, "filerUrl": "", "transactionText": "", "filerName": "Rajgarhia (Bhavna)", "filerRelation": "Promoter", "moneyText": "", "startDate": "2013-03-04", "ownership": "D"}, {"maxAge": 1, "shares": 11791483, "filerUrl": "", "transactionText": "", "filerName": "Rajgarhia (Gopal)", "filerRelation": "Promoter", "moneyText": "", "startDate": "2013-03-04", "ownership": "D"}, {"maxAge": 1, "shares": 2960000, "filerUrl": "", "transactionText": "", "filerName": "Rajgarhia (Prabha Devi)", "filerRelation": "Promoter", "moneyText": "", "startDate": "2013-03-04", "ownership": "D"}, {"maxAge": 1, "shares": 600766, "filerUrl": "", "transactionText": "", "filerName": "Rajgarhia (R K)", "filerRelation": "Chairman of the Board", "moneyText": "", "startDate": "2013-03-04", "ownership": "D"}, {"maxAge": 1, "shares": 6581882, "filerUrl": "", "transactionText": "", "filerName": "Rajgarhia (Usha)", "filerRelation": "Promoter", "moneyText": "", "startDate": "2013-03-04", "ownership": "D"}, {"maxAge": 1, "shares": 50000, "filerUrl": "", "transactionText": "", "filerName": "Rajgarhia Leasing & Financial Services Pvt Ltd", "filerRelation": "Promoter", "moneyText": "", "startDate": "2013-03-04", "ownership": "D"}, {"maxAge": 1, "shares": 231000, "filerUrl": "", "transactionText": "", "filerName": "RKR Foundation", "filerRelation": "Promoter", "moneyText": "", "startDate": "2013-03-04", "ownership": "D"}, {"maxAge": 1, "shares": 15580, "filerUrl": "", "transactionText": "", "filerName": "Rovo Marketing Pvt Ltd", "filerRelation": "Promoter", "moneyText": "", "startDate": "2013-03-04", "ownership": "D"}, {"maxAge": 1, "shares": 16000, "filerUrl": "", "transactionText": "", "filerName": "Sagar (Parmod)", "filerRelation": "Director", "moneyText": "", "startDate": "2013-03-04", "ownership": "D"}, {"maxAge": 1, "shares": 6258, "filerUrl": "", "transactionText": "", "filerName": "Sagar (Praveen)", "filerRelation": "UNREPORTED", "moneyText": "", "startDate": "2013-03-04", "ownership": "D"}, {"maxAge": 1, "shares": 1515930, "filerUrl": "", "transactionText": "", "filerName": "Mittal (Anisha)", "filerRelation": "Promoter", "moneyText": "", "startDate": "2012-11-29", "ownership": "D"}, {"maxAge": 1, "shares": 6500000, "filerUrl": "", "transactionText": "", "filerName": "Rajgarhia (Bhavna)", "filerRelation": "Promoter", "moneyText": "", "startDate": "2012-11-29", "ownership": "D"}, {"maxAge": 1, "shares": 8015930, "filerUrl": "", "transactionText": "", "filerName": "Rajgarhia (Gopal) HUF", "filerRelation": "Promoter", "moneyText": "", "startDate": "2012-11-29", "ownership": "D"}], "maxAge": 1}, "sectorTrend": {"maxAge": 1, "symbol": null, "estimates": []}, "incomeStatementHistoryQuarterly": {"incomeStatementHistory": [{"maxAge": 1, "endDate": "2020-12-31", "totalRevenue": 2008826000, "costOfRevenue": 1244456000, "grossProfit": 764370000, "researchDevelopment": {}, "sellingGeneralAdministrative": 187392000, "nonRecurring": {}, "otherOperatingExpenses": 225952000, "totalOperatingExpenses": 1694273000, "operatingIncome": 314553000, "totalOtherIncomeExpenseNet": 8867000, "ebit": 314553000, "interestExpense": {}, "incomeBeforeTax": 323420000, "incomeTaxExpense": 79499000, "minorityInterest": {}, "netIncomeFromContinuingOps": 243921000, "discontinuedOperations": {}, "extraordinaryItems": {}, "effectOfAccountingCharges": {}, "otherItems": {}, "netIncome": 243921000, "netIncomeApplicableToCommonShares": 243921000}, {"maxAge": 1, "endDate": "2020-09-30", "totalRevenue": 1801983000, "costOfRevenue": 1099762000, "grossProfit": 702221000, "researchDevelopment": {}, "sellingGeneralAdministrative": 160102000, "nonRecurring": {}, "otherOperatingExpenses": 247958000, "totalOperatingExpenses": 1542176000, "operatingIncome": 259807000, "totalOtherIncomeExpenseNet": 19295000, "ebit": 259807000, "interestExpense": {}, "incomeBeforeTax": 279102000, "incomeTaxExpense": 71865000, "minorityInterest": {}, "netIncomeFromContinuingOps": 207237000, "discontinuedOperations": {}, "extraordinaryItems": {}, "effectOfAccountingCharges": {}, "otherItems": {}, "netIncome": 207237000, "netIncomeApplicableToCommonShares": 207237000}, {"maxAge": 1, "endDate": "2020-06-30", "totalRevenue": 1157934000, "costOfRevenue": 678340000, "grossProfit": 479594000, "researchDevelopment": {}, "sellingGeneralAdministrative": 127995000, "nonRecurring": {}, "otherOperatingExpenses": 207004000, "totalOperatingExpenses": 1045733000, "operatingIncome": 112201000, "totalOtherIncomeExpenseNet": 18414000, "ebit": 112201000, "interestExpense": {}, "incomeBeforeTax": 130615000, "incomeTaxExpense": 34233000, "minorityInterest": {}, "netIncomeFromContinuingOps": 96382000, "discontinuedOperations": {}, "extraordinaryItems": {}, "effectOfAccountingCharges": {}, "otherItems": {}, "netIncome": 96382000, "netIncomeApplicableToCommonShares": 96382000}, {"maxAge": 1, "endDate": "2020-03-31", "totalRevenue": 1623902000, "costOfRevenue": 972097000, "grossProfit": 651805000, "researchDevelopment": {}, "sellingGeneralAdministrative": 146571000, "nonRecurring": {}, "otherOperatingExpenses": 216791000, "totalOperatingExpenses": 1376050000, "operatingIncome": 247852000, "totalOtherIncomeExpenseNet": 13997000, "ebit": 247852000, "interestExpense": {}, "incomeBeforeTax": 261849000, "incomeTaxExpense": 76407000, "minorityInterest": {}, "netIncomeFromContinuingOps": 185442000, "discontinuedOperations": {}, "extraordinaryItems": {}, "effectOfAccountingCharges": {}, "otherItems": {}, "netIncome": 185442000, "netIncomeApplicableToCommonShares": 185442000}], "maxAge": 86400}, "cashflowStatementHistoryQuarterly": {"cashflowStatements": [{"maxAge": 1, "endDate": "2020-12-31", "netIncome": 243921000, "changeToLiabilities": 0}, {"maxAge": 1, "endDate": "2020-09-30", "netIncome": 207237000, "changeToLiabilities": 0}, {"maxAge": 1, "endDate": "2020-06-30", "netIncome": 96382000, "changeToLiabilities": 0}, {"maxAge": 1, "endDate": "2020-03-31", "netIncome": 185442000, "changeToLiabilities": 0}], "maxAge": 86400}, "earnings": {"maxAge": 86400, "earningsChart": {"quarterly": [{"date": "2Q2017", "actual": 1.36, "estimate": 1.5}, {"date": "3Q2017", "actual": 1.68, "estimate": 1.5}, {"date": "4Q2017", "actual": 1.84, "estimate": 1.6}, {"date": "1Q2018", "actual": 2.29, "estimate": 1.7}], "currentQuarterEstimate": 1.9, "currentQuarterEstimateDate": "2Q", "currentQuarterEstimateYear": 2018, "earningsDate": []}, "financialsChart": {"yearly": [{"date": 2017, "revenue": 5193877000, "earnings": 689089000}, {"date": 2018, "revenue": 6284220000, "earnings": 858332000}, {"date": 2019, "revenue": 7479470000, "earnings": 898266000}, {"date": 2020, "revenue": 6996882000, "earnings": 868655000}], "quarterly": [{"date": "1Q2020", "revenue": 1623902000, "earnings": 185442000}, {"date": "2Q2020", "revenue": 1157934000, "earnings": 96382000}, {"date": "3Q2020", "revenue": 1801983000, "earnings": 207237000}, {"date": "4Q2020", "revenue": 2008826000, "earnings": 243921000}]}, "financialCurrency": "INR"}, "financialData": {"maxAge": 86400, "currentPrice": 316.3, "targetHighPrice": 230.0, "targetLowPrice": 183.0, "targetMeanPrice": 208.75, "targetMedianPrice": 211.0, "recommendationMean": 1.8, "recommendationKey": "buy", "numberOfAnalystOpinions": 4, "totalCash": 1218148992, "totalCashPerShare": 10.138, "ebitda": 1059489024, "totalDebt": 14951000, "totalRevenue": 6592645120, "debtToEquity": 0.351, "revenuePerShare": 54.874, "grossProfits": 2831904000, "earningsGrowth": 0.223, "revenueGrowth": 0.194, "grossMargins": 0.39407003, "ebitdaMargins": 0.16070999, "operatingMargins": 0.14174, "profitMargins": 0.11118, "financialCurrency": "INR"}}}