{"ORIENTCEM.NS": {"assetProfile": {"address1": "Birla Tower", "address2": "3rd Floor 25, Barakhamba Road", "city": "New Delhi", "zip": "110001", "country": "India", "phone": "91 11 4209 2100", "fax": "91 11 4109 2198", "website": "http://www.orientcement.com", "industry": "Building Materials", "sector": "Basic Materials", "longBusinessSummary": "Orient Cement Limited manufactures and sells cement in India. The company offers pozzolana and ordinary Portland cement under the Birla.A1 brand name. Its products are used in residential, commercial, infrastructure, industrial, and community projects. Orient Cement Limited was founded in 1979 and is based in New Delhi, India.", "fullTimeEmployees": 1250, "companyOfficers": [{"maxAge": 1, "name": "Mr. Desh Deepak Khetrapal", "age": 65, "title": "CEO & Exec. Director", "yearBorn": 1955, "fiscalYear": 2020, "totalPay": 113080440, "exercisedValue": 0, "unexercisedValue": 0}, {"maxAge": 1, "name": "Mr. Soumitro  Bhattacharyya", "title": "Chief Financial Officer", "fiscalYear": 2020, "totalPay": 17015009, "exercisedValue": 0, "unexercisedValue": 0}, {"maxAge": 1, "name": "Ms. Nidhi  Bisaria", "title": "Compliance Officer & Company Sec.", "fiscalYear": 2018, "exercisedValue": 0, "unexercisedValue": 0}, {"maxAge": 1, "name": "Mr. Manish  Dua", "age": 51, "title": "Pres of Sales & Marketing", "yearBorn": 1969, "fiscalYear": 2019, "exercisedValue": 0, "unexercisedValue": 0}, {"maxAge": 1, "name": "Mr. N. S. Srinivas", "age": 47, "title": "Sr. VP of HR", "yearBorn": 1973, "fiscalYear": 2019, "exercisedValue": 0, "unexercisedValue": 0}, {"maxAge": 1, "name": "Mr. Shiva Kant Pandey", "age": 57, "title": "Pres of Works", "yearBorn": 1963, "fiscalYear": 2019, "exercisedValue": 0, "unexercisedValue": 0}, {"maxAge": 1, "name": "Mr. Pramod Kumar Singhania", "age": 62, "title": "Sr. VP of Works", "yearBorn": 1958, "fiscalYear": 2018, "exercisedValue": 0, "unexercisedValue": 0}, {"maxAge": 1, "name": "Mr. Y. Srinivasa Rao", "age": 53, "title": "Sr. VP of Marketing", "yearBorn": 1967, "fiscalYear": 2019, "exercisedValue": 0, "unexercisedValue": 0}, {"maxAge": 1, "name": "Mr. Keshav  Sharma", "age": 55, "title": "Sr. VP of Marketing & Bus. Excellence", "yearBorn": 1965, "fiscalYear": 2018, "exercisedValue": 0, "unexercisedValue": 0}, {"maxAge": 1, "name": "Mr. Avinash  Joshi", "age": 59, "title": "Sr. VP of Central Procurement", "yearBorn": 1961, "fiscalYear": 2019, "exercisedValue": 0, "unexercisedValue": 0}], "compensationAsOfEpochDate": "2020-12-31 05:30:00", "maxAge": 86400}, "recommendationTrend": {"trend": [{"period": "0m", "strongBuy": 0, "buy": 0, "hold": 0, "sell": 0, "strongSell": 0}, {"period": "-1m", "strongBuy": 0, "buy": 0, "hold": 0, "sell": 0, "strongSell": 0}, {"period": "-2m", "strongBuy": 0, "buy": 0, "hold": 0, "sell": 0, "strongSell": 0}, {"period": "-3m", "strongBuy": 0, "buy": 0, "hold": 0, "sell": 0, "strongSell": 0}], "maxAge": 86400}, "cashflowStatementHistory": {"cashflowStatements": [{"maxAge": 1, "endDate": "2020-03-31", "netIncome": 865897000, "depreciation": 1397720000, "changeToNetincome": 1276997000, "changeToAccountReceivables": 307454000, "changeToLiabilities": -451352000, "changeToInventory": -506463000, "changeToOperatingActivities": 16400000, "totalCashFromOperatingActivities": 2917682000, "capitalExpenditures": -770705000, "investments": -15748000, "otherCashflowsFromInvestingActivities": 49745000, "totalCashflowsFromInvestingActivities": -732492000, "dividendsPaid": -153652000, "netBorrowings": -667221000, "otherCashflowsFromFinancingActivities": -1237724000, "totalCashFromFinancingActivities": -2058597000, "changeInCash": 126593000}, {"maxAge": 1, "endDate": "2019-03-31", "netIncome": 475517000, "depreciation": 1313189000, "changeToNetincome": 1219669000, "changeToAccountReceivables": 159525000, "changeToLiabilities": -101609000, "changeToInventory": -217604000, "changeToOperatingActivities": -49780000, "totalCashFromOperatingActivities": 2812910000, "capitalExpenditures": -1217839000, "investments": -10915000, "otherCashflowsFromInvestingActivities": 24152000, "totalCashflowsFromInvestingActivities": -1199237000, "dividendsPaid": -153652000, "netBorrowings": -249897000, "otherCashflowsFromFinancingActivities": -1310317000, "totalCashFromFinancingActivities": -1713866000, "changeInCash": -100193000}, {"maxAge": 1, "endDate": "2018-03-31", "netIncome": 442214000, "depreciation": 1237468000, "changeToNetincome": 1310178000, "changeToAccountReceivables": -501614000, "changeToLiabilities": 470193000, "changeToInventory": -175474000, "changeToOperatingActivities": -15601000, "totalCashFromOperatingActivities": 2791558000, "capitalExpenditures": -1480689000, "investments": -34793000, "otherCashflowsFromInvestingActivities": 19428000, "totalCashflowsFromInvestingActivities": -1485289000, "dividendsPaid": -122859000, "netBorrowings": -232691000, "otherCashflowsFromFinancingActivities": -1259332000, "totalCashFromFinancingActivities": -1614882000, "changeInCash": -308613000}, {"maxAge": 1, "endDate": "2017-03-31", "netIncome": -320985000, "depreciation": 1195485000, "changeToNetincome": 973175000, "changeToAccountReceivables": 143388000, "changeToLiabilities": 678135000, "changeToInventory": -116175000, "changeToOperatingActivities": 14828000, "totalCashFromOperatingActivities": 2587725000, "capitalExpenditures": -1070161000, "investments": -205082000, "otherCashflowsFromInvestingActivities": 25236000, "totalCashflowsFromInvestingActivities": -1241154000, "dividendsPaid": -245364000, "netBorrowings": 542367000, "otherCashflowsFromFinancingActivities": -1376396000, "totalCashFromFinancingActivities": -1079393000, "changeInCash": 267178000}], "maxAge": 86400}, "indexTrend": {"maxAge": 1, "symbol": "SP5", "peRatio": 19.7411, "pegRatio": 1.34172, "estimates": [{"period": "0q", "growth": 0.549}, {"period": "+1q", "growth": 0.431}, {"period": "0y", "growth": 0.305}, {"period": "+1y", "growth": 0.109}, {"period": "+5y", "growth": 0.120865}, {"period": "-5y"}]}, "defaultKeyStatistics": {"maxAge": 1, "priceHint": 2, "enterpriseValue": 31131459584, "forwardPE": 12.083812, "profitMargins": 0.07377, "floatShares": 118026526, "sharesOutstanding": 204868992, "heldPercentInsiders": 0.46828997, "heldPercentInstitutions": 0.25741, "beta": 1.015532, "category": null, "bookValue": 56.771, "priceToBook": 1.8539395, "fundFamily": null, "legalType": null, "lastFiscalYearEnd": "2020-03-31 05:30:00", "nextFiscalYearEnd": "2022-03-31 05:30:00", "mostRecentQuarter": "2020-12-31 05:30:00", "netIncomeToCommon": 1583735040, "trailingEps": 7.719, "forwardEps": 8.71, "pegRatio": -6.51, "lastSplitFactor": null, "enterpriseToRevenue": 1.45, "enterpriseToEbitda": 6.556}, "industryTrend": {"maxAge": 1, "symbol": null, "estimates": []}, "quoteType": {"exchange": "NSI", "quoteType": "EQUITY", "symbol": "ORIENTCEM.NS", "underlyingSymbol": "ORIENTCEM.NS", "shortName": "ORIENT CEMENT LTD", "longName": "Orient Cement Limited", "firstTradeDateEpochUtc": "2013-07-12 09:15:00", "timeZoneFullName": "Asia/Kolkata", "timeZoneShortName": "IST", "uuid": "deb08375-08fe-3c22-9bc3-dc3a08bcb336", "gmtOffSetMilliseconds": 19800000, "maxAge": 1}, "incomeStatementHistory": {"incomeStatementHistory": [{"maxAge": 1, "endDate": "2020-03-31", "totalRevenue": 24217972000, "costOfRevenue": 8551438000, "grossProfit": 15666534000, "researchDevelopment": {}, "sellingGeneralAdministrative": 9277448000, "nonRecurring": {}, "otherOperatingExpenses": 2560352000, "totalOperatingExpenses": 21797987000, "operatingIncome": 2419985000, "totalOtherIncomeExpenseNet": -1045998000, "ebit": 2419985000, "interestExpense": -1173790000, "incomeBeforeTax": 1373987000, "incomeTaxExpense": 508090000, "minorityInterest": {}, "netIncomeFromContinuingOps": 865897000, "discontinuedOperations": {}, "extraordinaryItems": {}, "effectOfAccountingCharges": {}, "otherItems": {}, "netIncome": 865897000, "netIncomeApplicableToCommonShares": 865897000}, {"maxAge": 1, "endDate": "2019-03-31", "totalRevenue": 25221693000, "costOfRevenue": 9747840000, "grossProfit": 15473853000, "researchDevelopment": {}, "sellingGeneralAdministrative": 9799057000, "nonRecurring": {}, "otherOperatingExpenses": 2554377000, "totalOperatingExpenses": 23428466000, "operatingIncome": 1793227000, "totalOtherIncomeExpenseNet": -1045318000, "ebit": 1793227000, "interestExpense": -1137067000, "incomeBeforeTax": 747909000, "incomeTaxExpense": 272392000, "minorityInterest": {}, "netIncomeFromContinuingOps": 475517000, "discontinuedOperations": {}, "extraordinaryItems": {}, "effectOfAccountingCharges": {}, "otherItems": {}, "netIncome": 475517000, "netIncomeApplicableToCommonShares": 475517000}, {"maxAge": 1, "endDate": "2018-03-31", "totalRevenue": 22223430000, "costOfRevenue": 8917177000, "grossProfit": 13306253000, "researchDevelopment": {}, "sellingGeneralAdministrative": 7842530000, "nonRecurring": {}, "otherOperatingExpenses": 2401904000, "totalOperatingExpenses": 20423273000, "operatingIncome": 1800157000, "totalOtherIncomeExpenseNet": -1099845000, "ebit": 1800157000, "interestExpense": -1228053000, "incomeBeforeTax": 700312000, "incomeTaxExpense": 258098000, "minorityInterest": {}, "netIncomeFromContinuingOps": 442214000, "discontinuedOperations": {}, "extraordinaryItems": {}, "effectOfAccountingCharges": {}, "otherItems": {}, "netIncome": 442214000, "netIncomeApplicableToCommonShares": 442214000}, {"maxAge": 1, "endDate": "2017-03-31", "totalRevenue": 18747532000, "costOfRevenue": 3528241000, "grossProfit": 15219291000, "researchDevelopment": {}, "sellingGeneralAdministrative": 1690092000, "nonRecurring": {}, "otherOperatingExpenses": 11739434000, "totalOperatingExpenses": 18173126000, "operatingIncome": 574406000, "totalOtherIncomeExpenseNet": -1239212000, "ebit": 574406000, "interestExpense": -1299886000, "incomeBeforeTax": -664806000, "incomeTaxExpense": -343821000, "minorityInterest": {}, "netIncomeFromContinuingOps": -320985000, "discontinuedOperations": {}, "extraordinaryItems": {}, "effectOfAccountingCharges": {}, "otherItems": {}, "netIncome": -320985000, "netIncomeApplicableToCommonShares": -320985000}], "maxAge": 86400}, "fundOwnership": {"ownershipList": [{"maxAge": 1, "reportDate": "2021-01-31", "organization": "DFA Emerging Markets Core Equity Portfolio", "pctHeld": 0.0029, "position": 596263, "value": 50414036}, {"maxAge": 1, "reportDate": "2021-01-31", "organization": "DFA Investment Dimensions-DFA Emerging Mkts Value", "pctHeld": 0.0027, "position": 556320, "value": 47036856}, {"maxAge": 1, "reportDate": "2021-01-31", "organization": "DFA Emerging Markets Small Cap Series", "pctHeld": 0.0018000001, "position": 363955, "value": 30772395}, {"maxAge": 1, "reportDate": "2021-03-31", "organization": "SEI Institutional Investment Tr-Screened World Equity Ex-U.S. Fd", "pctHeld": 0.00029999999, "position": 70124, "value": 6858127}, {"maxAge": 1, "reportDate": "2021-03-31", "organization": "Avantis Emerging Markets Equity Fund", "pctHeld": 0.0002, "position": 46236, "value": 4521880}, {"maxAge": 1, "reportDate": "2021-02-28", "organization": "Avantis Emerging Markets Equity ETF", "pctHeld": 0.0002, "position": 46236, "value": 4244464}, {"maxAge": 1, "reportDate": "2021-01-31", "organization": "DFA Investment Dimensions-Emerging Markets Social Core Equity", "pctHeld": 0.0001, "position": 28090, "value": 2375009}, {"maxAge": 1, "reportDate": "2021-01-31", "organization": "DFA Investment Dimensions-World Ex U.S. Core Equity Port", "pctHeld": 0.0001, "position": 24311, "value": 2055495}, {"maxAge": 1, "reportDate": "2021-01-31", "organization": "DFA T.A. World Ex U.S. Core Equity Portfolio", "pctHeld": 0.0001, "position": 19771, "value": 1671638}, {"maxAge": 1, "reportDate": "2021-01-31", "organization": "John Hancock Fds II-Emerging Markets Fund", "pctHeld": 0.0001, "position": 11602, "value": 980949}], "maxAge": 1}, "summaryDetail": {"maxAge": 1, "priceHint": 2, "previousClose": 105.5, "open": 105.5, "dayLow": 104.75, "dayHigh": 106.95, "regularMarketPreviousClose": 105.5, "regularMarketOpen": 105.5, "regularMarketDayLow": 104.75, "regularMarketDayHigh": 106.95, "dividendRate": 1.25, "dividendYield": 0.0119, "exDividendDate": "2021-02-08 05:30:00", "payoutRatio": 0.096999995, "beta": 1.015532, "trailingPE": 13.635186, "forwardPE": 12.083812, "volume": 431211, "regularMarketVolume": 431211, "averageVolume": 770194, "averageVolume10days": 466208, "averageDailyVolume10Day": 466208, "bid": 0.0, "ask": 0.0, "bidSize": 0, "askSize": 0, "marketCap": 21562462208, "fiftyTwoWeekLow": 35.1, "fiftyTwoWeekHigh": 114.0, "priceToSalesTrailing12Months": 1.0043094, "fiftyDayAverage": 98.09412, "twoHundredDayAverage": 79.891846, "trailingAnnualDividendRate": 0.75, "trailingAnnualDividendYield": 0.0071090045, "currency": "INR", "fromCurrency": null, "lastMarket": null, "algorithm": null, "tradeable": false}, "insiderHolders": {"holders": [{"maxAge": 1, "name": "Ashok Investments Corporation Ltd", "relation": "Promoter", "url": "", "transactionDescription": "Acquisition", "latestTransDate": "2021-03-12", "positionDirect": 360000, "positionDirectDate": "2021-03-12"}, {"maxAge": 1, "name": "Birla (Amita)", "relation": "Director (Non-Executive)", "url": "", "transactionDescription": "Acquisition", "latestTransDate": "2017-04-11", "positionDirect": 388000, "positionDirectDate": "2017-04-11"}, {"maxAge": 1, "name": "Birla (Chandra Kant)", "relation": "Non Executive Chairman", "url": "", "transactionDescription": "Acquisition", "latestTransDate": "2017-04-11", "positionDirect": 3153570, "positionDirectDate": "2017-04-11"}, {"maxAge": 1, "name": "Birla (Nirmala)", "relation": "Promoter", "url": "", "transactionDescription": "Sale", "latestTransDate": "2021-03-12", "positionDirect": 3021680, "positionDirectDate": "2021-03-12"}, {"maxAge": 1, "name": "Franklin Templeton Mutual Fund A/c Franklin India", "relation": "Promoter", "url": "", "transactionDescription": "Acquisition", "latestTransDate": "2020-01-08", "positionDirect": 14600000, "positionDirectDate": "2020-01-08"}, {"maxAge": 1, "name": "Shekhavati Investments & Traders Ltd", "relation": "Promoter", "url": "", "transactionDescription": "Acquisition", "latestTransDate": "2021-03-12", "positionDirect": 12360865, "positionDirectDate": "2021-03-12"}, {"maxAge": 1, "name": "Universal Trading Company Ltd", "relation": "Promoter", "url": "", "transactionDescription": "Acquisition", "latestTransDate": "2017-04-11", "positionDirect": 972280, "positionDirectDate": "2017-04-11"}], "maxAge": 1}, "calendarEvents": {"maxAge": 1, "earnings": {"earningsDate": [], "earningsAverage": 0.1, "earningsLow": 0.1, "earningsHigh": 0.1, "revenueAverage": 5746500000, "revenueLow": 5608000000, "revenueHigh": 5854000000}, "exDividendDate": "2021-02-08 05:30:00"}, "upgradeDowngradeHistory": {"history": [], "maxAge": 86400}, "price": {"maxAge": 1, "regularMarketChangePercent": -0.0023696683, "regularMarketChange": -0.25, "regularMarketTime": "2021-04-30 15:29:55", "priceHint": 2, "regularMarketPrice": 105.25, "regularMarketDayHigh": 106.95, "regularMarketDayLow": 104.75, "regularMarketVolume": 431211, "averageDailyVolume10Day": 466208, "averageDailyVolume3Month": 770194, "regularMarketPreviousClose": 105.5, "regularMarketSource": "FREE_REALTIME", "regularMarketOpen": 105.5, "exchange": "NSI", "exchangeName": "NSE", "exchangeDataDelayedBy": 15, "marketState": "CLOSED", "quoteType": "EQUITY", "symbol": "ORIENTCEM.NS", "underlyingSymbol": null, "shortName": "ORIENT CEMENT LTD", "longName": "Orient Cement Limited", "currency": "INR", "quoteSourceName": "Delayed Quote", "currencySymbol": "\u20b9", "fromCurrency": null, "lastMarket": null, "marketCap": 21562462208}, "balanceSheetHistory": {"balanceSheetStatements": [{"maxAge": 1, "endDate": "2020-03-31", "cash": 347005000, "netReceivables": 1790052000, "inventory": 2366140000, "otherCurrentAssets": 305958000, "totalCurrentAssets": 4847253000, "propertyPlantEquipment": 22799265000, "intangibleAssets": 583585000, "otherAssets": 767820000, "totalAssets": 28997923000, "accountsPayable": 1763520000, "shortLongTermDebt": 907091000, "otherCurrentLiab": 1489787000, "longTermDebt": 11353913000, "otherLiab": 1618540000, "totalCurrentLiabilities": 4828362000, "totalLiab": 17814233000, "commonStock": 204869000, "retainedEarnings": 10861987000, "treasuryStock": 116834000, "otherStockholderEquity": 116834000, "totalStockholderEquity": 11183690000, "netTangibleAssets": 10600105000}, {"maxAge": 1, "endDate": "2019-03-31", "cash": 220412000, "netReceivables": 1993900000, "inventory": 1859677000, "otherCurrentAssets": 443651000, "totalCurrentAssets": 4555894000, "propertyPlantEquipment": 23410273000, "intangibleAssets": 613197000, "otherAssets": 689524000, "totalAssets": 29268888000, "accountsPayable": 1865013000, "shortLongTermDebt": 590053000, "otherCurrentLiab": 1530862000, "longTermDebt": 12262423000, "otherLiab": 1394459000, "totalCurrentLiabilities": 5076944000, "totalLiab": 18733826000, "commonStock": 204869000, "retainedEarnings": 10182475000, "treasuryStock": 147718000, "otherStockholderEquity": 147718000, "totalStockholderEquity": 10535062000, "netTangibleAssets": 9921865000}, {"maxAge": 1, "endDate": "2018-03-31", "cash": 320605000, "netReceivables": 1711835000, "inventory": 1642073000, "otherCurrentAssets": 859508000, "totalCurrentAssets": 4560873000, "longTermInvestments": 56442000, "propertyPlantEquipment": 23439451000, "intangibleAssets": 649864000, "otherAssets": 662865000, "totalAssets": 29369495000, "accountsPayable": 2001223000, "shortLongTermDebt": 507815000, "otherCurrentLiab": 1881834000, "longTermDebt": 11384804000, "otherLiab": 1341451000, "totalCurrentLiabilities": 6422014000, "totalLiab": 19148269000, "commonStock": 204869000, "retainedEarnings": 9899130000, "treasuryStock": 117227000, "otherStockholderEquity": 117227000, "totalStockholderEquity": 10221226000, "netTangibleAssets": 9571362000}, {"maxAge": 1, "endDate": "2017-03-31", "cash": 629201000, "shortTermInvestments": 2442000, "netReceivables": 1329586000, "inventory": 1466599000, "otherCurrentAssets": 875349000, "totalCurrentAssets": 4324115000, "propertyPlantEquipment": 23285311000, "intangibleAssets": 652190000, "otherAssets": 569424000, "totalAssets": 28831040000, "accountsPayable": 2006248000, "shortLongTermDebt": 490089000, "otherCurrentLiab": 1813668000, "longTermDebt": 11884902000, "otherLiab": 1253687000, "totalCurrentLiabilities": 5820636000, "totalLiab": 18959225000, "commonStock": 204869000, "retainedEarnings": 9585104000, "treasuryStock": 81842000, "otherStockholderEquity": 81842000, "totalStockholderEquity": 9871815000, "netTangibleAssets": 9219625000}], "maxAge": 86400}, "earningsTrend": {"trend": [{"maxAge": 1, "period": "0q", "endDate": "2018-06-30", "growth": -0.94699997, "earningsEstimate": {"avg": 0.1, "low": 0.1, "high": 0.1, "yearAgoEps": 1.9, "numberOfAnalysts": 1, "growth": -0.94699997}, "revenueEstimate": {"avg": 5746500000, "low": 5608000000, "high": 5854000000, "numberOfAnalysts": 4, "yearAgoRevenue": 5682340000, "growth": 0.011}, "epsTrend": {"current": 0.1, "7daysAgo": 0.0, "30daysAgo": 0.0, "60daysAgo": 0.0, "90daysAgo": 0.0}, "epsRevisions": {"upLast7days": 0, "upLast30days": 0, "downLast30days": 0, "downLast90days": {}}}, {"maxAge": 1, "period": "+1q", "endDate": "2018-09-30", "growth": {}, "earningsEstimate": {"avg": 0.0, "low": 0.0, "high": 0.0, "yearAgoEps": 0.5, "numberOfAnalysts": 0, "growth": {}}, "revenueEstimate": {"avg": 0, "low": 0, "high": 0, "numberOfAnalysts": 0, "yearAgoRevenue": {}, "growth": {}}, "epsTrend": {"current": 0.0, "7daysAgo": 0.0, "30daysAgo": 0.0, "60daysAgo": 0.0, "90daysAgo": 0.0}, "epsRevisions": {"upLast7days": 0, "upLast30days": 0, "downLast30days": 0, "downLast90days": {}}}, {"maxAge": 1, "period": "0y", "endDate": "2019-03-31", "growth": 1.597, "earningsEstimate": {"avg": 5.61, "low": 3.7, "high": 7.6, "yearAgoEps": 2.16, "numberOfAnalysts": 11, "growth": 1.597}, "revenueEstimate": {"avg": 25799800000, "low": 24702000000, "high": 28926000000, "numberOfAnalysts": 11, "yearAgoRevenue": 22223400000, "growth": 0.161}, "epsTrend": {"current": 5.61, "7daysAgo": 5.61, "30daysAgo": 6.09, "60daysAgo": 6.12, "90daysAgo": 7.04}, "epsRevisions": {"upLast7days": 0, "upLast30days": 0, "downLast30days": 0, "downLast90days": {}}}, {"maxAge": 1, "period": "+1y", "endDate": "2020-03-31", "growth": 0.553, "earningsEstimate": {"avg": 8.71, "low": 5.6, "high": 12.5, "yearAgoEps": 5.61, "numberOfAnalysts": 12, "growth": 0.553}, "revenueEstimate": {"avg": 30472600000, "low": 26294000000, "high": 39640000000, "numberOfAnalysts": 13, "yearAgoRevenue": 25799800000, "growth": 0.18100001}, "epsTrend": {"current": 8.71, "7daysAgo": 8.71, "30daysAgo": 8.71, "60daysAgo": 8.8, "90daysAgo": 10.05}, "epsRevisions": {"upLast7days": 0, "upLast30days": 0, "downLast30days": 0, "downLast90days": {}}}, {"maxAge": 1, "period": "+5y", "endDate": null, "growth": -0.03, "earningsEstimate": {"avg": {}, "low": {}, "high": {}, "yearAgoEps": {}, "numberOfAnalysts": {}, "growth": {}}, "revenueEstimate": {"avg": {}, "low": {}, "high": {}, "numberOfAnalysts": {}, "yearAgoRevenue": {}, "growth": {}}, "epsTrend": {"current": {}, "7daysAgo": {}, "30daysAgo": {}, "60daysAgo": {}, "90daysAgo": {}}, "epsRevisions": {"upLast7days": {}, "upLast30days": {}, "downLast30days": {}, "downLast90days": {}}}, {"maxAge": 1, "period": "-5y", "endDate": null, "growth": -0.24598, "earningsEstimate": {"avg": {}, "low": {}, "high": {}, "yearAgoEps": {}, "numberOfAnalysts": {}, "growth": {}}, "revenueEstimate": {"avg": {}, "low": {}, "high": {}, "numberOfAnalysts": {}, "yearAgoRevenue": {}, "growth": {}}, "epsTrend": {"current": {}, "7daysAgo": {}, "30daysAgo": {}, "60daysAgo": {}, "90daysAgo": {}}, "epsRevisions": {"upLast7days": {}, "upLast30days": {}, "downLast30days": {}, "downLast90days": {}}}], "maxAge": 1}, "institutionOwnership": {"ownershipList": [], "maxAge": 1}, "majorHoldersBreakdown": {"maxAge": 1, "insidersPercentHeld": 0.46828997, "institutionsPercentHeld": 0.25741, "institutionsFloatPercentHeld": 0.48411998, "institutionsCount": 13}, "balanceSheetHistoryQuarterly": {"balanceSheetStatements": [{"maxAge": 1, "endDate": "2020-12-31", "totalStockholderEquity": 11627538000, "netTangibleAssets": 11052316000}, {"maxAge": 1, "endDate": "2020-09-30", "cash": 674966000, "shortTermInvestments": 311048000, "netReceivables": 941123000, "inventory": 1921527000, "otherCurrentAssets": 286440000, "totalCurrentAssets": 4135104000, "longTermInvestments": 284150000, "propertyPlantEquipment": 22230239000, "intangibleAssets": 575222000, "otherAssets": 518233000, "totalAssets": 27742948000, "accountsPayable": 1329614000, "otherCurrentLiab": 1918174000, "longTermDebt": 10542812000, "otherLiab": 1839849000, "totalCurrentLiabilities": 3730577000, "totalLiab": 16115410000, "commonStock": 204869000, "treasuryStock": 11422669000, "otherStockholderEquity": 11422669000, "totalStockholderEquity": 11627538000, "netTangibleAssets": 11052316000}, {"maxAge": 1, "endDate": "2020-06-30", "totalStockholderEquity": 11183690000, "netTangibleAssets": 10600105000}, {"maxAge": 1, "endDate": "2020-03-31", "cash": 347005000, "netReceivables": 1790052000, "inventory": 2366140000, "otherCurrentAssets": 305958000, "totalCurrentAssets": 4847253000, "propertyPlantEquipment": 22799265000, "intangibleAssets": 583585000, "otherAssets": 767820000, "totalAssets": 28997923000, "accountsPayable": 1763520000, "shortLongTermDebt": 907091000, "otherCurrentLiab": 1489787000, "longTermDebt": 11353913000, "otherLiab": 1618540000, "totalCurrentLiabilities": 4828362000, "totalLiab": 17814233000, "commonStock": 204869000, "retainedEarnings": 10861987000, "treasuryStock": 116834000, "otherStockholderEquity": 116834000, "totalStockholderEquity": 11183690000, "netTangibleAssets": 10600105000}], "maxAge": 86400}, "earningsHistory": {"history": [{"maxAge": 1, "epsActual": 1.9, "epsEstimate": 1.45, "epsDifference": 0.45, "surprisePercent": 0.31, "quarter": "2017-06-30", "period": "-4q"}, {"maxAge": 1, "epsActual": 0.5, "epsEstimate": 0.63, "epsDifference": -0.13, "surprisePercent": -0.206, "quarter": "2017-09-30", "period": "-3q"}, {"maxAge": 1, "epsActual": -0.86, "epsEstimate": 0.4, "epsDifference": -1.26, "surprisePercent": -3.15, "quarter": "2017-12-31", "period": "-2q"}, {"maxAge": 1, "epsActual": 0.63, "epsEstimate": 0.4, "epsDifference": 0.23, "surprisePercent": 0.575, "quarter": "2018-03-31", "period": "-1q"}], "maxAge": 86400}, "summaryProfile": {"address1": "Birla Tower", "address2": "3rd Floor 25, Barakhamba Road", "city": "New Delhi", "zip": "110001", "country": "India", "phone": "91 11 4209 2100", "fax": "91 11 4109 2198", "website": "http://www.orientcement.com", "industry": "Building Materials", "sector": "Basic Materials", "longBusinessSummary": "Orient Cement Limited manufactures and sells cement in India. The company offers pozzolana and ordinary Portland cement under the Birla.A1 brand name. Its products are used in residential, commercial, infrastructure, industrial, and community projects. Orient Cement Limited was founded in 1979 and is based in New Delhi, India.", "fullTimeEmployees": 1250, "companyOfficers": [], "maxAge": 86400}, "netSharePurchaseActivity": {"maxAge": 1, "period": "6m", "buyInfoCount": 0, "buyInfoShares": 0, "sellInfoCount": 0, "netInfoCount": 0, "netInfoShares": 0, "netPercentInsiderShares": 0.0, "totalInsiderShares": 95942640}, "insiderTransactions": {"transactions": [{"maxAge": 1, "shares": 100000, "value": 141730, "filerUrl": "", "transactionText": "Acquisition at price 1.42 per share.", "filerName": "Ashok Investments Corporation Ltd", "filerRelation": "Promoter", "moneyText": "", "startDate": "2021-03-12", "ownership": "D"}, {"maxAge": 1, "shares": 140000, "value": 197624, "filerUrl": "", "transactionText": "Sale at price 1.41 per share.", "filerName": "Birla (Nirmala)", "filerRelation": "Promoter", "moneyText": "", "startDate": "2021-03-12", "ownership": "D"}, {"maxAge": 1, "shares": 40865, "value": 57713, "filerUrl": "", "transactionText": "Acquisition at price 1.41 per share.", "filerName": "Shekhavati Investments & Traders Ltd", "filerRelation": "Promoter", "moneyText": "", "startDate": "2021-03-12", "ownership": "D"}, {"maxAge": 1, "shares": 550000, "filerUrl": "", "transactionText": "", "filerName": "Franklin Templeton Mutual Fund A/c Franklin India", "filerRelation": "Promoter", "moneyText": "", "startDate": "2020-01-08", "ownership": "D"}, {"maxAge": 1, "shares": 128000, "filerUrl": "", "transactionText": "", "filerName": "Birla (Amita)", "filerRelation": "Director (Non-Executive)", "moneyText": "", "startDate": "2017-04-11", "ownership": "D"}, {"maxAge": 1, "shares": 256000, "filerUrl": "", "transactionText": "", "filerName": "Birla (Chandra Kant)", "filerRelation": "Non Executive Chairman", "moneyText": "", "startDate": "2017-04-11", "ownership": "D"}, {"maxAge": 1, "shares": 512000, "filerUrl": "", "transactionText": "", "filerName": "Birla (Nirmala)", "filerRelation": "Promoter", "moneyText": "", "startDate": "2017-04-11", "ownership": "D"}, {"maxAge": 1, "shares": 128000, "filerUrl": "", "transactionText": "", "filerName": "Universal Trading Company Ltd", "filerRelation": "Promoter", "moneyText": "", "startDate": "2017-04-11", "ownership": "D"}], "maxAge": 1}, "sectorTrend": {"maxAge": 1, "symbol": null, "estimates": []}, "incomeStatementHistoryQuarterly": {"incomeStatementHistory": [{"maxAge": 1, "endDate": "2020-12-31", "totalRevenue": 6046119000, "costOfRevenue": 1726518000, "grossProfit": 4319601000, "researchDevelopment": {}, "sellingGeneralAdministrative": 2012564000, "nonRecurring": {}, "otherOperatingExpenses": 940170000, "totalOperatingExpenses": 5038983000, "operatingIncome": 1007136000, "totalOtherIncomeExpenseNet": -169790000, "ebit": 1007136000, "interestExpense": -243497000, "incomeBeforeTax": 837346000, "incomeTaxExpense": 298515000, "minorityInterest": {}, "netIncomeFromContinuingOps": 538831000, "discontinuedOperations": {}, "extraordinaryItems": {}, "effectOfAccountingCharges": {}, "otherItems": {}, "netIncome": 538831000, "netIncomeApplicableToCommonShares": 538831000}, {"maxAge": 1, "endDate": "2020-09-30", "totalRevenue": 4774966000, "costOfRevenue": 1405981000, "grossProfit": 3368985000, "researchDevelopment": {}, "sellingGeneralAdministrative": 1559615000, "nonRecurring": {}, "otherOperatingExpenses": 677027000, "totalOperatingExpenses": 3996264000, "operatingIncome": 778702000, "totalOtherIncomeExpenseNet": -236430000, "ebit": 778702000, "interestExpense": -263307000, "incomeBeforeTax": 542272000, "incomeTaxExpense": 194085000, "minorityInterest": {}, "netIncomeFromContinuingOps": 348187000, "discontinuedOperations": {}, "extraordinaryItems": {}, "effectOfAccountingCharges": {}, "otherItems": {}, "netIncome": 348187000, "netIncomeApplicableToCommonShares": 348187000}, {"maxAge": 1, "endDate": "2020-06-30", "totalRevenue": 4103630000, "costOfRevenue": 1228366000, "grossProfit": 2875264000, "researchDevelopment": {}, "sellingGeneralAdministrative": 1323154000, "nonRecurring": {}, "otherOperatingExpenses": 569850000, "totalOperatingExpenses": 3467745000, "operatingIncome": 635885000, "totalOtherIncomeExpenseNet": -213913000, "ebit": 635885000, "interestExpense": -270191000, "incomeBeforeTax": 421972000, "incomeTaxExpense": 165925000, "minorityInterest": {}, "netIncomeFromContinuingOps": 256047000, "discontinuedOperations": {}, "extraordinaryItems": {}, "effectOfAccountingCharges": {}, "otherItems": {}, "netIncome": 256047000, "netIncomeApplicableToCommonShares": 256047000}, {"maxAge": 1, "endDate": "2020-03-31", "totalRevenue": 6545224000, "costOfRevenue": 2644952000, "grossProfit": 3900272000, "researchDevelopment": {}, "sellingGeneralAdministrative": 3057813000, "nonRecurring": {}, "otherOperatingExpenses": -404573000, "totalOperatingExpenses": 5642850000, "operatingIncome": 902374000, "totalOtherIncomeExpenseNet": -205894000, "ebit": 902374000, "interestExpense": -229983000, "incomeBeforeTax": 696480000, "incomeTaxExpense": 255810000, "minorityInterest": {}, "netIncomeFromContinuingOps": 440670000, "discontinuedOperations": {}, "extraordinaryItems": {}, "effectOfAccountingCharges": {}, "otherItems": {}, "netIncome": 440670000, "netIncomeApplicableToCommonShares": 440670000}], "maxAge": 86400}, "cashflowStatementHistoryQuarterly": {"cashflowStatements": [{"maxAge": 1, "endDate": "2020-12-31", "netIncome": 538831000, "changeToLiabilities": 0}, {"maxAge": 1, "endDate": "2020-09-30", "netIncome": 348187000, "changeToLiabilities": 0}, {"maxAge": 1, "endDate": "2020-06-30", "netIncome": 256047000, "changeToLiabilities": 0}, {"maxAge": 1, "endDate": "2020-03-31", "netIncome": 440670000, "changeToLiabilities": 0}], "maxAge": 86400}, "earnings": {"maxAge": 86400, "earningsChart": {"quarterly": [{"date": "2Q2017", "actual": 1.9, "estimate": 1.45}, {"date": "3Q2017", "actual": 0.5, "estimate": 0.63}, {"date": "4Q2017", "actual": -0.86, "estimate": 0.4}, {"date": "1Q2018", "actual": 0.63, "estimate": 0.4}], "currentQuarterEstimate": 0.1, "currentQuarterEstimateDate": "2Q", "currentQuarterEstimateYear": 2018, "earningsDate": []}, "financialsChart": {"yearly": [{"date": 2017, "revenue": 18747532000, "earnings": -320985000}, {"date": 2018, "revenue": 22223430000, "earnings": 442214000}, {"date": 2019, "revenue": 25221693000, "earnings": 475517000}, {"date": 2020, "revenue": 24217972000, "earnings": 865897000}], "quarterly": [{"date": "1Q2020", "revenue": 6545224000, "earnings": 440670000}, {"date": "2Q2020", "revenue": 4103630000, "earnings": 256047000}, {"date": "3Q2020", "revenue": 4774966000, "earnings": 348187000}, {"date": "4Q2020", "revenue": 6046119000, "earnings": 538831000}]}, "financialCurrency": "INR"}, "financialData": {"maxAge": 86400, "currentPrice": 105.25, "targetHighPrice": 205.0, "targetLowPrice": 116.0, "targetMeanPrice": 157.93, "targetMedianPrice": 160.0, "recommendationMean": 2.7, "recommendationKey": "hold", "numberOfAnalystOpinions": 15, "totalCash": 986014016, "totalCashPerShare": 4.813, "ebitda": 4748535296, "totalDebt": 10553990144, "totalRevenue": 21469939712, "debtToEquity": 90.767, "revenuePerShare": 104.64, "grossProfits": 15666534000, "revenueGrowth": 0.071, "grossMargins": 0.67417, "ebitdaMargins": 0.22117001, "operatingMargins": 0.15483, "profitMargins": 0.07377, "financialCurrency": "INR"}}}