{"ORIENTELEC.NS": {"assetProfile": {"address1": "240, Okhla Industrial Estate", "address2": "Phase III 1st Floor Okhla", "city": "New Delhi", "zip": "110020", "country": "India", "phone": "91 11 4050 7000", "fax": "91 11 4050 7004", "website": "http://www.orientelectric.com", "industry": "Furnishings, Fixtures & Appliances", "sector": "Consumer Cyclical", "longBusinessSummary": "Orient Electric Limited manufactures/purchases and sells electrical consumer durables, and lighting and switchgear products in India. The company operates in two segments, Electrical Consumer Durables, and Lighting and Switchgear segments. It offers ceiling, portable, airflow, wall, lifestyle, stand, pedestal, table, exhaust, and multi-utility fans, as well as related components and accessories; and home appliances, such as air coolers, room and water heaters, oil filled radiators, heat convectors, dry irons, mixer grinders, juicer mixer grinders, wet grinders, electric kettles and rice cookers, induction cooktops, electric choppers and toasters, and electric hand mixers. The company also provides lighting products comprising LED bulbs and luminaires, LED lamps and tubes, professional lighting products, CFLs, fluorescent tube lights, incandescent lamps, and conventional fittings; and switchgears, including miniature and residual current circuit breakers, distribution boards, isolators, and modular switches and plates, as well as wiring accessories. It also exports its products to approximately 32 international markets. The company sells its products through a network of dealers and retail outlets, as well as online. It also franchises smart shops. Orient Electric Limited was incorporated in 2016 and is headquartered in New Delhi, India.", "fullTimeEmployees": 997, "companyOfficers": [{"maxAge": 1, "name": "Mr. Rakesh  Khanna", "age": 58, "title": "MD, CEO & Exec. Director", "yearBorn": 1962, "fiscalYear": 2020, "totalPay": 33000000, "exercisedValue": 0, "unexercisedValue": 0}, {"maxAge": 1, "name": "Mr. Saibal  Sengupta", "age": 55, "title": "Chief Financial Officer", "yearBorn": 1965, "fiscalYear": 2020, "totalPay": 18500000, "exercisedValue": 0, "unexercisedValue": 0}, {"maxAge": 1, "name": "Mr. Hitesh Kumar Jain", "title": "Compliance Officer & Company Sec.", "fiscalYear": 2020, "totalPay": 4000000, "exercisedValue": 0, "unexercisedValue": 0}, {"maxAge": 1, "name": "Mr. Ravi  Chopra", "age": 45, "title": "VP of HR", "yearBorn": 1975, "exercisedValue": 0, "unexercisedValue": 0}, {"maxAge": 1, "name": "Mr. Arvind Kumar Singh", "age": 54, "title": "VP & Head of Manufacturing \u00c2\u0096 Fans", "yearBorn": 1966, "exercisedValue": 0, "unexercisedValue": 0}, {"maxAge": 1, "name": "Mr. Puneet  Dhawan", "age": 52, "title": "Exec. VP of Lighting BU & Switchgear - Wiring Accessories", "yearBorn": 1968, "exercisedValue": 0, "unexercisedValue": 0}, {"maxAge": 1, "name": "Mr. Atul  Jain", "age": 53, "title": "Exec. VP of Fans BU & International Bus.", "yearBorn": 1967, "exercisedValue": 0, "unexercisedValue": 0}, {"maxAge": 1, "name": "Mr. Ashok Kumar Singh", "age": 56, "title": "SBU Head of Switchgear & Wiring Accessories", "yearBorn": 1964, "exercisedValue": 0, "unexercisedValue": 0}, {"maxAge": 1, "name": "Mr. Srihari Madhava Rao", "age": 48, "title": "Sr. VP of Innovation", "yearBorn": 1972, "exercisedValue": 0, "unexercisedValue": 0}, {"maxAge": 1, "name": "Mr. Salil  Kapoor", "title": "Bus. Head of Appliances", "exercisedValue": 0, "unexercisedValue": 0}], "compensationAsOfEpochDate": "2020-12-31 05:30:00", "maxAge": 86400}, "recommendationTrend": {"trend": [{"period": "0m", "strongBuy": 0, "buy": 0, "hold": 0, "sell": 0, "strongSell": 0}, {"period": "-1m", "strongBuy": 0, "buy": 0, "hold": 0, "sell": 0, "strongSell": 0}, {"period": "-2m", "strongBuy": 0, "buy": 0, "hold": 0, "sell": 0, "strongSell": 0}, {"period": "-3m", "strongBuy": 0, "buy": 0, "hold": 0, "sell": 0, "strongSell": 0}], "maxAge": 86400}, "cashflowStatementHistory": {"cashflowStatements": [{"maxAge": 1, "endDate": "2020-03-31", "netIncome": 786200000, "depreciation": 397700000, "changeToNetincome": 527500000, "changeToAccountReceivables": 81300000, "changeToLiabilities": -200500000, "changeToInventory": -225400000, "changeToOperatingActivities": -77900000, "totalCashFromOperatingActivities": 1292400000, "capitalExpenditures": -526400000, "investments": -3700000, "otherCashflowsFromInvestingActivities": 17100000, "totalCashflowsFromInvestingActivities": -508300000, "dividendsPaid": -244000000, "netBorrowings": -475800000, "otherCashflowsFromFinancingActivities": -308800000, "totalCashFromFinancingActivities": -1028600000, "changeInCash": -244500000}, {"maxAge": 1, "endDate": "2019-03-31", "netIncome": 693100000, "depreciation": 221000000, "changeToNetincome": 699200000, "changeToAccountReceivables": -309600000, "changeToLiabilities": 803100000, "changeToInventory": -549000000, "changeToOperatingActivities": -247700000, "totalCashFromOperatingActivities": 1319600000, "capitalExpenditures": -348300000, "investments": 3000000, "otherCashflowsFromInvestingActivities": 29700000, "totalCashflowsFromInvestingActivities": -311800000, "dividendsPaid": -212200000, "netBorrowings": -512900000, "otherCashflowsFromFinancingActivities": -272600000, "totalCashFromFinancingActivities": -997700000, "changeInCash": 10100000}, {"maxAge": 1, "endDate": "2018-03-31", "netIncome": 640300000, "depreciation": 187500000, "changeToNetincome": 564500000, "changeToAccountReceivables": -341100000, "changeToLiabilities": 925700000, "changeToInventory": -325400000, "changeToOperatingActivities": -748500000, "totalCashFromOperatingActivities": 913000000, "capitalExpenditures": -257500000, "investments": -2600000, "otherCashflowsFromInvestingActivities": 33700000, "totalCashflowsFromInvestingActivities": -222700000, "dividendsPaid": -106100000, "netBorrowings": -245900000, "otherCashflowsFromFinancingActivities": -266600000, "totalCashFromFinancingActivities": -618600000, "changeInCash": 71700000}, {"maxAge": 1, "endDate": "2017-03-31", "netIncome": 1418784000, "depreciation": 194472000, "changeToNetincome": 1506396000, "changeToAccountReceivables": -6857544000, "changeToLiabilities": 7434048000, "changeToInventory": 3672492000, "changeToOperatingActivities": -340656000, "totalCashFromOperatingActivities": 7043856000, "capitalExpenditures": -737196000, "investments": -5400000, "otherCashflowsFromInvestingActivities": 37524000, "totalCashflowsFromInvestingActivities": -705072000, "dividendsPaid": -106100000, "netBorrowings": -4456548000, "otherCashflowsFromFinancingActivities": -316392000, "totalCashFromFinancingActivities": -4766940000, "changeInCash": 2799180000, "issuanceOfStock": 6000000}], "maxAge": 86400}, "indexTrend": {"maxAge": 1, "symbol": "SP5", "peRatio": 19.7411, "pegRatio": 1.34172, "estimates": [{"period": "0q", "growth": 0.549}, {"period": "+1q", "growth": 0.431}, {"period": "0y", "growth": 0.305}, {"period": "+1y", "growth": 0.109}, {"period": "+5y", "growth": 0.120865}, {"period": "-5y"}]}, "defaultKeyStatistics": {"maxAge": 1, "priceHint": 2, "enterpriseValue": 56958300160, "profitMargins": 0.05175, "floatShares": 126309600, "sharesOutstanding": 212186000, "heldPercentInsiders": 0.2258, "heldPercentInstitutions": 0.27942, "beta": 0.205595, "category": null, "bookValue": 16.793, "priceToBook": 16.060265, "fundFamily": null, "legalType": null, "lastFiscalYearEnd": "2020-03-31 05:30:00", "nextFiscalYearEnd": "2022-03-31 05:30:00", "mostRecentQuarter": "2020-12-31 05:30:00", "earningsQuarterlyGrowth": 1.727, "netIncomeToCommon": 928499968, "trailingEps": 4.356, "lastSplitFactor": null, "enterpriseToRevenue": 3.175, "enterpriseToEbitda": 32.734}, "industryTrend": {"maxAge": 1, "symbol": null, "estimates": []}, "quoteType": {"exchange": "NSI", "quoteType": "EQUITY", "symbol": "ORIENTELEC.NS", "underlyingSymbol": "ORIENTELEC.NS", "shortName": "ORIENT ELECTRIC LT", "longName": "Orient Electric Limited", "firstTradeDateEpochUtc": "2018-05-14 09:15:00", "timeZoneFullName": "Asia/Kolkata", "timeZoneShortName": "IST", "uuid": "6887db6a-60ac-3f3f-b4e0-a7e95e39d586", "gmtOffSetMilliseconds": 19800000, "maxAge": 1}, "incomeStatementHistory": {"incomeStatementHistory": [{"maxAge": 1, "endDate": "2020-03-31", "totalRevenue": 20618200000, "costOfRevenue": 14145300000, "grossProfit": 6472900000, "researchDevelopment": {}, "sellingGeneralAdministrative": 2851700000, "nonRecurring": {}, "otherOperatingExpenses": 1846200000, "totalOperatingExpenses": 19244400000, "operatingIncome": 1373800000, "totalOtherIncomeExpenseNet": -231100000, "ebit": 1373800000, "interestExpense": -188900000, "incomeBeforeTax": 1142700000, "incomeTaxExpense": 356500000, "minorityInterest": {}, "netIncomeFromContinuingOps": 786200000, "discontinuedOperations": {}, "extraordinaryItems": {}, "effectOfAccountingCharges": {}, "otherItems": {}, "netIncome": 786200000, "netIncomeApplicableToCommonShares": 786200000}, {"maxAge": 1, "endDate": "2019-03-31", "totalRevenue": 18644000000, "costOfRevenue": 12756300000, "grossProfit": 5887700000, "researchDevelopment": {}, "sellingGeneralAdministrative": 2668700000, "nonRecurring": {}, "otherOperatingExpenses": 1787000000, "totalOperatingExpenses": 17442500000, "operatingIncome": 1201500000, "totalOtherIncomeExpenseNet": -152500000, "ebit": 1201500000, "interestExpense": -182500000, "incomeBeforeTax": 1049000000, "incomeTaxExpense": 355900000, "minorityInterest": {}, "netIncomeFromContinuingOps": 693100000, "discontinuedOperations": {}, "extraordinaryItems": {}, "effectOfAccountingCharges": {}, "otherItems": {}, "netIncome": 693100000, "netIncomeApplicableToCommonShares": 693100000}, {"maxAge": 1, "endDate": "2018-03-31", "totalRevenue": 15997700000, "costOfRevenue": 10471200000, "grossProfit": 5526500000, "researchDevelopment": {}, "sellingGeneralAdministrative": 2314400000, "nonRecurring": {}, "otherOperatingExpenses": 1819200000, "totalOperatingExpenses": 14802300000, "operatingIncome": 1195400000, "totalOtherIncomeExpenseNet": -217100000, "ebit": 1195400000, "interestExpense": -230700000, "incomeBeforeTax": 978300000, "incomeTaxExpense": 338000000, "minorityInterest": {}, "netIncomeFromContinuingOps": 640300000, "discontinuedOperations": {}, "extraordinaryItems": {}, "effectOfAccountingCharges": {}, "otherItems": {}, "netIncome": 640300000, "netIncomeApplicableToCommonShares": 640300000}, {"maxAge": 1, "endDate": "2017-03-31", "totalRevenue": 25473480000, "costOfRevenue": 17673984000, "grossProfit": 7799496000, "researchDevelopment": {}, "sellingGeneralAdministrative": 2531448000, "nonRecurring": {}, "otherOperatingExpenses": 2408580000, "totalOperatingExpenses": 22824348000, "operatingIncome": 2649132000, "totalOtherIncomeExpenseNet": -225408000, "ebit": 2649132000, "interestExpense": -302964000, "incomeBeforeTax": 2423724000, "incomeTaxExpense": 1004940000, "minorityInterest": {}, "netIncomeFromContinuingOps": 1418784000, "discontinuedOperations": {}, "extraordinaryItems": {}, "effectOfAccountingCharges": {}, "otherItems": {}, "netIncome": 1418784000, "netIncomeApplicableToCommonShares": 1418784000}], "maxAge": 86400}, "fundOwnership": {"ownershipList": [{"maxAge": 1, "reportDate": "2021-01-31", "organization": "Vanguard International Stock Index-Emerging Markets Stk", "pctHeld": 0.0089, "position": 1898504, "value": 481365689}, {"maxAge": 1, "reportDate": "2021-01-31", "organization": "Vanguard International Stock Index-Total Intl Stock Indx", "pctHeld": 0.0089, "position": 1881073, "value": 476946059}, {"maxAge": 1, "reportDate": "2021-01-31", "organization": "Vanguard Intl Equity Index Fds-FTSE All World ex U.S.Small Cap Index", "pctHeld": 0.0017, "position": 354285, "value": 89828961}, {"maxAge": 1, "reportDate": "2021-01-31", "organization": "DFA Emerging Markets Small Cap Series", "pctHeld": 0.0011999999, "position": 264168, "value": 66979796}, {"maxAge": 1, "reportDate": "2021-01-31", "organization": "DFA Emerging Markets Core Equity Portfolio", "pctHeld": 0.001, "position": 218209, "value": 55326891}, {"maxAge": 1, "reportDate": "2021-03-31", "organization": "iShares MSCI India Small Cap ETF", "pctHeld": 0.001, "position": 218116, "value": 67932228}, {"maxAge": 1, "reportDate": "2021-03-31", "organization": "SPDR Portfolio Emerging Markets ETF", "pctHeld": 0.0004, "position": 92868, "value": 28923738}, {"maxAge": 1, "reportDate": "2020-12-31", "organization": "College Retirement Equities Fund-Stock Account", "pctHeld": 0.0004, "position": 86384, "value": 19410484}, {"maxAge": 1, "reportDate": "2021-01-31", "organization": "Financial Investors Tr-ALPS/Kotak India Growth Fund", "pctHeld": 0.00029999999, "position": 68456, "value": 17357018}, {"maxAge": 1, "reportDate": "2021-03-31", "organization": "SPDR (R) Idx Shares-SPDR (R) Emerging Markets Small Cap ETF", "pctHeld": 0.00029999999, "position": 65218, "value": 20312146}], "maxAge": 1}, "summaryDetail": {"maxAge": 1, "priceHint": 2, "previousClose": 277.85, "open": 276.9, "dayLow": 266.0, "dayHigh": 279.25, "regularMarketPreviousClose": 277.85, "regularMarketOpen": 276.9, "regularMarketDayLow": 266.0, "regularMarketDayHigh": 279.25, "dividendRate": 1.25, "dividendYield": 0.0045, "exDividendDate": "2021-02-09 05:30:00", "payoutRatio": 0.2638, "beta": 0.205595, "trailingPE": 61.914604, "volume": 696162, "regularMarketVolume": 696162, "averageVolume": 569554, "averageVolume10days": 409126, "averageDailyVolume10Day": 409126, "bid": 0.0, "ask": 0.0, "bidSize": 0, "askSize": 0, "marketCap": 57144037376, "fiftyTwoWeekLow": 151.95, "fiftyTwoWeekHigh": 345.0, "priceToSalesTrailing12Months": 3.185233, "fiftyDayAverage": 291.64264, "twoHundredDayAverage": 238.46135, "trailingAnnualDividendRate": 1.25, "trailingAnnualDividendYield": 0.00449883, "currency": "INR", "fromCurrency": null, "lastMarket": null, "algorithm": null, "tradeable": false}, "insiderHolders": {"holders": [{"maxAge": 1, "name": "Birla (Nirmala)", "relation": "Promoter", "url": "", "transactionDescription": "Sale", "latestTransDate": "2021-03-12", "positionDirect": 3476410, "positionDirectDate": "2021-03-12"}, {"maxAge": 1, "name": "Gwalior Finance Corporation, Ltd.", "relation": "Promoter", "url": "", "transactionDescription": "Acquisition", "latestTransDate": "2021-03-12", "positionDirect": 1694375, "positionDirectDate": "2021-03-12"}, {"maxAge": 1, "name": "Shekhavati Investments & Traders Ltd", "relation": "Promoter", "url": "", "transactionDescription": "Acquisition", "latestTransDate": "2021-03-12", "positionDirect": 12845895, "positionDirectDate": "2021-03-12"}], "maxAge": 1}, "calendarEvents": {"maxAge": 1, "earnings": {"earningsDate": []}, "exDividendDate": "2021-02-09 05:30:00"}, "upgradeDowngradeHistory": {"history": [], "maxAge": 86400}, "price": {"maxAge": 1, "regularMarketChangePercent": -0.029332351, "regularMarketChange": -8.149994, "regularMarketTime": "2021-04-30 15:29:56", "priceHint": 2, "regularMarketPrice": 269.7, "regularMarketDayHigh": 279.25, "regularMarketDayLow": 266.0, "regularMarketVolume": 696162, "averageDailyVolume10Day": 409126, "averageDailyVolume3Month": 569554, "regularMarketPreviousClose": 277.85, "regularMarketSource": "FREE_REALTIME", "regularMarketOpen": 276.9, "exchange": "NSI", "exchangeName": "NSE", "exchangeDataDelayedBy": 15, "marketState": "CLOSED", "quoteType": "EQUITY", "symbol": "ORIENTELEC.NS", "underlyingSymbol": null, "shortName": "ORIENT ELECTRIC LT", "longName": "Orient Electric Limited", "currency": "INR", "quoteSourceName": "Delayed Quote", "currencySymbol": "\u20b9", "fromCurrency": null, "lastMarket": null, "marketCap": 57144037376}, "balanceSheetHistory": {"balanceSheetStatements": [{"maxAge": 1, "endDate": "2020-03-31", "cash": 70600000, "shortTermInvestments": 100000, "netReceivables": 3661000000, "inventory": 2865000000, "otherCurrentAssets": 391100000, "totalCurrentAssets": 7003700000, "propertyPlantEquipment": 1872100000, "intangibleAssets": 131000000, "otherAssets": 597600000, "deferredLongTermAssetCharges": 214000000, "totalAssets": 9604400000, "accountsPayable": 3304800000, "shortLongTermDebt": 38100000, "otherCurrentLiab": 655500000, "otherLiab": 275600000, "totalCurrentLiabilities": 5304600000, "totalLiab": 6010500000, "commonStock": 212200000, "retainedEarnings": 3343600000, "treasuryStock": 38100000, "otherStockholderEquity": 38100000, "totalStockholderEquity": 3593900000, "netTangibleAssets": 3462900000}, {"maxAge": 1, "endDate": "2019-03-31", "cash": 315100000, "netReceivables": 3946700000, "inventory": 2639600000, "otherCurrentAssets": 322600000, "totalCurrentAssets": 7236500000, "propertyPlantEquipment": 1163000000, "intangibleAssets": 45700000, "otherAssets": 442500000, "deferredLongTermAssetCharges": 196500000, "totalAssets": 8887700000, "accountsPayable": 3508800000, "shortLongTermDebt": 99100000, "otherCurrentLiab": 613800000, "longTermDebt": 250900000, "otherLiab": 129400000, "totalCurrentLiabilities": 5441600000, "totalLiab": 5821900000, "commonStock": 212200000, "retainedEarnings": 2852700000, "treasuryStock": 900000, "otherStockholderEquity": 900000, "totalStockholderEquity": 3065800000, "netTangibleAssets": 3020100000}, {"maxAge": 1, "endDate": "2018-03-31", "cash": 305000000, "shortTermInvestments": 3000000, "netReceivables": 3879600000, "inventory": 2090600000, "otherCurrentAssets": 307500000, "totalCurrentAssets": 6592600000, "propertyPlantEquipment": 1042000000, "intangibleAssets": 61500000, "otherAssets": 387700000, "deferredLongTermAssetCharges": 244800000, "totalAssets": 8083800000, "accountsPayable": 2761500000, "shortLongTermDebt": 218000000, "otherCurrentLiab": 596900000, "longTermDebt": 343600000, "otherLiab": 59800000, "totalCurrentLiabilities": 5047900000, "totalLiab": 5451300000, "commonStock": 212200000, "retainedEarnings": 2419800000, "treasuryStock": 500000, "otherStockholderEquity": 500000, "totalStockholderEquity": 2632500000, "netTangibleAssets": 2571000000}, {"maxAge": 1, "endDate": "2017-03-31", "cash": 233265000, "shortTermInvestments": 450000, "netReceivables": 3635099000, "inventory": 1765235000, "otherCurrentAssets": 200206000, "totalCurrentAssets": 5844931000, "propertyPlantEquipment": 1015067000, "intangibleAssets": 79162000, "otherAssets": 458648000, "deferredLongTermAssetCharges": 349018000, "totalAssets": 7397808000, "accountsPayable": 1924916000, "shortLongTermDebt": 1543690000, "otherCurrentLiab": 828614000, "longTermDebt": 561585000, "otherLiab": 33999000, "totalCurrentLiabilities": 4672601000, "totalLiab": 5268185000, "retainedEarnings": 1916937000, "treasuryStock": 212686000, "otherStockholderEquity": 212686000, "totalStockholderEquity": 2129623000, "netTangibleAssets": 2050461000}], "maxAge": 86400}, "earningsTrend": {"trend": [{"maxAge": 1, "period": "0q", "endDate": null, "growth": {}, "earningsEstimate": {"avg": 0.0, "low": 0.0, "high": 0.0, "yearAgoEps": {}, "numberOfAnalysts": 0, "growth": {}}, "revenueEstimate": {"avg": 0, "low": 0, "high": 0, "numberOfAnalysts": 0, "yearAgoRevenue": {}, "growth": {}}, "epsTrend": {"current": 0.0, "7daysAgo": 0.0, "30daysAgo": 0.0, "60daysAgo": 0.0, "90daysAgo": 0.0}, "epsRevisions": {"upLast7days": 0, "upLast30days": 0, "downLast30days": 0, "downLast90days": {}}}, {"maxAge": 1, "period": "+1q", "endDate": null, "growth": {}, "earningsEstimate": {"avg": 0.0, "low": 0.0, "high": 0.0, "yearAgoEps": {}, "numberOfAnalysts": 0, "growth": {}}, "revenueEstimate": {"avg": 0, "low": 0, "high": 0, "numberOfAnalysts": 0, "yearAgoRevenue": {}, "growth": {}}, "epsTrend": {"current": 0.0, "7daysAgo": 0.0, "30daysAgo": 0.0, "60daysAgo": 0.0, "90daysAgo": 0.0}, "epsRevisions": {"upLast7days": 0, "upLast30days": 0, "downLast30days": 0, "downLast90days": {}}}, {"maxAge": 1, "period": "0y", "endDate": null, "growth": {}, "earningsEstimate": {"avg": 0.0, "low": 0.0, "high": 0.0, "yearAgoEps": {}, "numberOfAnalysts": 0, "growth": {}}, "revenueEstimate": {"avg": 0, "low": 0, "high": 0, "numberOfAnalysts": 0, "yearAgoRevenue": {}, "growth": {}}, "epsTrend": {"current": 0.0, "7daysAgo": 0.0, "30daysAgo": 0.0, "60daysAgo": 0.0, "90daysAgo": 0.0}, "epsRevisions": {"upLast7days": 0, "upLast30days": 0, "downLast30days": 0, "downLast90days": {}}}, {"maxAge": 1, "period": "+1y", "endDate": null, "growth": {}, "earningsEstimate": {"avg": 0.0, "low": 0.0, "high": 0.0, "yearAgoEps": {}, "numberOfAnalysts": 0, "growth": {}}, "revenueEstimate": {"avg": 0, "low": 0, "high": 0, "numberOfAnalysts": 0, "yearAgoRevenue": {}, "growth": {}}, "epsTrend": {"current": 0.0, "7daysAgo": 0.0, "30daysAgo": 0.0, "60daysAgo": 0.0, "90daysAgo": 0.0}, "epsRevisions": {"upLast7days": 0, "upLast30days": 0, "downLast30days": 0, "downLast90days": {}}}, {"maxAge": 1, "period": "+5y", "endDate": null, "growth": {}, "earningsEstimate": {"avg": {}, "low": {}, "high": {}, "yearAgoEps": {}, "numberOfAnalysts": {}, "growth": {}}, "revenueEstimate": {"avg": {}, "low": {}, "high": {}, "numberOfAnalysts": {}, "yearAgoRevenue": {}, "growth": {}}, "epsTrend": {"current": {}, "7daysAgo": {}, "30daysAgo": {}, "60daysAgo": {}, "90daysAgo": {}}, "epsRevisions": {"upLast7days": {}, "upLast30days": {}, "downLast30days": {}, "downLast90days": {}}}, {"maxAge": 1, "period": "-5y", "endDate": null, "growth": {}, "earningsEstimate": {"avg": {}, "low": {}, "high": {}, "yearAgoEps": {}, "numberOfAnalysts": {}, "growth": {}}, "revenueEstimate": {"avg": {}, "low": {}, "high": {}, "numberOfAnalysts": {}, "yearAgoRevenue": {}, "growth": {}}, "epsTrend": {"current": {}, "7daysAgo": {}, "30daysAgo": {}, "60daysAgo": {}, "90daysAgo": {}}, "epsRevisions": {"upLast7days": {}, "upLast30days": {}, "downLast30days": {}, "downLast90days": {}}}], "maxAge": 1}, "institutionOwnership": {"ownershipList": [], "maxAge": 1}, "majorHoldersBreakdown": {"maxAge": 1, "insidersPercentHeld": 0.2258, "institutionsPercentHeld": 0.27942, "institutionsFloatPercentHeld": 0.36091998, "institutionsCount": 43}, "balanceSheetHistoryQuarterly": {"balanceSheetStatements": [{"maxAge": 1, "endDate": "2020-12-31", "totalStockholderEquity": 3558400000, "netTangibleAssets": 3368300000}, {"maxAge": 1, "endDate": "2020-09-30", "cash": 840700000, "netReceivables": 2409200000, "inventory": 2118300000, "otherCurrentAssets": 267400000, "totalCurrentAssets": 5635600000, "propertyPlantEquipment": 1772400000, "intangibleAssets": 190100000, "otherAssets": 617100000, "deferredLongTermAssetCharges": 245700000, "totalAssets": 8215200000, "accountsPayable": 2695000000, "otherCurrentLiab": 1106900000, "otherLiab": 232300000, "totalCurrentLiabilities": 4061200000, "totalLiab": 4656800000, "commonStock": 212200000, "treasuryStock": 3346200000, "otherStockholderEquity": 3346200000, "totalStockholderEquity": 3558400000, "netTangibleAssets": 3368300000}, {"maxAge": 1, "endDate": "2020-06-30", "totalStockholderEquity": 3593900000, "netTangibleAssets": 3462900000}, {"maxAge": 1, "endDate": "2020-03-31", "cash": 70600000, "shortTermInvestments": 100000, "netReceivables": 3661000000, "inventory": 2865000000, "otherCurrentAssets": 391100000, "totalCurrentAssets": 7003700000, "propertyPlantEquipment": 1872100000, "intangibleAssets": 131000000, "otherAssets": 597600000, "deferredLongTermAssetCharges": 214000000, "totalAssets": 9604400000, "accountsPayable": 3304800000, "shortLongTermDebt": 38100000, "otherCurrentLiab": 655500000, "otherLiab": 275600000, "totalCurrentLiabilities": 5304600000, "totalLiab": 6010500000, "commonStock": 212200000, "retainedEarnings": 3343600000, "treasuryStock": 38100000, "otherStockholderEquity": 38100000, "totalStockholderEquity": 3593900000, "netTangibleAssets": 3462900000}], "maxAge": 86400}, "earningsHistory": {"history": [{"maxAge": 1, "epsActual": {}, "epsEstimate": {}, "epsDifference": {}, "surprisePercent": {}, "quarter": {}, "period": "-4q"}, {"maxAge": 1, "epsActual": {}, "epsEstimate": {}, "epsDifference": {}, "surprisePercent": {}, "quarter": {}, "period": "-3q"}, {"maxAge": 1, "epsActual": {}, "epsEstimate": {}, "epsDifference": {}, "surprisePercent": {}, "quarter": {}, "period": "-2q"}, {"maxAge": 1, "epsActual": {}, "epsEstimate": {}, "epsDifference": {}, "surprisePercent": {}, "quarter": {}, "period": "-1q"}], "maxAge": 86400}, "summaryProfile": {"address1": "240, Okhla Industrial Estate", "address2": "Phase III 1st Floor Okhla", "city": "New Delhi", "zip": "110020", "country": "India", "phone": "91 11 4050 7000", "fax": "91 11 4050 7004", "website": "http://www.orientelectric.com", "industry": "Furnishings, Fixtures & Appliances", "sector": "Consumer Cyclical", "longBusinessSummary": "Orient Electric Limited manufactures/purchases and sells electrical consumer durables, and lighting and switchgear products in India. The company operates in two segments, Electrical Consumer Durables, and Lighting and Switchgear segments. It offers ceiling, portable, airflow, wall, lifestyle, stand, pedestal, table, exhaust, and multi-utility fans, as well as related components and accessories; and home appliances, such as air coolers, room and water heaters, oil filled radiators, heat convectors, dry irons, mixer grinders, juicer mixer grinders, wet grinders, electric kettles and rice cookers, induction cooktops, electric choppers and toasters, and electric hand mixers. The company also provides lighting products comprising LED bulbs and luminaires, LED lamps and tubes, professional lighting products, CFLs, fluorescent tube lights, incandescent lamps, and conventional fittings; and switchgears, including miniature and residual current circuit breakers, distribution boards, isolators, and modular switches and plates, as well as wiring accessories. It also exports its products to approximately 32 international markets. The company sells its products through a network of dealers and retail outlets, as well as online. It also franchises smart shops. Orient Electric Limited was incorporated in 2016 and is headquartered in New Delhi, India.", "fullTimeEmployees": 997, "companyOfficers": [], "maxAge": 86400}, "netSharePurchaseActivity": {"maxAge": 1, "period": "6m", "buyInfoCount": 0, "buyInfoShares": 0, "sellInfoCount": 0, "netInfoCount": 0, "netInfoShares": 0, "netPercentInsiderShares": 0.0, "totalInsiderShares": 47869600}, "insiderTransactions": {"transactions": [{"maxAge": 1, "shares": 130000, "value": 530881, "filerUrl": "", "transactionText": "Sale at price 4.08 per share.", "filerName": "Birla (Nirmala)", "filerRelation": "Promoter", "moneyText": "", "startDate": "2021-03-12", "ownership": "D"}, {"maxAge": 1, "shares": 45000, "value": 184171, "filerUrl": "", "transactionText": "Acquisition at price 4.09 per share.", "filerName": "Gwalior Finance Corporation, Ltd.", "filerRelation": "Promoter", "moneyText": "", "startDate": "2021-03-12", "ownership": "D"}, {"maxAge": 1, "shares": 8545895, "value": 34975784, "filerUrl": "", "transactionText": "Acquisition at price 4.09 per share.", "filerName": "Shekhavati Investments & Traders Ltd", "filerRelation": "Promoter", "moneyText": "", "startDate": "2021-03-12", "ownership": "D"}], "maxAge": 1}, "sectorTrend": {"maxAge": 1, "symbol": null, "estimates": []}, "incomeStatementHistoryQuarterly": {"incomeStatementHistory": [{"maxAge": 1, "endDate": "2020-12-31", "totalRevenue": 6183400000, "costOfRevenue": 4264500000, "grossProfit": 1918900000, "researchDevelopment": {}, "sellingGeneralAdministrative": 465100000, "nonRecurring": {}, "otherOperatingExpenses": 611900000, "totalOperatingExpenses": 5449900000, "operatingIncome": 733500000, "totalOtherIncomeExpenseNet": -39100000, "ebit": 733500000, "interestExpense": -45900000, "incomeBeforeTax": 694400000, "incomeTaxExpense": 175000000, "minorityInterest": {}, "netIncomeFromContinuingOps": 519400000, "discontinuedOperations": {}, "extraordinaryItems": {}, "effectOfAccountingCharges": {}, "otherItems": {}, "netIncome": 519400000, "netIncomeApplicableToCommonShares": 519400000}, {"maxAge": 1, "endDate": "2020-09-30", "totalRevenue": 4337700000, "costOfRevenue": 2894400000, "grossProfit": 1443300000, "researchDevelopment": {}, "sellingGeneralAdministrative": 423200000, "nonRecurring": {}, "otherOperatingExpenses": 442500000, "totalOperatingExpenses": 3867400000, "operatingIncome": 470300000, "totalOtherIncomeExpenseNet": -37300000, "ebit": 470300000, "interestExpense": -44700000, "incomeBeforeTax": 433000000, "incomeTaxExpense": 108800000, "minorityInterest": {}, "netIncomeFromContinuingOps": 324200000, "discontinuedOperations": {}, "extraordinaryItems": {}, "effectOfAccountingCharges": {}, "otherItems": {}, "netIncome": 324200000, "netIncomeApplicableToCommonShares": 324200000}, {"maxAge": 1, "endDate": "2020-06-30", "totalRevenue": 1787800000, "costOfRevenue": 1275400000, "grossProfit": 512400000, "researchDevelopment": {}, "sellingGeneralAdministrative": 426000000, "nonRecurring": {}, "otherOperatingExpenses": 278900000, "totalOperatingExpenses": 2086800000, "operatingIncome": -299000000, "totalOtherIncomeExpenseNet": -54200000, "ebit": -299000000, "interestExpense": -62800000, "incomeBeforeTax": -353200000, "incomeTaxExpense": -80300000, "minorityInterest": {}, "netIncomeFromContinuingOps": -272900000, "discontinuedOperations": {}, "extraordinaryItems": {}, "effectOfAccountingCharges": {}, "otherItems": {}, "netIncome": -272900000, "netIncomeApplicableToCommonShares": -272900000}, {"maxAge": 1, "endDate": "2020-03-31", "totalRevenue": 5631400000, "costOfRevenue": 4335500000, "grossProfit": 1295900000, "researchDevelopment": {}, "sellingGeneralAdministrative": 1363900000, "nonRecurring": {}, "otherOperatingExpenses": -730600000, "totalOperatingExpenses": 5074400000, "operatingIncome": 557000000, "totalOtherIncomeExpenseNet": -72800000, "ebit": 557000000, "interestExpense": -4300000, "incomeBeforeTax": 484200000, "incomeTaxExpense": 126400000, "minorityInterest": {}, "netIncomeFromContinuingOps": 357800000, "discontinuedOperations": {}, "extraordinaryItems": {}, "effectOfAccountingCharges": {}, "otherItems": {}, "netIncome": 357800000, "netIncomeApplicableToCommonShares": 357800000}], "maxAge": 86400}, "cashflowStatementHistoryQuarterly": {"cashflowStatements": [{"maxAge": 1, "endDate": "2020-12-31", "netIncome": 519400000, "changeToLiabilities": 0}, {"maxAge": 1, "endDate": "2020-09-30", "netIncome": 324200000, "changeToLiabilities": 0}, {"maxAge": 1, "endDate": "2020-06-30", "netIncome": -272900000, "changeToLiabilities": 0}, {"maxAge": 1, "endDate": "2020-03-31", "netIncome": 357800000, "changeToLiabilities": 0}], "maxAge": 86400}, "earnings": {"maxAge": 86400, "earningsChart": {"quarterly": [], "earningsDate": []}, "financialsChart": {"yearly": [{"date": 2017, "revenue": 25473480000, "earnings": 1418784000}, {"date": 2018, "revenue": 15997700000, "earnings": 640300000}, {"date": 2019, "revenue": 18644000000, "earnings": 693100000}, {"date": 2020, "revenue": 20618200000, "earnings": 786200000}], "quarterly": [{"date": "1Q2020", "revenue": 5631400000, "earnings": 357800000}, {"date": "2Q2020", "revenue": 1787800000, "earnings": -272900000}, {"date": "3Q2020", "revenue": 4337700000, "earnings": 324200000}, {"date": "4Q2020", "revenue": 6183400000, "earnings": 519400000}]}, "financialCurrency": "INR"}, "financialData": {"maxAge": 86400, "currentPrice": 269.7, "targetHighPrice": 190.0, "targetLowPrice": 190.0, "targetMeanPrice": 190.0, "targetMedianPrice": 190.0, "recommendationKey": "none", "numberOfAnalystOpinions": 1, "totalCash": 840700032, "totalCashPerShare": 3.966, "ebitda": 1740050048, "totalDebt": 622600000, "totalRevenue": 17940299776, "debtToEquity": 17.497, "revenuePerShare": 84.521, "grossProfits": 6472900000, "earningsGrowth": 1.711, "revenueGrowth": 0.247, "grossMargins": 0.30892, "ebitdaMargins": 0.096990004, "operatingMargins": 0.08149, "profitMargins": 0.05175, "financialCurrency": "INR"}}}