{"ORIENTCEM.BO": {"recommendationTrend": {"trend": [{"period": "0m", "strongBuy": 0, "buy": 0, "hold": 0, "sell": 0, "strongSell": 0}, {"period": "-1m", "strongBuy": 0, "buy": 0, "hold": 0, "sell": 0, "strongSell": 0}, {"period": "-2m", "strongBuy": 0, "buy": 0, "hold": 0, "sell": 0, "strongSell": 0}, {"period": "-3m", "strongBuy": 0, "buy": 0, "hold": 0, "sell": 0, "strongSell": 0}], "maxAge": 86400}, "cashflowStatementHistory": {"cashflowStatements": [{"maxAge": 1, "endDate": "2020-03-31", "netIncome": 865897000, "depreciation": 1397720000, "changeToNetincome": 1276997000, "changeToAccountReceivables": 307454000, "changeToLiabilities": -451352000, "changeToInventory": -506463000, "changeToOperatingActivities": 16400000, "totalCashFromOperatingActivities": 2917682000, "capitalExpenditures": -770705000, "investments": -15748000, "otherCashflowsFromInvestingActivities": 49745000, "totalCashflowsFromInvestingActivities": -732492000, "dividendsPaid": -153652000, "netBorrowings": -667221000, "otherCashflowsFromFinancingActivities": -1237724000, "totalCashFromFinancingActivities": -2058597000, "changeInCash": 126593000}, {"maxAge": 1, "endDate": "2019-03-31", "netIncome": 475517000, "depreciation": 1313189000, "changeToNetincome": 1219669000, "changeToAccountReceivables": 159525000, "changeToLiabilities": -101609000, "changeToInventory": -217604000, "changeToOperatingActivities": -49780000, "totalCashFromOperatingActivities": 2812910000, "capitalExpenditures": -1217839000, "investments": -10915000, "otherCashflowsFromInvestingActivities": 24152000, "totalCashflowsFromInvestingActivities": -1199237000, "dividendsPaid": -153652000, "netBorrowings": -249897000, "otherCashflowsFromFinancingActivities": -1310317000, "totalCashFromFinancingActivities": -1713866000, "changeInCash": -100193000}, {"maxAge": 1, "endDate": "2018-03-31", "netIncome": 442214000, "depreciation": 1237468000, "changeToNetincome": 1310178000, "changeToAccountReceivables": -501614000, "changeToLiabilities": 470193000, "changeToInventory": -175474000, "changeToOperatingActivities": -15601000, "totalCashFromOperatingActivities": 2791558000, "capitalExpenditures": -1480689000, "investments": -34793000, "otherCashflowsFromInvestingActivities": 19428000, "totalCashflowsFromInvestingActivities": -1485289000, "dividendsPaid": -122859000, "netBorrowings": -232691000, "otherCashflowsFromFinancingActivities": -1259332000, "totalCashFromFinancingActivities": -1614882000, "changeInCash": -308613000}, {"maxAge": 1, "endDate": "2017-03-31", "netIncome": -320985000, "depreciation": 1195485000, "changeToNetincome": 973175000, "changeToAccountReceivables": 143388000, "changeToLiabilities": 678135000, "changeToInventory": -116175000, "changeToOperatingActivities": 14828000, "totalCashFromOperatingActivities": 2587725000, "capitalExpenditures": -1070161000, "investments": -205082000, "otherCashflowsFromInvestingActivities": 25236000, "totalCashflowsFromInvestingActivities": -1241154000, "dividendsPaid": -245364000, "netBorrowings": 542367000, "otherCashflowsFromFinancingActivities": -1376396000, "totalCashFromFinancingActivities": -1079393000, "changeInCash": 267178000}], "maxAge": 86400}, "institutionOwnership": {"ownershipList": [], "maxAge": 1}, "balanceSheetHistoryQuarterly": {"balanceSheetStatements": [{"maxAge": 1, "endDate": "2020-06-30", "totalStockholderEquity": 11183690000, "netTangibleAssets": 10600105000}, {"maxAge": 1, "endDate": "2020-03-31", "cash": 347005000, "netReceivables": 1790052000, "inventory": 2366140000, "otherCurrentAssets": 305958000, "totalCurrentAssets": 4847253000, "propertyPlantEquipment": 22799265000, "intangibleAssets": 583585000, "otherAssets": 767820000, "totalAssets": 28997923000, "accountsPayable": 1763520000, "shortLongTermDebt": 907091000, "otherCurrentLiab": 1489787000, "longTermDebt": 11353913000, "otherLiab": 1618540000, "totalCurrentLiabilities": 4828362000, "totalLiab": 17814233000, "commonStock": 204869000, "retainedEarnings": 10861987000, "treasuryStock": 116834000, "otherStockholderEquity": 116834000, "totalStockholderEquity": 11183690000, "netTangibleAssets": 10600105000}, {"maxAge": 1, "endDate": "2019-12-31", "totalStockholderEquity": 10836622000, "netTangibleAssets": 10244627000}, {"maxAge": 1, "endDate": "2019-09-30", "cash": 120004000, "netReceivables": 2057256000, "inventory": 2634424000, "otherCurrentAssets": 291768000, "totalCurrentAssets": 5103452000, "longTermInvestments": 211265000, "propertyPlantEquipment": 23172990000, "intangibleAssets": 591995000, "otherAssets": 565822000, "totalAssets": 29645524000, "accountsPayable": 1595178000, "otherCurrentLiab": 2990102000, "longTermDebt": 11849215000, "otherLiab": 1522934000, "totalCurrentLiabilities": 5436753000, "totalLiab": 18808902000, "commonStock": 204869000, "treasuryStock": 10631753000, "otherStockholderEquity": 10631753000, "totalStockholderEquity": 10836622000, "netTangibleAssets": 10244627000}], "maxAge": 86400}, "earningsHistory": {"history": [{"maxAge": 1, "epsActual": -0.86, "epsEstimate": 0.4, "epsDifference": -1.26, "surprisePercent": -3.15, "quarter": "2017-12-31", "period": "-4q"}, {"maxAge": 1, "epsActual": 0.63, "epsEstimate": 0.4, "epsDifference": 0.23, "surprisePercent": 0.575, "quarter": "2018-03-31", "period": "-3q"}, {"maxAge": 1, "epsActual": 0.78, "epsEstimate": 0.4, "epsDifference": 0.38, "surprisePercent": 0.95, "quarter": "2018-06-30", "period": "-2q"}, {"maxAge": 1, "epsActual": -0.82, "epsEstimate": -0.05, "epsDifference": -0.77, "surprisePercent": -15.4, "quarter": "2018-09-30", "period": "-1q"}], "maxAge": 86400}, "indexTrend": {"maxAge": 1, "symbol": "SP5", "peRatio": 19.7411, "pegRatio": 1.34172, "estimates": [{"period": "0q", "growth": 0.549}, {"period": "+1q", "growth": 0.431}, {"period": "0y", "growth": 0.305}, {"period": "+1y", "growth": 0.109}, {"period": "+5y", "growth": 0.120865}, {"period": "-5y"}]}, "industryTrend": {"maxAge": 1, "symbol": null, "estimates": []}, "insiderTransactions": {"transactions": [{"maxAge": 1, "shares": 128000, "filerUrl": "", "transactionText": "", "filerName": "Birla (Amita)", "filerRelation": "Director (Non-Executive)", "moneyText": "", "startDate": "2017-04-11", "ownership": "D"}, {"maxAge": 1, "shares": 256000, "filerUrl": "", "transactionText": "", "filerName": "Birla (Chandra Kant)", "filerRelation": "Non Executive Chairman", "moneyText": "", "startDate": "2017-04-11", "ownership": "D"}, {"maxAge": 1, "shares": 512000, "filerUrl": "", "transactionText": "", "filerName": "Birla (Nirmala)", "filerRelation": "Promoter", "moneyText": "", "startDate": "2017-04-11", "ownership": "D"}, {"maxAge": 1, "shares": 128000, "filerUrl": "", "transactionText": "", "filerName": "Universal Trading Company Ltd", "filerRelation": "Promoter", "moneyText": "", "startDate": "2017-04-11", "ownership": "D"}], "maxAge": 1}, "quoteType": {"exchange": "BSE", "quoteType": "EQUITY", "symbol": "ORIENTCEM.BO", "underlyingSymbol": "ORIENTCEM.BO", "shortName": "ORIENT CEMENT LTD", "longName": "Orient Cement Limited", "firstTradeDateEpochUtc": "2013-07-12 09:15:00", "timeZoneFullName": "Asia/Kolkata", "timeZoneShortName": "IST", "uuid": "2f8ca239-2146-37c9-91ae-a8d6696d74bf", "gmtOffSetMilliseconds": 19800000, "maxAge": 1}, "incomeStatementHistory": {"incomeStatementHistory": [{"maxAge": 1, "endDate": "2020-03-31", "totalRevenue": 24217972000, "costOfRevenue": 8551438000, "grossProfit": 15666534000, "researchDevelopment": {}, "sellingGeneralAdministrative": 9277448000, "nonRecurring": {}, "otherOperatingExpenses": 2560352000, "totalOperatingExpenses": 21797987000, "operatingIncome": 2419985000, "totalOtherIncomeExpenseNet": -1045998000, "ebit": 2419985000, "interestExpense": -1173790000, "incomeBeforeTax": 1373987000, "incomeTaxExpense": 508090000, "minorityInterest": {}, "netIncomeFromContinuingOps": 865897000, "discontinuedOperations": {}, "extraordinaryItems": {}, "effectOfAccountingCharges": {}, "otherItems": {}, "netIncome": 865897000, "netIncomeApplicableToCommonShares": 865897000}, {"maxAge": 1, "endDate": "2019-03-31", "totalRevenue": 25221693000, "costOfRevenue": 9747840000, "grossProfit": 15473853000, "researchDevelopment": {}, "sellingGeneralAdministrative": 9799057000, "nonRecurring": {}, "otherOperatingExpenses": 2554377000, "totalOperatingExpenses": 23428466000, "operatingIncome": 1793227000, "totalOtherIncomeExpenseNet": -1045318000, "ebit": 1793227000, "interestExpense": -1137067000, "incomeBeforeTax": 747909000, "incomeTaxExpense": 272392000, "minorityInterest": {}, "netIncomeFromContinuingOps": 475517000, "discontinuedOperations": {}, "extraordinaryItems": {}, "effectOfAccountingCharges": {}, "otherItems": {}, "netIncome": 475517000, "netIncomeApplicableToCommonShares": 475517000}, {"maxAge": 1, "endDate": "2018-03-31", "totalRevenue": 22223430000, "costOfRevenue": 8917177000, "grossProfit": 13306253000, "researchDevelopment": {}, "sellingGeneralAdministrative": 7842530000, "nonRecurring": {}, "otherOperatingExpenses": 2401904000, "totalOperatingExpenses": 20423273000, "operatingIncome": 1800157000, "totalOtherIncomeExpenseNet": -1099845000, "ebit": 1800157000, "interestExpense": -1228053000, "incomeBeforeTax": 700312000, "incomeTaxExpense": 258098000, "minorityInterest": {}, "netIncomeFromContinuingOps": 442214000, "discontinuedOperations": {}, "extraordinaryItems": {}, "effectOfAccountingCharges": {}, "otherItems": {}, "netIncome": 442214000, "netIncomeApplicableToCommonShares": 442214000}, {"maxAge": 1, "endDate": "2017-03-31", "totalRevenue": 18747532000, "costOfRevenue": 3528241000, "grossProfit": 15219291000, "researchDevelopment": {}, "sellingGeneralAdministrative": 1690092000, "nonRecurring": {}, "otherOperatingExpenses": 11739434000, "totalOperatingExpenses": 18173126000, "operatingIncome": 574406000, "totalOtherIncomeExpenseNet": -1239212000, "ebit": 574406000, "interestExpense": -1299886000, "incomeBeforeTax": -664806000, "incomeTaxExpense": -343821000, "minorityInterest": {}, "netIncomeFromContinuingOps": -320985000, "discontinuedOperations": {}, "extraordinaryItems": {}, "effectOfAccountingCharges": {}, "otherItems": {}, "netIncome": -320985000, "netIncomeApplicableToCommonShares": -320985000}], "maxAge": 86400}, "fundOwnership": {"ownershipList": [{"maxAge": 1, "reportDate": "2020-07-31", "organization": "DFA Investment Dimensions-DFA Emerging Mkts Value", "pctHeld": 0.0033000002, "position": 677726, "value": 43645554}, {"maxAge": 1, "reportDate": "2020-07-31", "organization": "DFA Emerging Markets Core Equity Portfolio", "pctHeld": 0.003, "position": 609895, "value": 39277238}, {"maxAge": 1, "reportDate": "2020-07-31", "organization": "DFA Emerging Markets Small Cap Series", "pctHeld": 0.002, "position": 417073, "value": 26859501}, {"maxAge": 1, "reportDate": "2020-07-31", "organization": "DFA Investment Dimensions-Emerging Markets Social Core Equity", "pctHeld": 0.0001, "position": 28090, "value": 1808996}, {"maxAge": 1, "reportDate": "2020-07-31", "organization": "DFA Investment Dimensions-World Ex U.S. Core Equity Port", "pctHeld": 0.0001, "position": 24311, "value": 1565628}, {"maxAge": 1, "reportDate": "2020-07-31", "organization": "DFA T.A. World Ex U.S. Core Equity Portfolio", "pctHeld": 0.0001, "position": 19771, "value": 1273252}, {"maxAge": 1, "reportDate": "2020-07-31", "organization": "John Hancock Fds II-Emerging Markets Fund", "pctHeld": 0.0001, "position": 11602, "value": 747168}], "maxAge": 1}, "summaryDetail": {"maxAge": 1, "priceHint": 2, "previousClose": 105.5, "open": 105.8, "dayLow": 105.05, "dayHigh": 107.05, "regularMarketPreviousClose": 105.5, "regularMarketOpen": 105.8, "regularMarketDayLow": 105.05, "regularMarketDayHigh": 107.05, "trailingPE": 38.31878, "forwardPE": 11.520787, "volume": 26585, "regularMarketVolume": 26585, "averageVolume": 74669, "averageVolume10days": 78370, "averageDailyVolume10Day": 78370, "bid": 0.0, "ask": 105.3, "bidSize": 0, "askSize": 0, "marketCap": 21572706304, "fiftyTwoWeekLow": 35.25, "fiftyTwoWeekHigh": 107.05, "fiftyDayAverage": 84.32121, "twoHundredDayAverage": 70.72758, "trailingAnnualDividendRate": 0.75, "trailingAnnualDividendYield": 0.0071090045, "currency": "INR", "fromCurrency": null, "lastMarket": null, "algorithm": null, "tradeable": false}, "sectorTrend": {"maxAge": 1, "symbol": null, "estimates": []}, "incomeStatementHistoryQuarterly": {"incomeStatementHistory": [{"maxAge": 1, "endDate": "2020-06-30", "totalRevenue": 4103630000, "costOfRevenue": 1228366000, "grossProfit": 2875264000, "researchDevelopment": {}, "sellingGeneralAdministrative": 1323154000, "nonRecurring": {}, "otherOperatingExpenses": 569850000, "totalOperatingExpenses": 3467745000, "operatingIncome": 635885000, "totalOtherIncomeExpenseNet": -213913000, "ebit": 635885000, "interestExpense": -270191000, "incomeBeforeTax": 421972000, "incomeTaxExpense": 165925000, "minorityInterest": {}, "netIncomeFromContinuingOps": 256047000, "discontinuedOperations": {}, "extraordinaryItems": {}, "effectOfAccountingCharges": {}, "otherItems": {}, "netIncome": 256047000, "netIncomeApplicableToCommonShares": 256047000}, {"maxAge": 1, "endDate": "2020-03-31", "totalRevenue": 6545224000, "costOfRevenue": 2644952000, "grossProfit": 3900272000, "researchDevelopment": {}, "sellingGeneralAdministrative": 3057813000, "nonRecurring": {}, "otherOperatingExpenses": -404573000, "totalOperatingExpenses": 5642850000, "operatingIncome": 902374000, "totalOtherIncomeExpenseNet": -205894000, "ebit": 902374000, "interestExpense": -229983000, "incomeBeforeTax": 696480000, "incomeTaxExpense": 255810000, "minorityInterest": {}, "netIncomeFromContinuingOps": 440670000, "discontinuedOperations": {}, "extraordinaryItems": {}, "effectOfAccountingCharges": {}, "otherItems": {}, "netIncome": 440670000, "netIncomeApplicableToCommonShares": 440670000}, {"maxAge": 1, "endDate": "2019-12-31", "totalRevenue": 5644923000, "costOfRevenue": 2047040000, "grossProfit": 3597883000, "researchDevelopment": {}, "sellingGeneralAdministrative": 2072119000, "nonRecurring": {}, "otherOperatingExpenses": 976156000, "totalOperatingExpenses": 5441760000, "operatingIncome": 203163000, "totalOtherIncomeExpenseNet": -284114000, "ebit": 203163000, "interestExpense": -310663000, "incomeBeforeTax": -80951000, "incomeTaxExpense": -24191000, "minorityInterest": {}, "netIncomeFromContinuingOps": -56760000, "discontinuedOperations": {}, "extraordinaryItems": {}, "effectOfAccountingCharges": {}, "otherItems": {}, "netIncome": -56760000, "netIncomeApplicableToCommonShares": -56760000}, {"maxAge": 1, "endDate": "2019-09-30", "totalRevenue": 5149909000, "costOfRevenue": 1765141000, "grossProfit": 3384768000, "researchDevelopment": {}, "sellingGeneralAdministrative": 1878476000, "nonRecurring": {}, "otherOperatingExpenses": 969926000, "totalOperatingExpenses": 4978647000, "operatingIncome": 171262000, "totalOtherIncomeExpenseNet": -279025000, "ebit": 171262000, "interestExpense": -320490000, "incomeBeforeTax": -107763000, "incomeTaxExpense": -30762000, "minorityInterest": {}, "netIncomeFromContinuingOps": -77001000, "discontinuedOperations": {}, "extraordinaryItems": {}, "effectOfAccountingCharges": {}, "otherItems": {}, "netIncome": -77001000, "netIncomeApplicableToCommonShares": -77001000}], "maxAge": 86400}, "cashflowStatementHistoryQuarterly": {"cashflowStatements": [{"maxAge": 1, "endDate": "2020-06-30", "netIncome": 256047000, "changeToLiabilities": 0}, {"maxAge": 1, "endDate": "2020-03-31", "netIncome": 440670000, "changeToLiabilities": 0}, {"maxAge": 1, "endDate": "2019-12-31", "netIncome": -56760000, "changeToLiabilities": 0}, {"maxAge": 1, "endDate": "2019-09-30", "netIncome": -77001000, "changeToLiabilities": 0}], "maxAge": 86400}, "insiderHolders": {"holders": [{"maxAge": 1, "name": "Birla (Amita)", "relation": "Director (Non-Executive)", "url": "", "transactionDescription": "Acquisition", "latestTransDate": "2017-04-11", "positionDirect": 388000, "positionDirectDate": "2017-04-11"}, {"maxAge": 1, "name": "Birla (Chandra Kant)", "relation": "Non Executive Chairman", "url": "", "transactionDescription": "Acquisition", "latestTransDate": "2017-04-11", "positionDirect": 3153570, "positionDirectDate": "2017-04-11"}, {"maxAge": 1, "name": "Birla (Nirmala)", "relation": "Promoter", "url": "", "transactionDescription": "Sale", "latestTransDate": "2017-04-11", "positionDirect": 3161680, "positionDirectDate": "2017-04-11"}, {"maxAge": 1, "name": "Universal Trading Company Ltd", "relation": "Promoter", "url": "", "transactionDescription": "Acquisition", "latestTransDate": "2017-04-11", "positionDirect": 972280, "positionDirectDate": "2017-04-11"}], "maxAge": 1}, "earnings": {"maxAge": 86400, "earningsChart": {"quarterly": [{"date": "4Q2017", "actual": -0.86, "estimate": 0.4}, {"date": "1Q2018", "actual": 0.63, "estimate": 0.4}, {"date": "2Q2018", "actual": 0.78, "estimate": 0.4}, {"date": "3Q2018", "actual": -0.82, "estimate": -0.05}], "currentQuarterEstimateDate": "4Q", "currentQuarterEstimateYear": 2018, "earningsDate": []}, "financialsChart": {"yearly": [{"date": 2017, "revenue": 18747532000, "earnings": -320985000}, {"date": 2018, "revenue": 22223430000, "earnings": 442214000}, {"date": 2019, "revenue": 25221693000, "earnings": 475517000}, {"date": 2020, "revenue": 24217972000, "earnings": 865897000}], "quarterly": [{"date": "3Q2019", "revenue": 5149909000, "earnings": -77001000}, {"date": "4Q2019", "revenue": 5644923000, "earnings": -56760000}, {"date": "1Q2020", "revenue": 6545224000, "earnings": 440670000}, {"date": "2Q2020", "revenue": 4103630000, "earnings": 256047000}]}, "financialCurrency": "INR"}, "calendarEvents": {"maxAge": 1, "earnings": {"earningsDate": [], "revenueAverage": 6047000000, "revenueLow": 6047000000, "revenueHigh": 6047000000}}, "upgradeDowngradeHistory": {"history": [], "maxAge": 86400}, "price": {"maxAge": 1, "regularMarketChangePercent": -0.0018957057, "regularMarketChange": -0.19999695, "regularMarketTime": "2021-04-30 15:48:53", "priceHint": 2, "regularMarketPrice": 105.3, "regularMarketDayHigh": 107.05, "regularMarketDayLow": 105.05, "regularMarketVolume": 26585, "averageDailyVolume10Day": 78370, "averageDailyVolume3Month": 74669, "regularMarketPreviousClose": 105.5, "regularMarketSource": "FREE_REALTIME", "regularMarketOpen": 105.8, "exchange": "BSE", "exchangeName": "BSE", "exchangeDataDelayedBy": 0, "marketState": "CLOSED", "quoteType": "EQUITY", "symbol": "ORIENTCEM.BO", "underlyingSymbol": null, "shortName": "ORIENT CEMENT LTD", "longName": "Orient Cement Limited", "currency": "INR", "quoteSourceName": "Delayed Quote", "currencySymbol": "\u20b9", "fromCurrency": null, "lastMarket": null, "marketCap": 21572706304}, "balanceSheetHistory": {"balanceSheetStatements": [{"maxAge": 1, "endDate": "2020-03-31", "cash": 347005000, "netReceivables": 1790052000, "inventory": 2366140000, "otherCurrentAssets": 305958000, "totalCurrentAssets": 4847253000, "propertyPlantEquipment": 22799265000, "intangibleAssets": 583585000, "otherAssets": 767820000, "totalAssets": 28997923000, "accountsPayable": 1763520000, "shortLongTermDebt": 907091000, "otherCurrentLiab": 1489787000, "longTermDebt": 11353913000, "otherLiab": 1618540000, "totalCurrentLiabilities": 4828362000, "totalLiab": 17814233000, "commonStock": 204869000, "retainedEarnings": 10861987000, "treasuryStock": 116834000, "otherStockholderEquity": 116834000, "totalStockholderEquity": 11183690000, "netTangibleAssets": 10600105000}, {"maxAge": 1, "endDate": "2019-03-31", "cash": 220412000, "netReceivables": 1993900000, "inventory": 1859677000, "otherCurrentAssets": 443651000, "totalCurrentAssets": 4555894000, "propertyPlantEquipment": 23410273000, "intangibleAssets": 613197000, "otherAssets": 689524000, "totalAssets": 29268888000, "accountsPayable": 1865013000, "shortLongTermDebt": 590053000, "otherCurrentLiab": 1530862000, "longTermDebt": 12262423000, "otherLiab": 1394459000, "totalCurrentLiabilities": 5076944000, "totalLiab": 18733826000, "commonStock": 204869000, "retainedEarnings": 10182475000, "treasuryStock": 147718000, "otherStockholderEquity": 147718000, "totalStockholderEquity": 10535062000, "netTangibleAssets": 9921865000}, {"maxAge": 1, "endDate": "2018-03-31", "cash": 320605000, "netReceivables": 1711835000, "inventory": 1642073000, "otherCurrentAssets": 859508000, "totalCurrentAssets": 4560873000, "longTermInvestments": 56442000, "propertyPlantEquipment": 23439451000, "intangibleAssets": 649864000, "otherAssets": 662865000, "totalAssets": 29369495000, "accountsPayable": 2001223000, "shortLongTermDebt": 507815000, "otherCurrentLiab": 1881834000, "longTermDebt": 11384804000, "otherLiab": 1341451000, "totalCurrentLiabilities": 6422014000, "totalLiab": 19148269000, "commonStock": 204869000, "retainedEarnings": 9899130000, "treasuryStock": 117227000, "otherStockholderEquity": 117227000, "totalStockholderEquity": 10221226000, "netTangibleAssets": 9571362000}, {"maxAge": 1, "endDate": "2017-03-31", "cash": 629201000, "shortTermInvestments": 2442000, "netReceivables": 1329586000, "inventory": 1466599000, "otherCurrentAssets": 875349000, "totalCurrentAssets": 4324115000, "propertyPlantEquipment": 23285311000, "intangibleAssets": 652190000, "otherAssets": 569424000, "totalAssets": 28831040000, "accountsPayable": 2006248000, "shortLongTermDebt": 490089000, "otherCurrentLiab": 1813668000, "longTermDebt": 11884902000, "otherLiab": 1253687000, "totalCurrentLiabilities": 5820636000, "totalLiab": 18959225000, "commonStock": 204869000, "retainedEarnings": 9585104000, "treasuryStock": 81842000, "otherStockholderEquity": 81842000, "totalStockholderEquity": 9871815000, "netTangibleAssets": 9219625000}], "maxAge": 86400}, "earningsTrend": {"trend": [{"maxAge": 1, "period": "0q", "endDate": "2018-12-31", "growth": {}, "earningsEstimate": {"avg": 0.0, "low": 0.0, "high": 0.0, "yearAgoEps": -0.86, "numberOfAnalysts": 0, "growth": {}}, "revenueEstimate": {"avg": 6047000000, "low": 6047000000, "high": 6047000000, "numberOfAnalysts": 1, "yearAgoRevenue": 5115280000, "growth": 0.18200001}, "epsTrend": {"current": 0.0, "7daysAgo": 0.0, "30daysAgo": 0.0, "60daysAgo": 0.0, "90daysAgo": 0.0}, "epsRevisions": {"upLast7days": 0, "upLast30days": 0, "downLast30days": 0, "downLast90days": {}}}, {"maxAge": 1, "period": "+1q", "endDate": "2019-03-31", "growth": {}, "earningsEstimate": {"avg": 0.0, "low": 0.0, "high": 0.0, "yearAgoEps": 0.63, "numberOfAnalysts": 0, "growth": {}}, "revenueEstimate": {"avg": 7608000000, "low": 7608000000, "high": 7608000000, "numberOfAnalysts": 1, "yearAgoRevenue": 6197430000, "growth": 0.22799999}, "epsTrend": {"current": 0.0, "7daysAgo": 0.0, "30daysAgo": 0.0, "60daysAgo": 0.0, "90daysAgo": 0.0}, "epsRevisions": {"upLast7days": 0, "upLast30days": 0, "downLast30days": 0, "downLast90days": {}}}, {"maxAge": 1, "period": "0y", "endDate": "2019-03-31", "growth": {}, "earningsEstimate": {"avg": 0.0, "low": 0.0, "high": 0.0, "yearAgoEps": {}, "numberOfAnalysts": 0, "growth": {}}, "revenueEstimate": {"avg": 25199500000, "low": 24601000000, "high": 25870000000, "numberOfAnalysts": 11, "yearAgoRevenue": 22223400000, "growth": 0.134}, "epsTrend": {"current": 0.0, "7daysAgo": 1.98, "30daysAgo": 1.98, "60daysAgo": 1.98, "90daysAgo": 1.98}, "epsRevisions": {"upLast7days": 0, "upLast30days": 0, "downLast30days": 0, "downLast90days": {}}}, {"maxAge": 1, "period": "+1y", "endDate": "2020-03-31", "growth": {}, "earningsEstimate": {"avg": 0.0, "low": 0.0, "high": 0.0, "yearAgoEps": {}, "numberOfAnalysts": 0, "growth": {}}, "revenueEstimate": {"avg": 28469900000, "low": 26981000000, "high": 30200000000, "numberOfAnalysts": 11, "yearAgoRevenue": 25199500000, "growth": 0.13}, "epsTrend": {"current": 0.0, "7daysAgo": 5.02, "30daysAgo": 5.02, "60daysAgo": 5.02, "90daysAgo": 5.02}, "epsRevisions": {"upLast7days": 0, "upLast30days": 0, "downLast30days": 0, "downLast90days": {}}}, {"maxAge": 1, "period": "+5y", "endDate": null, "growth": -0.03, "earningsEstimate": {"avg": {}, "low": {}, "high": {}, "yearAgoEps": {}, "numberOfAnalysts": {}, "growth": {}}, "revenueEstimate": {"avg": {}, "low": {}, "high": {}, "numberOfAnalysts": {}, "yearAgoRevenue": {}, "growth": {}}, "epsTrend": {"current": {}, "7daysAgo": {}, "30daysAgo": {}, "60daysAgo": {}, "90daysAgo": {}}, "epsRevisions": {"upLast7days": {}, "upLast30days": {}, "downLast30days": {}, "downLast90days": {}}}, {"maxAge": 1, "period": "-5y", "endDate": null, "growth": {}, "earningsEstimate": {"avg": {}, "low": {}, "high": {}, "yearAgoEps": {}, "numberOfAnalysts": {}, "growth": {}}, "revenueEstimate": {"avg": {}, "low": {}, "high": {}, "numberOfAnalysts": {}, "yearAgoRevenue": {}, "growth": {}}, "epsTrend": {"current": {}, "7daysAgo": {}, "30daysAgo": {}, "60daysAgo": {}, "90daysAgo": {}}, "epsRevisions": {"upLast7days": {}, "upLast30days": {}, "downLast30days": {}, "downLast90days": {}}}], "maxAge": 1}, "financialData": {"maxAge": 86400, "currentPrice": 105.3, "targetHighPrice": 188.0, "targetLowPrice": 80.0, "targetMeanPrice": 114.08, "targetMedianPrice": 105.0, "recommendationKey": "none", "numberOfAnalystOpinions": 13, "grossProfits": 15666534000, "financialCurrency": "INR"}}}