{"ORIENTALTL.BO": {"cashflowStatementHistory": {"cashflowStatements": [{"maxAge": 1, "endDate": "2020-03-31", "netIncome": 20499000, "depreciation": 14670000, "changeToNetincome": 46086000, "changeToAccountReceivables": -129909000, "changeToLiabilities": -18847000, "changeToInventory": 5760000, "changeToOperatingActivities": -3777000, "totalCashFromOperatingActivities": -65258000, "capitalExpenditures": -1506000, "otherCashflowsFromInvestingActivities": 4433000, "totalCashflowsFromInvestingActivities": 2927000, "netBorrowings": 108910000, "otherCashflowsFromFinancingActivities": -45539000, "totalCashFromFinancingActivities": 63371000, "changeInCash": 1040000}, {"maxAge": 1, "endDate": "2019-03-31", "netIncome": 8175000, "depreciation": 14769000, "changeToNetincome": 28734000, "changeToAccountReceivables": 4105000, "changeToLiabilities": 115921000, "changeToInventory": -176319000, "changeToOperatingActivities": 8278000, "totalCashFromOperatingActivities": 3923000, "capitalExpenditures": -343000, "otherCashflowsFromInvestingActivities": -329000, "totalCashflowsFromInvestingActivities": 10331000, "netBorrowings": -44925000, "otherCashflowsFromFinancingActivities": -33648000, "totalCashFromFinancingActivities": -19353000, "changeInCash": -5099000, "issuanceOfStock": 59220000}, {"maxAge": 1, "endDate": "2018-03-31", "netIncome": 76827000, "depreciation": 15341000, "changeToNetincome": -48062000, "changeToAccountReceivables": -202497000, "changeToLiabilities": 59608000, "changeToInventory": 5667000, "changeToOperatingActivities": 2117000, "totalCashFromOperatingActivities": -90739000, "capitalExpenditures": -89000, "otherCashflowsFromInvestingActivities": 123000, "totalCashflowsFromInvestingActivities": 41134000, "netBorrowings": -65296000, "otherCashflowsFromFinancingActivities": 8764000, "totalCashFromFinancingActivities": 54268000, "changeInCash": 4663000, "issuanceOfStock": 110800000}, {"maxAge": 1, "endDate": "2017-03-31", "netIncome": 7188000, "depreciation": 16128000, "changeToNetincome": 1846000, "changeToAccountReceivables": -125534000, "changeToLiabilities": -12793000, "changeToInventory": 142477000, "changeToOperatingActivities": -36080000, "totalCashFromOperatingActivities": -6768000, "capitalExpenditures": -30000, "otherCashflowsFromInvestingActivities": 2793000, "totalCashflowsFromInvestingActivities": 2763000, "netBorrowings": 7957000, "otherCashflowsFromFinancingActivities": -3730000, "totalCashFromFinancingActivities": 4227000, "changeInCash": 223000, "issuanceOfStock": 110800000}], "maxAge": 86400}, "institutionOwnership": {"ownershipList": [], "maxAge": 1}, "balanceSheetHistoryQuarterly": {"balanceSheetStatements": [{"maxAge": 1, "endDate": "2020-06-30", "totalStockholderEquity": 803438000, "netTangibleAssets": 803438000}, {"maxAge": 1, "endDate": "2020-03-31", "cash": 2396000, "netReceivables": 426708000, "inventory": 378114000, "otherCurrentAssets": 56748000, "totalCurrentAssets": 863966000, "propertyPlantEquipment": 454356000, "otherAssets": 65424000, "deferredLongTermAssetCharges": 55393000, "totalAssets": 1383746000, "accountsPayable": 188272000, "shortLongTermDebt": 50221000, "otherCurrentLiab": 31232000, "longTermDebt": 183902000, "otherLiab": 1558000, "deferredLongTermLiab": 520000, "totalCurrentLiabilities": 394848000, "totalLiab": 580308000, "commonStock": 285152000, "retainedEarnings": -97364000, "treasuryStock": 270598000, "capitalSurplus": 345052000, "otherStockholderEquity": 270598000, "totalStockholderEquity": 803438000, "netTangibleAssets": 803438000}, {"maxAge": 1, "endDate": "2019-12-31", "totalStockholderEquity": 777779000, "netTangibleAssets": 777779000}, {"maxAge": 1, "endDate": "2019-09-30", "cash": 12506000, "netReceivables": 262354000, "inventory": 320790000, "otherCurrentAssets": 90720000, "totalCurrentAssets": 686370000, "propertyPlantEquipment": 460180000, "otherAssets": 56413000, "deferredLongTermAssetCharges": 46166000, "totalAssets": 1202963000, "accountsPayable": 85934000, "otherCurrentLiab": 126318000, "longTermDebt": 165930000, "otherLiab": 1630000, "totalCurrentLiabilities": 257624000, "totalLiab": 425184000, "commonStock": 285152000, "treasuryStock": 492627000, "otherStockholderEquity": 492627000, "totalStockholderEquity": 777779000, "netTangibleAssets": 777779000}], "maxAge": 86400}, "indexTrend": {"maxAge": 1, "symbol": "SP5", "peRatio": 19.7411, "pegRatio": 1.34172, "estimates": [{"period": "0q", "growth": 0.549}, {"period": "+1q", "growth": 0.431}, {"period": "0y", "growth": 0.305}, {"period": "+1y", "growth": 0.109}, {"period": "+5y", "growth": 0.120865}, {"period": "-5y"}]}, "insiderTransactions": {"transactions": [{"maxAge": 1, "shares": 1400000, "filerUrl": "", "transactionText": "", "filerName": "Oriental Buildmat Exports Pvt Ltd", "filerRelation": "Promoter", "moneyText": "", "startDate": "2016-02-29", "ownership": "D"}], "maxAge": 1}, "quoteType": {"exchange": "BSE", "quoteType": "EQUITY", "symbol": "ORIENTALTL.BO", "underlyingSymbol": "ORIENTALTL.BO", "shortName": "ORIENTAL TRIMEX LTD.", "longName": "Oriental Trimex Limited", "firstTradeDateEpochUtc": "2007-03-07 09:15:00", "timeZoneFullName": "Asia/Kolkata", "timeZoneShortName": "IST", "uuid": "30b22b83-8621-340d-921a-e640a12f2811", "gmtOffSetMilliseconds": 19800000, "maxAge": 1}, "incomeStatementHistory": {"incomeStatementHistory": [{"maxAge": 1, "endDate": "2020-03-31", "totalRevenue": 748325000, "costOfRevenue": 638265000, "grossProfit": 110060000, "researchDevelopment": {}, "sellingGeneralAdministrative": 13327000, "nonRecurring": {}, "otherOperatingExpenses": 7579000, "totalOperatingExpenses": 673841000, "operatingIncome": 74484000, "totalOtherIncomeExpenseNet": -49753000, "ebit": 74484000, "interestExpense": -42695000, "incomeBeforeTax": 24731000, "incomeTaxExpense": 4232000, "minorityInterest": {}, "netIncomeFromContinuingOps": 20499000, "discontinuedOperations": {}, "extraordinaryItems": {}, "effectOfAccountingCharges": {}, "otherItems": {}, "netIncome": 20499000, "netIncomeApplicableToCommonShares": 20499000}, {"maxAge": 1, "endDate": "2019-03-31", "totalRevenue": 726789000, "costOfRevenue": 653176000, "grossProfit": 73613000, "researchDevelopment": {}, "sellingGeneralAdministrative": 13652000, "nonRecurring": {}, "otherOperatingExpenses": 8025000, "totalOperatingExpenses": 689523000, "operatingIncome": 37266000, "totalOtherIncomeExpenseNet": -21512000, "ebit": 37266000, "interestExpense": -15945000, "incomeBeforeTax": 15754000, "incomeTaxExpense": 7579000, "minorityInterest": {}, "netIncomeFromContinuingOps": 8175000, "discontinuedOperations": {}, "extraordinaryItems": {}, "effectOfAccountingCharges": {}, "otherItems": {}, "netIncome": 8175000, "netIncomeApplicableToCommonShares": 8175000}, {"maxAge": 1, "endDate": "2018-03-31", "totalRevenue": 544669000, "costOfRevenue": 461555000, "grossProfit": 83114000, "researchDevelopment": {}, "sellingGeneralAdministrative": 12224000, "nonRecurring": {}, "otherOperatingExpenses": 13507000, "totalOperatingExpenses": 502627000, "operatingIncome": 42042000, "totalOtherIncomeExpenseNet": -28912000, "ebit": 42042000, "interestExpense": -7090000, "incomeBeforeTax": 13130000, "incomeTaxExpense": -63697000, "minorityInterest": {}, "netIncomeFromContinuingOps": 76827000, "discontinuedOperations": {}, "extraordinaryItems": {}, "effectOfAccountingCharges": {}, "otherItems": {}, "netIncome": 76827000, "netIncomeApplicableToCommonShares": 76827000}, {"maxAge": 1, "endDate": "2017-03-31", "totalRevenue": 574274000, "costOfRevenue": 514673000, "grossProfit": 59601000, "researchDevelopment": {}, "sellingGeneralAdministrative": 11447000, "nonRecurring": {}, "otherOperatingExpenses": 30755000, "totalOperatingExpenses": 573003000, "operatingIncome": 1271000, "totalOtherIncomeExpenseNet": 7739000, "ebit": 1271000, "interestExpense": -4047000, "incomeBeforeTax": 9010000, "incomeTaxExpense": 1822000, "minorityInterest": {}, "netIncomeFromContinuingOps": 7188000, "discontinuedOperations": {}, "extraordinaryItems": {}, "effectOfAccountingCharges": {}, "otherItems": {}, "netIncome": 7188000, "netIncomeApplicableToCommonShares": 7188000}], "maxAge": 86400}, "fundOwnership": {"ownershipList": [], "maxAge": 1}, "summaryDetail": {"maxAge": 1, "priceHint": 2, "previousClose": 7.3, "open": 7.25, "dayLow": 6.88, "dayHigh": 7.6, "regularMarketPreviousClose": 7.3, "regularMarketOpen": 7.25, "regularMarketDayLow": 6.88, "regularMarketDayHigh": 7.6, "trailingPE": 10.905044, "volume": 18349, "regularMarketVolume": 18349, "averageVolume": 6626, "averageVolume10days": 3302, "averageDailyVolume10Day": 3302, "bid": 7.35, "ask": 7.41, "bidSize": 0, "askSize": 0, "marketCap": 209586720, "fiftyTwoWeekLow": 4.5, "fiftyTwoWeekHigh": 18.1, "fiftyDayAverage": 10.89303, "twoHundredDayAverage": 9.846838, "currency": "INR", "fromCurrency": null, "lastMarket": null, "algorithm": null, "tradeable": false}, "incomeStatementHistoryQuarterly": {"incomeStatementHistory": [{"maxAge": 1, "endDate": "2020-06-30", "totalRevenue": 7334000, "costOfRevenue": 3463000, "grossProfit": 3871000, "researchDevelopment": {}, "sellingGeneralAdministrative": 673000, "nonRecurring": {}, "otherOperatingExpenses": 2264000, "totalOperatingExpenses": 10074000, "operatingIncome": -2740000, "totalOtherIncomeExpenseNet": 4724000, "ebit": -2740000, "interestExpense": -12595000, "incomeBeforeTax": 1984000, "incomeTaxExpense": 214000, "minorityInterest": {}, "netIncomeFromContinuingOps": 1770000, "discontinuedOperations": {}, "extraordinaryItems": {}, "effectOfAccountingCharges": {}, "otherItems": {}, "netIncome": 1770000, "netIncomeApplicableToCommonShares": 1770000}, {"maxAge": 1, "endDate": "2020-03-31", "totalRevenue": 324978000, "costOfRevenue": 293504000, "grossProfit": 31474000, "researchDevelopment": {}, "sellingGeneralAdministrative": 5969000, "nonRecurring": {}, "otherOperatingExpenses": -10771000, "totalOperatingExpenses": 292365000, "operatingIncome": 32613000, "totalOtherIncomeExpenseNet": -18710000, "ebit": 32613000, "interestExpense": -13349000, "incomeBeforeTax": 13903000, "incomeTaxExpense": -6895000, "minorityInterest": {}, "netIncomeFromContinuingOps": 20798000, "discontinuedOperations": {}, "extraordinaryItems": {}, "effectOfAccountingCharges": {}, "otherItems": {}, "netIncome": 20798000, "netIncomeApplicableToCommonShares": 20798000}, {"maxAge": 1, "endDate": "2019-12-31", "totalRevenue": 160077000, "costOfRevenue": 135623000, "grossProfit": 24454000, "researchDevelopment": {}, "sellingGeneralAdministrative": 2708000, "nonRecurring": {}, "otherOperatingExpenses": 5169000, "totalOperatingExpenses": 147166000, "operatingIncome": 12911000, "totalOtherIncomeExpenseNet": -7557000, "ebit": 12911000, "interestExpense": -9864000, "incomeBeforeTax": 5354000, "incomeTaxExpense": 835000, "minorityInterest": {}, "netIncomeFromContinuingOps": 4519000, "discontinuedOperations": {}, "extraordinaryItems": {}, "effectOfAccountingCharges": {}, "otherItems": {}, "netIncome": 4519000, "netIncomeApplicableToCommonShares": 4519000}, {"maxAge": 1, "endDate": "2019-09-30", "totalRevenue": 118371000, "costOfRevenue": 81879000, "grossProfit": 36492000, "researchDevelopment": {}, "sellingGeneralAdministrative": 2495000, "nonRecurring": {}, "otherOperatingExpenses": 6816000, "totalOperatingExpenses": 94627000, "operatingIncome": 23744000, "totalOtherIncomeExpenseNet": -21319000, "ebit": 23744000, "interestExpense": -12664000, "incomeBeforeTax": 2425000, "incomeTaxExpense": 9643000, "minorityInterest": {}, "netIncomeFromContinuingOps": -7218000, "discontinuedOperations": {}, "extraordinaryItems": {}, "effectOfAccountingCharges": {}, "otherItems": {}, "netIncome": -7218000, "netIncomeApplicableToCommonShares": -7218000}], "maxAge": 86400}, "cashflowStatementHistoryQuarterly": {"cashflowStatements": [{"maxAge": 1, "endDate": "2020-06-30", "netIncome": 1770000, "changeToLiabilities": 0}, {"maxAge": 1, "endDate": "2020-03-31", "netIncome": 20798000, "changeToLiabilities": 0}, {"maxAge": 1, "endDate": "2019-12-31", "netIncome": 4519000, "changeToLiabilities": 0}, {"maxAge": 1, "endDate": "2019-09-30", "netIncome": -7218000, "changeToLiabilities": 0}], "maxAge": 86400}, "insiderHolders": {"holders": [{"maxAge": 1, "name": "Oriental Buildmat Exports Pvt Ltd", "relation": "Promoter", "url": "", "transactionDescription": "Sale", "latestTransDate": "2016-02-29", "positionDirect": 854391, "positionDirectDate": "2016-02-29"}], "maxAge": 1}, "calendarEvents": {"maxAge": 1, "earnings": {"earningsDate": []}}, "upgradeDowngradeHistory": {"history": [], "maxAge": 86400}, "price": {"maxAge": 1, "regularMarketChangePercent": 0.006849276, "regularMarketChange": 0.049999714, "regularMarketTime": "2021-04-30 15:25:20", "priceHint": 2, "regularMarketPrice": 7.35, "regularMarketDayHigh": 7.6, "regularMarketDayLow": 6.88, "regularMarketVolume": 18349, "averageDailyVolume10Day": 3302, "averageDailyVolume3Month": 6626, "regularMarketPreviousClose": 7.3, "regularMarketSource": "FREE_REALTIME", "regularMarketOpen": 7.25, "exchange": "BSE", "exchangeName": "BSE", "exchangeDataDelayedBy": 0, "marketState": "CLOSED", "quoteType": "EQUITY", "symbol": "ORIENTALTL.BO", "underlyingSymbol": null, "shortName": "ORIENTAL TRIMEX LTD.", "longName": "Oriental Trimex Limited", "currency": "INR", "quoteSourceName": "Delayed Quote", "currencySymbol": "\u20b9", "fromCurrency": null, "lastMarket": null, "marketCap": 209586720}, "balanceSheetHistory": {"balanceSheetStatements": [{"maxAge": 1, "endDate": "2020-03-31", "cash": 2396000, "netReceivables": 426708000, "inventory": 378114000, "otherCurrentAssets": 56748000, "totalCurrentAssets": 863966000, "propertyPlantEquipment": 454356000, "otherAssets": 65424000, "deferredLongTermAssetCharges": 55393000, "totalAssets": 1383746000, "accountsPayable": 188272000, "shortLongTermDebt": 50221000, "otherCurrentLiab": 31232000, "longTermDebt": 183902000, "otherLiab": 1558000, "deferredLongTermLiab": 520000, "totalCurrentLiabilities": 394848000, "totalLiab": 580308000, "commonStock": 285152000, "retainedEarnings": -97364000, "treasuryStock": 270598000, "capitalSurplus": 345052000, "otherStockholderEquity": 270598000, "totalStockholderEquity": 803438000, "netTangibleAssets": 803438000}, {"maxAge": 1, "endDate": "2019-03-31", "cash": 1355000, "netReceivables": 298894000, "inventory": 383874000, "otherCurrentAssets": 78437000, "totalCurrentAssets": 762560000, "propertyPlantEquipment": 467520000, "otherAssets": 67277000, "deferredLongTermAssetCharges": 55393000, "totalAssets": 1297357000, "accountsPayable": 207119000, "otherCurrentLiab": 31689000, "longTermDebt": 83300000, "otherLiab": 1630000, "deferredLongTermLiab": 780000, "totalCurrentLiabilities": 429830000, "totalLiab": 514760000, "commonStock": 285152000, "retainedEarnings": -118206000, "treasuryStock": 270599000, "capitalSurplus": 345052000, "otherStockholderEquity": 270599000, "totalStockholderEquity": 782597000, "netTangibleAssets": 782597000}, {"maxAge": 1, "endDate": "2018-03-31", "cash": 6453000, "netReceivables": 309208000, "inventory": 207555000, "otherCurrentAssets": 108528000, "totalCurrentAssets": 631744000, "propertyPlantEquipment": 481947000, "otherAssets": 71245000, "deferredLongTermAssetCharges": 61989000, "totalAssets": 1184936000, "accountsPayable": 91197000, "shortLongTermDebt": 66800000, "otherCurrentLiab": 70325000, "longTermDebt": 33200000, "otherLiab": 1291000, "deferredLongTermLiab": 1040000, "totalCurrentLiabilities": 417642000, "totalLiab": 452133000, "commonStock": 238152000, "retainedEarnings": -126419000, "treasuryStock": 288238000, "capitalSurplus": 332832000, "otherStockholderEquity": 288238000, "totalStockholderEquity": 732803000, "netTangibleAssets": 732803000}, {"maxAge": 1, "endDate": "2017-03-31", "cash": 1791000, "netReceivables": 277237000, "inventory": 213222000, "otherCurrentAssets": 70158000, "totalCurrentAssets": 562408000, "propertyPlantEquipment": 280778000, "otherAssets": 3557000, "totalAssets": 846743000, "accountsPayable": 31589000, "shortLongTermDebt": 239201000, "otherCurrentLiab": 29963000, "otherLiab": 1314000, "totalCurrentLiabilities": 588488000, "totalLiab": 589802000, "commonStock": 148152000, "retainedEarnings": -203243000, "capitalSurplus": 312032000, "totalStockholderEquity": 256941000, "netTangibleAssets": 256941000}], "maxAge": 86400}, "financialData": {"maxAge": 86400, "currentPrice": 7.35, "recommendationKey": "none", "grossProfits": 110060000, "financialCurrency": "INR"}}}