{"ORIENTPPR.BO": {"recommendationTrend": {"trend": [{"period": "0m", "strongBuy": 0, "buy": 0, "hold": 0, "sell": 0, "strongSell": 0}, {"period": "-1m", "strongBuy": 0, "buy": 0, "hold": 0, "sell": 0, "strongSell": 0}, {"period": "-2m", "strongBuy": 0, "buy": 0, "hold": 0, "sell": 0, "strongSell": 0}, {"period": "-3m", "strongBuy": 0, "buy": 0, "hold": 0, "sell": 0, "strongSell": 0}], "maxAge": 86400}, "cashflowStatementHistory": {"cashflowStatements": [{"maxAge": 1, "endDate": "2020-03-31", "netIncome": 199279000, "depreciation": 326975000, "changeToNetincome": -72576000, "changeToAccountReceivables": 71144000, "changeToLiabilities": 177922000, "changeToInventory": -22523000, "totalCashFromOperatingActivities": 684848000, "capitalExpenditures": -508819000, "investments": -7602000, "otherCashflowsFromInvestingActivities": 48699000, "totalCashflowsFromInvestingActivities": -466961000, "dividendsPaid": -127796000, "netBorrowings": -7523000, "otherCashflowsFromFinancingActivities": -79146000, "totalCashFromFinancingActivities": -214465000, "changeInCash": 3422000}, {"maxAge": 1, "endDate": "2019-03-31", "netIncome": 1016497000, "depreciation": 312381000, "changeToNetincome": -237951000, "changeToAccountReceivables": -79111000, "changeToLiabilities": 124621000, "changeToInventory": -151995000, "totalCashFromOperatingActivities": 988199000, "capitalExpenditures": -273304000, "investments": 37041000, "otherCashflowsFromInvestingActivities": 59434000, "totalCashflowsFromInvestingActivities": 6777000, "dividendsPaid": -235549000, "netBorrowings": -619679000, "otherCashflowsFromFinancingActivities": -147901000, "totalCashFromFinancingActivities": -1003129000, "changeInCash": -8153000}, {"maxAge": 1, "endDate": "2018-03-31", "netIncome": 492889000, "depreciation": 283063000, "changeToNetincome": 210513000, "changeToAccountReceivables": 202394000, "changeToLiabilities": -103568000, "changeToInventory": 173005000, "totalCashFromOperatingActivities": 1258301000, "capitalExpenditures": -298468000, "investments": 352193000, "otherCashflowsFromInvestingActivities": 60186000, "totalCashflowsFromInvestingActivities": 153381000, "dividendsPaid": -296617000, "netBorrowings": -956479000, "otherCashflowsFromFinancingActivities": -204785000, "totalCashFromFinancingActivities": -1457881000, "changeInCash": -46199000}, {"maxAge": 1, "endDate": "2017-03-31", "netIncome": 379181000, "depreciation": 425972000, "changeToNetincome": 235074000, "changeToAccountReceivables": 196412000, "changeToLiabilities": -251694000, "changeToInventory": -639619000, "totalCashFromOperatingActivities": 357818000, "capitalExpenditures": -855281000, "investments": -1063000, "otherCashflowsFromInvestingActivities": 140094000, "totalCashflowsFromInvestingActivities": -673742000, "dividendsPaid": -52588000, "netBorrowings": -72876000, "otherCashflowsFromFinancingActivities": -423604000, "totalCashFromFinancingActivities": -72002000, "changeInCash": -490204000, "issuanceOfStock": 477066000}], "maxAge": 86400}, "institutionOwnership": {"ownershipList": [], "maxAge": 1}, "balanceSheetHistoryQuarterly": {"balanceSheetStatements": [{"maxAge": 1, "endDate": "2020-06-30", "totalStockholderEquity": 12626955000, "netTangibleAssets": 12620657000}, {"maxAge": 1, "endDate": "2020-03-31", "cash": 33026000, "netReceivables": 389977000, "inventory": 766906000, "otherCurrentAssets": 220874000, "totalCurrentAssets": 1453175000, "longTermInvestments": 1477819000, "propertyPlantEquipment": 13691823000, "intangibleAssets": 6298000, "otherAssets": 321300000, "totalAssets": 16950415000, "accountsPayable": 980538000, "shortLongTermDebt": 35660000, "otherCurrentLiab": 291175000, "otherLiab": 2440951000, "totalCurrentLiabilities": 1822123000, "totalLiab": 4323460000, "commonStock": 212186000, "retainedEarnings": 10227084000, "treasuryStock": 1717936000, "capitalSurplus": 469749000, "otherStockholderEquity": 1717936000, "totalStockholderEquity": 12626955000, "netTangibleAssets": 12620657000}, {"maxAge": 1, "endDate": "2019-12-31", "totalStockholderEquity": 13403530000, "netTangibleAssets": 13394899000}, {"maxAge": 1, "endDate": "2019-09-30", "cash": 45884000, "netReceivables": 413314000, "inventory": 679172000, "otherCurrentAssets": 355753000, "totalCurrentAssets": 1494123000, "longTermInvestments": 2345406000, "propertyPlantEquipment": 13685300000, "intangibleAssets": 8631000, "otherAssets": 299837000, "totalAssets": 17833297000, "accountsPayable": 937096000, "otherCurrentLiab": 537535000, "longTermDebt": 11960000, "otherLiab": 2534270000, "totalCurrentLiabilities": 1828809000, "totalLiab": 4429767000, "commonStock": 212196000, "treasuryStock": 13191334000, "otherStockholderEquity": 13191334000, "totalStockholderEquity": 13403530000, "netTangibleAssets": 13394899000}], "maxAge": 86400}, "earningsHistory": {"history": [{"maxAge": 1, "epsActual": {}, "epsEstimate": {}, "epsDifference": {}, "surprisePercent": {}, "quarter": {}, "period": "-4q"}, {"maxAge": 1, "epsActual": {}, "epsEstimate": {}, "epsDifference": {}, "surprisePercent": {}, "quarter": {}, "period": "-3q"}, {"maxAge": 1, "epsActual": 0.38, "epsEstimate": 1.03, "epsDifference": -0.65, "surprisePercent": -0.631, "quarter": "2017-06-30", "period": "-2q"}, {"maxAge": 1, "epsActual": 1.4, "epsEstimate": 1.0, "epsDifference": 0.4, "surprisePercent": 0.4, "quarter": "2018-09-30", "period": "-1q"}], "maxAge": 86400}, "indexTrend": {"maxAge": 1, "symbol": "SP5", "peRatio": 19.7411, "pegRatio": 1.34172, "estimates": [{"period": "0q", "growth": 0.549}, {"period": "+1q", "growth": 0.431}, {"period": "0y", "growth": 0.305}, {"period": "+1y", "growth": 0.109}, {"period": "+5y", "growth": 0.120865}, {"period": "-5y"}]}, "industryTrend": {"maxAge": 1, "symbol": null, "estimates": []}, "insiderTransactions": {"transactions": [{"maxAge": 1, "shares": 3727495, "filerUrl": "", "transactionText": "", "filerName": "Shekhavati Investments & Traders Ltd", "filerRelation": "Promoter", "moneyText": "", "startDate": "2019-08-21", "ownership": "D"}, {"maxAge": 1, "shares": 68000, "filerUrl": "", "transactionText": "", "filerName": "Universal Trading Company Ltd", "filerRelation": "Promoter", "moneyText": "", "startDate": "2017-04-11", "ownership": "D"}, {"maxAge": 1, "shares": 68000, "filerUrl": "", "transactionText": "", "filerName": "Birla (Amita)", "filerRelation": "Promoter", "moneyText": "", "startDate": "2017-04-11", "ownership": "D"}, {"maxAge": 1, "shares": 136000, "filerUrl": "", "transactionText": "", "filerName": "Birla (Chandra Kant)", "filerRelation": "Non Executive Chairman", "moneyText": "", "startDate": "2017-04-11", "ownership": "D"}, {"maxAge": 1, "shares": 67270, "filerUrl": "", "transactionText": "", "filerName": "Birla (Nirmala)", "filerRelation": "Promoter", "moneyText": "", "startDate": "2017-04-11", "ownership": "D"}, {"maxAge": 1, "shares": 29769, "filerUrl": "", "transactionText": "", "filerName": "Central India Industries Ltd", "filerRelation": "Promoter", "moneyText": "", "startDate": "2013-07-04", "ownership": "D"}, {"maxAge": 1, "shares": 22039, "filerUrl": "", "transactionText": "", "filerName": "Central India Industries Ltd", "filerRelation": "Promoter", "moneyText": "", "startDate": "2013-07-03", "ownership": "D"}, {"maxAge": 1, "shares": 46985, "filerUrl": "", "transactionText": "", "filerName": "Central India Industries Ltd", "filerRelation": "Promoter", "moneyText": "", "startDate": "2013-07-02", "ownership": "D"}, {"maxAge": 1, "shares": 104955, "filerUrl": "", "transactionText": "", "filerName": "Central India Industries Ltd", "filerRelation": "Promoter", "moneyText": "", "startDate": "2013-07-01", "ownership": "D"}, {"maxAge": 1, "shares": 453250, "filerUrl": "", "transactionText": "", "filerName": "Central India Industries Ltd", "filerRelation": "Promoter", "moneyText": "", "startDate": "2013-06-28", "ownership": "D"}, {"maxAge": 1, "shares": 38700, "filerUrl": "", "transactionText": "", "filerName": "Central India Industries Ltd", "filerRelation": "Promoter", "moneyText": "", "startDate": "2013-06-27", "ownership": "D"}, {"maxAge": 1, "shares": 169000, "filerUrl": "", "transactionText": "", "filerName": "Central India Industries Ltd", "filerRelation": "Promoter", "moneyText": "", "startDate": "2013-06-25", "ownership": "D"}, {"maxAge": 1, "shares": 115000, "filerUrl": "", "transactionText": "", "filerName": "Central India Industries Ltd", "filerRelation": "Promoter", "moneyText": "", "startDate": "2013-06-24", "ownership": "D"}, {"maxAge": 1, "shares": 379000, "filerUrl": "", "transactionText": "", "filerName": "Central India Industries Ltd", "filerRelation": "Promoter", "moneyText": "", "startDate": "2013-06-21", "ownership": "D"}, {"maxAge": 1, "shares": 17000, "filerUrl": "", "transactionText": "", "filerName": "Central India Industries Ltd", "filerRelation": "Promoter", "moneyText": "", "startDate": "2013-06-20", "ownership": "D"}, {"maxAge": 1, "shares": 41000, "filerUrl": "", "transactionText": "", "filerName": "Central India Industries Ltd", "filerRelation": "Promoter", "moneyText": "", "startDate": "2013-06-19", "ownership": "D"}, {"maxAge": 1, "shares": 42302, "filerUrl": "", "transactionText": "", "filerName": "Central India Industries Ltd", "filerRelation": "Promoter", "moneyText": "", "startDate": "2013-06-18", "ownership": "D"}, {"maxAge": 1, "shares": 41000, "filerUrl": "", "transactionText": "", "filerName": "Central India Industries Ltd", "filerRelation": "Promoter", "moneyText": "", "startDate": "2013-06-17", "ownership": "D"}, {"maxAge": 1, "shares": 14510, "filerUrl": "", "transactionText": "", "filerName": "Jhawar (Basant Kumar)", "filerRelation": "Director (Non-Executive)", "moneyText": "", "startDate": "2010-08-25", "ownership": "D"}, {"maxAge": 1, "shares": 5000, "filerUrl": "", "transactionText": "", "filerName": "Jhawar (Basant Kumar)", "filerRelation": "Director (Non-Executive)", "moneyText": "", "startDate": "2010-08-24", "ownership": "D"}, {"maxAge": 1, "shares": 2000, "filerUrl": "", "transactionText": "", "filerName": "Jhawar (Basant Kumar)", "filerRelation": "Director (Non-Executive)", "moneyText": "", "startDate": "2010-08-20", "ownership": "D"}, {"maxAge": 1, "shares": 551218, "filerUrl": "", "transactionText": "", "filerName": "ICICI Prudential Discovery Fund", "filerRelation": "Investment Advisor", "moneyText": "", "startDate": "2010-06-29", "ownership": "D"}, {"maxAge": 1, "shares": 767700, "filerUrl": "", "transactionText": "", "filerName": "Birla (Nirmala)", "filerRelation": "UNREPORTED", "moneyText": "", "startDate": "2010-05-27", "ownership": "D"}, {"maxAge": 1, "shares": 25000, "filerUrl": "", "transactionText": "", "filerName": "Jhawar (Basant Kumar)", "filerRelation": "Director (Non-Executive)", "moneyText": "", "startDate": "2010-04-09", "ownership": "D"}, {"maxAge": 1, "shares": 5000, "filerUrl": "", "transactionText": "", "filerName": "Bastian (Michael John)", "filerRelation": "Director", "moneyText": "", "startDate": "2009-11-13", "ownership": "D"}, {"maxAge": 1, "shares": 0, "filerUrl": "", "transactionText": "", "filerName": "Shekhavati Investments & Traders Ltd", "filerRelation": "UNREPORTED", "moneyText": "", "startDate": "2009-08-27", "ownership": "I"}, {"maxAge": 1, "shares": 165146, "filerUrl": "", "transactionText": "", "filerName": "Shekhavati Investments & Traders Ltd", "filerRelation": "UNREPORTED", "moneyText": "", "startDate": "2009-08-27", "ownership": "D"}, {"maxAge": 1, "shares": 139652, "filerUrl": "", "transactionText": "", "filerName": "Shekhavati Investments & Traders Ltd", "filerRelation": "UNREPORTED", "moneyText": "", "startDate": "2009-08-26", "ownership": "D"}, {"maxAge": 1, "shares": 57827, "filerUrl": "", "transactionText": "", "filerName": "Shekhavati Investments & Traders Ltd", "filerRelation": "UNREPORTED", "moneyText": "", "startDate": "2009-08-25", "ownership": "D"}, {"maxAge": 1, "shares": 66990, "filerUrl": "", "transactionText": "", "filerName": "Shekhavati Investments & Traders Ltd", "filerRelation": "UNREPORTED", "moneyText": "", "startDate": "2009-08-24", "ownership": "D"}, {"maxAge": 1, "shares": 110000, "filerUrl": "", "transactionText": "", "filerName": "Shekhavati Investments & Traders Ltd", "filerRelation": "UNREPORTED", "moneyText": "", "startDate": "2009-08-21", "ownership": "D"}], "maxAge": 1}, "quoteType": {"exchange": "BSE", "quoteType": "EQUITY", "symbol": "ORIENTPPR.BO", "underlyingSymbol": "ORIENTPPR.BO", "shortName": "ORIENT PAPER & INDUSTRIES LTD.", "longName": "Orient Paper &amp; Industries Limited", "firstTradeDateEpochUtc": "2002-07-01 09:15:00", "timeZoneFullName": "Asia/Kolkata", "timeZoneShortName": "IST", "uuid": "bd0528d4-3b4f-3271-aefc-d3309930a1b7", "gmtOffSetMilliseconds": 19800000, "maxAge": 1}, "incomeStatementHistory": {"incomeStatementHistory": [{"maxAge": 1, "endDate": "2020-03-31", "totalRevenue": 6065636000, "costOfRevenue": 2160731000, "grossProfit": 3904905000, "researchDevelopment": {}, "sellingGeneralAdministrative": 864671000, "nonRecurring": {}, "otherOperatingExpenses": 2547703000, "totalOperatingExpenses": 5890930000, "operatingIncome": 174706000, "totalOtherIncomeExpenseNet": 34649000, "ebit": 174706000, "interestExpense": -42238000, "incomeBeforeTax": 209355000, "incomeTaxExpense": 10076000, "minorityInterest": {}, "netIncomeFromContinuingOps": 199279000, "discontinuedOperations": {}, "extraordinaryItems": {}, "effectOfAccountingCharges": {}, "otherItems": {}, "netIncome": 199279000, "netIncomeApplicableToCommonShares": 199279000}, {"maxAge": 1, "endDate": "2019-03-31", "totalRevenue": 7100448000, "costOfRevenue": 2273231000, "grossProfit": 4827217000, "researchDevelopment": {}, "sellingGeneralAdministrative": 873953000, "nonRecurring": {}, "otherOperatingExpenses": 2548012000, "totalOperatingExpenses": 5998026000, "operatingIncome": 1102422000, "totalOtherIncomeExpenseNet": 198150000, "ebit": 1102422000, "interestExpense": -85685000, "incomeBeforeTax": 1300572000, "incomeTaxExpense": 284075000, "minorityInterest": {}, "netIncomeFromContinuingOps": 1016497000, "discontinuedOperations": {}, "extraordinaryItems": {}, "effectOfAccountingCharges": {}, "otherItems": {}, "netIncome": 1016497000, "netIncomeApplicableToCommonShares": 1016497000}, {"maxAge": 1, "endDate": "2018-03-31", "totalRevenue": 6613558000, "costOfRevenue": 1893922000, "grossProfit": 4719636000, "researchDevelopment": {}, "sellingGeneralAdministrative": 834665000, "nonRecurring": {}, "otherOperatingExpenses": 2736152000, "totalOperatingExpenses": 5734028000, "operatingIncome": 879530000, "totalOtherIncomeExpenseNet": -78427000, "ebit": 879530000, "interestExpense": -131893000, "incomeBeforeTax": 801103000, "incomeTaxExpense": 308214000, "minorityInterest": {}, "netIncomeFromContinuingOps": 492889000, "discontinuedOperations": {}, "extraordinaryItems": {}, "effectOfAccountingCharges": {}, "otherItems": {}, "netIncome": 492889000, "netIncomeApplicableToCommonShares": 492889000}, {"maxAge": 1, "endDate": "2017-03-31", "totalRevenue": 5114873000, "costOfRevenue": 1595470000, "grossProfit": 3519403000, "researchDevelopment": {}, "sellingGeneralAdministrative": 841761000, "nonRecurring": {}, "otherOperatingExpenses": 2310945000, "totalOperatingExpenses": 4999958000, "operatingIncome": 114915000, "totalOtherIncomeExpenseNet": -57633000, "ebit": 114915000, "interestExpense": -186360000, "incomeBeforeTax": 57282000, "incomeTaxExpense": -51468000, "minorityInterest": {}, "netIncomeFromContinuingOps": 108750000, "discontinuedOperations": 270431000, "extraordinaryItems": {}, "effectOfAccountingCharges": {}, "otherItems": {}, "netIncome": 379181000, "netIncomeApplicableToCommonShares": 379181000}], "maxAge": 86400}, "fundOwnership": {"ownershipList": [], "maxAge": 1}, "summaryDetail": {"maxAge": 1, "priceHint": 2, "previousClose": 23.05, "open": 23.05, "dayLow": 22.45, "dayHigh": 23.5, "regularMarketPreviousClose": 23.05, "regularMarketOpen": 23.05, "regularMarketDayLow": 22.45, "regularMarketDayHigh": 23.5, "forwardPE": 4.4294004, "volume": 37269, "regularMarketVolume": 37269, "averageVolume": 115233, "averageVolume10days": 28551, "averageDailyVolume10Day": 28551, "bid": 22.9, "ask": 24.0, "bidSize": 0, "askSize": 0, "marketCap": 4859059200, "fiftyTwoWeekLow": 11.6, "fiftyTwoWeekHigh": 24.75, "fiftyDayAverage": 21.313637, "twoHundredDayAverage": 18.630148, "trailingAnnualDividendRate": 0.5, "trailingAnnualDividendYield": 0.021691974, "currency": "INR", "fromCurrency": null, "lastMarket": null, "algorithm": null, "tradeable": false}, "sectorTrend": {"maxAge": 1, "symbol": null, "estimates": []}, "incomeStatementHistoryQuarterly": {"incomeStatementHistory": [{"maxAge": 1, "endDate": "2020-06-30", "totalRevenue": 806435000, "costOfRevenue": 191522000, "grossProfit": 614913000, "researchDevelopment": {}, "sellingGeneralAdministrative": 200941000, "nonRecurring": {}, "otherOperatingExpenses": 575260000, "totalOperatingExpenses": 1048057000, "operatingIncome": -241622000, "totalOtherIncomeExpenseNet": 7850000, "ebit": -241622000, "interestExpense": -13091000, "incomeBeforeTax": -233772000, "incomeTaxExpense": -59413000, "minorityInterest": {}, "netIncomeFromContinuingOps": -174359000, "discontinuedOperations": {}, "extraordinaryItems": {}, "effectOfAccountingCharges": {}, "otherItems": {}, "netIncome": -174359000, "netIncomeApplicableToCommonShares": -174359000}, {"maxAge": 1, "endDate": "2020-03-31", "totalRevenue": 1344781000, "costOfRevenue": 691860000, "grossProfit": 652921000, "researchDevelopment": {}, "sellingGeneralAdministrative": 222397000, "nonRecurring": {}, "otherOperatingExpenses": 407734000, "totalOperatingExpenses": 1393382000, "operatingIncome": -48601000, "totalOtherIncomeExpenseNet": -11310000, "ebit": -48601000, "interestExpense": -4618000, "incomeBeforeTax": -59911000, "incomeTaxExpense": -30109000, "minorityInterest": {}, "netIncomeFromContinuingOps": -29802000, "discontinuedOperations": {}, "extraordinaryItems": {}, "effectOfAccountingCharges": {}, "otherItems": {}, "netIncome": -29802000, "netIncomeApplicableToCommonShares": -29802000}, {"maxAge": 1, "endDate": "2019-12-31", "totalRevenue": 1636440000, "costOfRevenue": 529487000, "grossProfit": 1106953000, "researchDevelopment": {}, "sellingGeneralAdministrative": 214681000, "nonRecurring": {}, "otherOperatingExpenses": 786094000, "totalOperatingExpenses": 1614186000, "operatingIncome": 22254000, "totalOtherIncomeExpenseNet": 17352000, "ebit": 22254000, "interestExpense": -12756000, "incomeBeforeTax": 39606000, "incomeTaxExpense": 6322000, "minorityInterest": {}, "netIncomeFromContinuingOps": 33284000, "discontinuedOperations": {}, "extraordinaryItems": {}, "effectOfAccountingCharges": {}, "otherItems": {}, "netIncome": 33284000, "netIncomeApplicableToCommonShares": 33284000}, {"maxAge": 1, "endDate": "2019-09-30", "totalRevenue": 1586722000, "costOfRevenue": 473051000, "grossProfit": 1113671000, "researchDevelopment": {}, "sellingGeneralAdministrative": 212163000, "nonRecurring": {}, "otherOperatingExpenses": 714512000, "totalOperatingExpenses": 1481918000, "operatingIncome": 104804000, "totalOtherIncomeExpenseNet": 25899000, "ebit": 104804000, "interestExpense": -13839000, "incomeBeforeTax": 130703000, "incomeTaxExpense": 15155000, "minorityInterest": {}, "netIncomeFromContinuingOps": 115548000, "discontinuedOperations": {}, "extraordinaryItems": {}, "effectOfAccountingCharges": {}, "otherItems": {}, "netIncome": 115548000, "netIncomeApplicableToCommonShares": 115548000}], "maxAge": 86400}, "cashflowStatementHistoryQuarterly": {"cashflowStatements": [{"maxAge": 1, "endDate": "2020-06-30", "netIncome": -174359000, "changeToLiabilities": 0}, {"maxAge": 1, "endDate": "2020-03-31", "netIncome": -29802000, "changeToLiabilities": 0}, {"maxAge": 1, "endDate": "2019-12-31", "netIncome": 33284000, "changeToLiabilities": 0}, {"maxAge": 1, "endDate": "2019-09-30", "netIncome": 115548000, "changeToLiabilities": 0}], "maxAge": 86400}, "insiderHolders": {"holders": [{"maxAge": 1, "name": "Bastian (Michael John)", "relation": "Director", "url": "", "transactionDescription": "Acquisition", "latestTransDate": "2009-11-13", "positionDirect": 5000, "positionDirectDate": "2009-11-13"}, {"maxAge": 1, "name": "Birla (Amita)", "relation": "Promoter", "url": "", "transactionDescription": "Acquisition", "latestTransDate": "2017-04-11", "positionDirect": 328000, "positionDirectDate": "2017-04-11"}, {"maxAge": 1, "name": "Birla (Chandra Kant)", "relation": "Non Executive Chairman", "url": "", "transactionDescription": "Acquisition", "latestTransDate": "2017-04-11", "positionDirect": 3405893, "positionDirectDate": "2017-04-11"}, {"maxAge": 1, "name": "Birla (Nirmala)", "relation": "Promoter", "url": "", "transactionDescription": "Sale", "latestTransDate": "2017-04-11", "positionDirect": 3606410, "positionDirectDate": "2017-04-11"}, {"maxAge": 1, "name": "Central India Industries Ltd", "relation": "Promoter", "url": "", "transactionDescription": "Acquisition", "latestTransDate": "2013-07-04", "positionDirect": 50643627, "positionDirectDate": "2013-07-04"}, {"maxAge": 1, "name": "ICICI Prudential Discovery Fund", "relation": "Investment Advisor", "url": "", "transactionDescription": "Sale", "latestTransDate": "2010-06-29", "positionDirect": 10408788, "positionDirectDate": "2010-06-29"}, {"maxAge": 1, "name": "Jhawar (Basant Kumar)", "relation": "Director (Non-Executive)", "url": "", "transactionDescription": "Sale", "latestTransDate": "2010-08-25", "positionDirect": 0, "positionDirectDate": "2010-08-25"}, {"maxAge": 1, "name": "Shekhavati Investments & Traders Ltd", "relation": "Promoter", "url": "", "transactionDescription": "Acquisition", "latestTransDate": "2019-08-21", "positionDirect": 13220895, "positionDirectDate": "2019-08-21"}, {"maxAge": 1, "name": "Universal Trading Company Ltd", "relation": "Promoter", "url": "", "transactionDescription": "Acquisition", "latestTransDate": "2017-04-11", "positionDirect": 912280, "positionDirectDate": "2017-04-11"}], "maxAge": 1}, "earnings": {"maxAge": 86400, "earningsChart": {"quarterly": [{"date": "2Q2017", "actual": 0.38, "estimate": 1.03}, {"date": "3Q2018", "actual": 1.4, "estimate": 1.0}], "currentQuarterEstimateDate": "4Q", "currentQuarterEstimateYear": 2018, "earningsDate": []}, "financialsChart": {"yearly": [{"date": 2017, "revenue": 5114873000, "earnings": 379181000}, {"date": 2018, "revenue": 6613558000, "earnings": 492889000}, {"date": 2019, "revenue": 7100448000, "earnings": 1016497000}, {"date": 2020, "revenue": 6065636000, "earnings": 199279000}], "quarterly": [{"date": "3Q2019", "revenue": 1586722000, "earnings": 115548000}, {"date": "4Q2019", "revenue": 1636440000, "earnings": 33284000}, {"date": "1Q2020", "revenue": 1344781000, "earnings": -29802000}, {"date": "2Q2020", "revenue": 806435000, "earnings": -174359000}]}, "financialCurrency": "INR"}, "calendarEvents": {"maxAge": 1, "earnings": {"earningsDate": []}}, "upgradeDowngradeHistory": {"history": [], "maxAge": 86400}, "price": {"maxAge": 1, "regularMarketChangePercent": -0.006507576, "regularMarketChange": -0.14999962, "regularMarketTime": "2021-04-30 15:20:10", "priceHint": 2, "regularMarketPrice": 22.9, "regularMarketDayHigh": 23.5, "regularMarketDayLow": 22.45, "regularMarketVolume": 37269, "averageDailyVolume10Day": 28551, "averageDailyVolume3Month": 115233, "regularMarketPreviousClose": 23.05, "regularMarketSource": "FREE_REALTIME", "regularMarketOpen": 23.05, "exchange": "BSE", "exchangeName": "BSE", "exchangeDataDelayedBy": 0, "marketState": "CLOSED", "quoteType": "EQUITY", "symbol": "ORIENTPPR.BO", "underlyingSymbol": null, "shortName": "ORIENT PAPER & INDUSTRIES LTD.", "longName": "Orient Paper &amp; Industries Limited", "currency": "INR", "quoteSourceName": "Delayed Quote", "currencySymbol": "\u20b9", "fromCurrency": null, "lastMarket": null, "marketCap": 4859059200}, "balanceSheetHistory": {"balanceSheetStatements": [{"maxAge": 1, "endDate": "2020-03-31", "cash": 33026000, "netReceivables": 389977000, "inventory": 766906000, "otherCurrentAssets": 220874000, "totalCurrentAssets": 1453175000, "longTermInvestments": 1477819000, "propertyPlantEquipment": 13691823000, "intangibleAssets": 6298000, "otherAssets": 321300000, "totalAssets": 16950415000, "accountsPayable": 980538000, "shortLongTermDebt": 35660000, "otherCurrentLiab": 291175000, "otherLiab": 2440951000, "totalCurrentLiabilities": 1822123000, "totalLiab": 4323460000, "commonStock": 212186000, "retainedEarnings": 10227084000, "treasuryStock": 1717936000, "capitalSurplus": 469749000, "otherStockholderEquity": 1717936000, "totalStockholderEquity": 12626955000, "netTangibleAssets": 12620657000}, {"maxAge": 1, "endDate": "2019-03-31", "cash": 29604000, "shortTermInvestments": 1620000, "netReceivables": 509905000, "inventory": 754922000, "otherCurrentAssets": 147854000, "totalCurrentAssets": 1466924000, "longTermInvestments": 2894327000, "propertyPlantEquipment": 13408572000, "intangibleAssets": 10672000, "otherAssets": 271899000, "totalAssets": 18052394000, "accountsPayable": 839549000, "shortLongTermDebt": 74442000, "otherCurrentLiab": 235365000, "longTermDebt": 29442000, "otherLiab": 2607995000, "totalCurrentLiabilities": 1491649000, "totalLiab": 4201132000, "commonStock": 212186000, "retainedEarnings": 10202781000, "treasuryStock": 2966546000, "capitalSurplus": 469749000, "otherStockholderEquity": 2966546000, "totalStockholderEquity": 13851262000, "netTangibleAssets": 13840590000}, {"maxAge": 1, "endDate": "2018-03-31", "cash": 37757000, "netReceivables": 467728000, "inventory": 607226000, "otherCurrentAssets": 132862000, "totalCurrentAssets": 1269295000, "longTermInvestments": 2970879000, "propertyPlantEquipment": 13464697000, "intangibleAssets": 10207000, "otherAssets": 379312000, "totalAssets": 18094390000, "accountsPayable": 690089000, "shortLongTermDebt": 200399000, "otherCurrentLiab": 468073000, "longTermDebt": 319334000, "otherLiab": 2616718000, "totalCurrentLiabilities": 1909410000, "totalLiab": 4917511000, "commonStock": 212186000, "retainedEarnings": 9499066000, "treasuryStock": 2995878000, "capitalSurplus": 469749000, "otherStockholderEquity": 2995878000, "totalStockholderEquity": 13176879000, "netTangibleAssets": 13166672000}, {"maxAge": 1, "endDate": "2017-03-31", "cash": 83956000, "netReceivables": 602671000, "inventory": 782066000, "otherCurrentAssets": 212583000, "totalCurrentAssets": 1699116000, "longTermInvestments": 748469000, "propertyPlantEquipment": 13492994000, "otherAssets": 2086781000, "totalAssets": 18027360000, "accountsPayable": 828309000, "shortLongTermDebt": 174330000, "otherCurrentLiab": 434880000, "longTermDebt": 519731000, "otherLiab": 2543278000, "totalCurrentLiabilities": 2788823000, "totalLiab": 5929387000, "commonStock": 212186000, "retainedEarnings": 9062653000, "treasuryStock": 2353385000, "capitalSurplus": 469749000, "otherStockholderEquity": 2353385000, "totalStockholderEquity": 12097973000, "netTangibleAssets": 12097973000}], "maxAge": 86400}, "earningsTrend": {"trend": [{"maxAge": 1, "period": "0q", "endDate": "2018-12-31", "growth": {}, "earningsEstimate": {"avg": 0.0, "low": 0.0, "high": 0.0, "yearAgoEps": {}, "numberOfAnalysts": 0, "growth": {}}, "revenueEstimate": {"avg": 0, "low": 0, "high": 0, "numberOfAnalysts": 0, "yearAgoRevenue": {}, "growth": {}}, "epsTrend": {"current": 0.0, "7daysAgo": 0.0, "30daysAgo": 0.0, "60daysAgo": 0.0, "90daysAgo": 0.0}, "epsRevisions": {"upLast7days": 0, "upLast30days": 0, "downLast30days": 0, "downLast90days": {}}}, {"maxAge": 1, "period": "+1q", "endDate": "2019-03-31", "growth": {}, "earningsEstimate": {"avg": 0.0, "low": 0.0, "high": 0.0, "yearAgoEps": {}, "numberOfAnalysts": 0, "growth": {}}, "revenueEstimate": {"avg": 0, "low": 0, "high": 0, "numberOfAnalysts": 0, "yearAgoRevenue": {}, "growth": {}}, "epsTrend": {"current": 0.0, "7daysAgo": 0.0, "30daysAgo": 0.0, "60daysAgo": 0.0, "90daysAgo": 0.0}, "epsRevisions": {"upLast7days": 0, "upLast30days": 0, "downLast30days": 0, "downLast90days": {}}}, {"maxAge": 1, "period": "0y", "endDate": "2019-03-31", "growth": {}, "earningsEstimate": {"avg": 0.0, "low": 0.0, "high": 0.0, "yearAgoEps": {}, "numberOfAnalysts": 0, "growth": {}}, "revenueEstimate": {"avg": 7281700000, "low": 7062100000, "high": 7511000000, "numberOfAnalysts": 3, "yearAgoRevenue": 6613560000, "growth": 0.101}, "epsTrend": {"current": 0.0, "7daysAgo": 4.63, "30daysAgo": 4.63, "60daysAgo": 4.63, "90daysAgo": 4.63}, "epsRevisions": {"upLast7days": 0, "upLast30days": 0, "downLast30days": 0, "downLast90days": {}}}, {"maxAge": 1, "period": "+1y", "endDate": "2020-03-31", "growth": {}, "earningsEstimate": {"avg": 0.0, "low": 0.0, "high": 0.0, "yearAgoEps": {}, "numberOfAnalysts": 0, "growth": {}}, "revenueEstimate": {"avg": 8150900000, "low": 7854000000, "high": 8668000000, "numberOfAnalysts": 3, "yearAgoRevenue": 7281700000, "growth": 0.118999995}, "epsTrend": {"current": 0.0, "7daysAgo": 5.17, "30daysAgo": 5.17, "60daysAgo": 5.17, "90daysAgo": 5.17}, "epsRevisions": {"upLast7days": 0, "upLast30days": 0, "downLast30days": 0, "downLast90days": {}}}, {"maxAge": 1, "period": "+5y", "endDate": null, "growth": {}, "earningsEstimate": {"avg": {}, "low": {}, "high": {}, "yearAgoEps": {}, "numberOfAnalysts": {}, "growth": {}}, "revenueEstimate": {"avg": {}, "low": {}, "high": {}, "numberOfAnalysts": {}, "yearAgoRevenue": {}, "growth": {}}, "epsTrend": {"current": {}, "7daysAgo": {}, "30daysAgo": {}, "60daysAgo": {}, "90daysAgo": {}}, "epsRevisions": {"upLast7days": {}, "upLast30days": {}, "downLast30days": {}, "downLast90days": {}}}, {"maxAge": 1, "period": "-5y", "endDate": null, "growth": {}, "earningsEstimate": {"avg": {}, "low": {}, "high": {}, "yearAgoEps": {}, "numberOfAnalysts": {}, "growth": {}}, "revenueEstimate": {"avg": {}, "low": {}, "high": {}, "numberOfAnalysts": {}, "yearAgoRevenue": {}, "growth": {}}, "epsTrend": {"current": {}, "7daysAgo": {}, "30daysAgo": {}, "60daysAgo": {}, "90daysAgo": {}}, "epsRevisions": {"upLast7days": {}, "upLast30days": {}, "downLast30days": {}, "downLast90days": {}}}], "maxAge": 1}, "financialData": {"maxAge": 86400, "currentPrice": 22.9, "targetHighPrice": 64.0, "targetLowPrice": 62.0, "targetMeanPrice": 63.33, "targetMedianPrice": 64.0, "recommendationKey": "none", "numberOfAnalystOpinions": 3, "grossProfits": 3904905000, "financialCurrency": "INR"}}}