{"ORTEL.NS": {"assetProfile": {"address1": "B-7/122A, Safdarjung Enclave", "city": "New Delhi", "zip": "110029", "country": "India", "phone": "91 11 4686 8800", "fax": "91 11 4686 8801", "website": "http://www.ortelcom.com", "industry": "Entertainment", "sector": "Communication Services", "longBusinessSummary": "Ortel Communications Limited, a regional cable television service provider, engages in the distribution of analog and digital cable television, high speed broadband, and voice over Internet protocol services. It operates through Cable TV, Broadband Service, Infrastructure Leasing, and Others segments. The company offers digital cable television services; and other value added services, such as high definition (HD), near video on demand, electronic program guide, and gaming and local content services. It also provides broadband services that enable home subscribers to access the broadband services by using DOCSIS technology; and SMEs and corporate subscribers to access high-speed Internet by using fiber to their premises. In addition, the company engages in leasing fiber infrastructure for telecommunication and Internet companies; and the provision of signal up linking services. It serves customers located in the states of Odisha, Andhra Pradesh, Telangana, Chhattisgarh, West Bengal, and Madhya Pradesh, India. The company operates approximately 14 HD channels. The company was founded in 1995 and is headquartered in New Delhi, India. Ortel Communications Limited is under Corporate Insolvency Resolution Process of the Insolvency and Bankruptcy Code 2016.", "fullTimeEmployees": 611, "companyOfficers": [{"maxAge": 1, "name": "Ms. Jagi Mangat Panda", "age": 54, "title": "MD & Exec. Director", "yearBorn": 1966, "fiscalYear": 2020, "totalPay": 12, "exercisedValue": 0, "unexercisedValue": 0}, {"maxAge": 1, "name": "Mr. Bidu Bhusan Dash", "age": 42, "title": "CFO, Company Sec., Compliance Officer & Director", "yearBorn": 1978, "exercisedValue": 0, "unexercisedValue": 0}, {"maxAge": 1, "name": "Mr. Bibhu Prasad Mohapatra", "age": 58, "title": "Sr. VP of Corp. Affairs & Incharge CEO", "yearBorn": 1962, "fiscalYear": 2014, "exercisedValue": 0, "unexercisedValue": 0}, {"maxAge": 1, "name": "Mr. Baijayant  Panda", "age": 56, "title": "Co-Founder", "yearBorn": 1964, "fiscalYear": 2018, "exercisedValue": 0, "unexercisedValue": 0}, {"maxAge": 1, "name": "Mr. Chitta Ranjan Nayak", "age": 51, "title": "Exec. Vice-Pres of Operations", "yearBorn": 1969, "fiscalYear": 2014, "exercisedValue": 0, "unexercisedValue": 0}, {"maxAge": 1, "name": "Mr. Mihirkanta  Samal", "age": 48, "title": "Chief Technical Officer", "yearBorn": 1972, "exercisedValue": 0, "unexercisedValue": 0}, {"maxAge": 1, "name": "Mr. Bublu  Mohanty", "title": "Gen. Mang. of Sales", "exercisedValue": 0, "unexercisedValue": 0}, {"maxAge": 1, "name": "Mr. Priyadarshi  Mohapatra", "title": "Deputy Gen. Mang. of Marketing & Custoner Care", "exercisedValue": 0, "unexercisedValue": 0}, {"maxAge": 1, "name": "Mr. Indradeb  Das", "title": "Deputy Gen. Mang. of HR", "exercisedValue": 0, "unexercisedValue": 0}, {"maxAge": 1, "name": "Mr. Himansu Sekhar Mohapatra", "age": 49, "title": "Gen. Mang. of Operations", "yearBorn": 1971, "fiscalYear": 2014, "exercisedValue": 0, "unexercisedValue": 0}], "compensationAsOfEpochDate": "2020-12-31 05:30:00", "maxAge": 86400}, "recommendationTrend": {"trend": [{"period": "0m", "strongBuy": 0, "buy": 0, "hold": 0, "sell": 0, "strongSell": 0}, {"period": "-1m", "strongBuy": 1, "buy": 0, "hold": 0, "sell": 0, "strongSell": 0}, {"period": "-2m", "strongBuy": 1, "buy": 0, "hold": 0, "sell": 0, "strongSell": 0}, {"period": "-3m", "strongBuy": 1, "buy": 0, "hold": 0, "sell": 0, "strongSell": 0}], "maxAge": 86400}, "cashflowStatementHistory": {"cashflowStatements": [{"maxAge": 1, "endDate": "2020-03-31", "netIncome": -348588000, "depreciation": 348361000, "changeToNetincome": -82871000, "changeToAccountReceivables": -46460000, "changeToLiabilities": 15801000, "changeToInventory": 2170000, "changeToOperatingActivities": 143301000, "totalCashFromOperatingActivities": 33047000, "otherCashflowsFromInvestingActivities": 2983000, "totalCashflowsFromInvestingActivities": -35598000, "changeInCash": -2551000}, {"maxAge": 1, "endDate": "2019-03-31", "netIncome": -512284000, "depreciation": 321508000, "changeToNetincome": 285136000, "changeToAccountReceivables": 54916000, "changeToLiabilities": 53489000, "changeToInventory": -15000, "changeToOperatingActivities": 70129000, "totalCashFromOperatingActivities": 274025000, "capitalExpenditures": -89454000, "otherCashflowsFromInvestingActivities": 318000, "totalCashflowsFromInvestingActivities": -143645000, "netBorrowings": 33833000, "otherCashflowsFromFinancingActivities": -245463000, "totalCashFromFinancingActivities": -124130000, "changeInCash": 6250000, "issuanceOfStock": 87500000}, {"maxAge": 1, "endDate": "2018-03-31", "netIncome": -953342000, "depreciation": 296584000, "changeToNetincome": 1018406000, "changeToAccountReceivables": -348986000, "changeToLiabilities": 186442000, "changeToInventory": 474000, "changeToOperatingActivities": 178028000, "totalCashFromOperatingActivities": 378518000, "capitalExpenditures": -370509000, "otherCashflowsFromInvestingActivities": 14821000, "totalCashflowsFromInvestingActivities": -412167000, "netBorrowings": 253058000, "otherCashflowsFromFinancingActivities": -240787000, "totalCashFromFinancingActivities": 29379000, "changeInCash": -4270000, "issuanceOfStock": 17108000}, {"maxAge": 1, "endDate": "2017-03-31", "netIncome": 14305000, "depreciation": 260043000, "changeToNetincome": 505590000, "changeToAccountReceivables": -577941000, "changeToLiabilities": -96336000, "changeToInventory": 123655000, "changeToOperatingActivities": 246988000, "totalCashFromOperatingActivities": 477434000, "capitalExpenditures": -481916000, "otherCashflowsFromInvestingActivities": 20769000, "totalCashflowsFromInvestingActivities": -509989000, "netBorrowings": 27815000, "otherCashflowsFromFinancingActivities": -237878000, "totalCashFromFinancingActivities": -210063000, "changeInCash": -242618000, "issuanceOfStock": 17108000}], "maxAge": 86400}, "indexTrend": {"maxAge": 1, "symbol": "SP5", "peRatio": 19.7411, "pegRatio": 1.34172, "estimates": [{"period": "0q", "growth": 0.549}, {"period": "+1q", "growth": 0.431}, {"period": "0y", "growth": 0.305}, {"period": "+1y", "growth": 0.109}, {"period": "+5y", "growth": 0.120865}, {"period": "-5y"}]}, "defaultKeyStatistics": {"maxAge": 1, "priceHint": 4, "enterpriseValue": 1731719296, "profitMargins": -0.2963, "floatShares": 9723107, "sharesOutstanding": 32268400, "heldPercentInsiders": 0.80369, "heldPercentInstitutions": 0.07293, "beta": 2.082229, "category": null, "bookValue": -20.83, "fundFamily": null, "legalType": null, "lastFiscalYearEnd": "2020-03-31 05:30:00", "nextFiscalYearEnd": "2022-03-31 05:30:00", "mostRecentQuarter": "2020-12-31 05:30:00", "netIncomeToCommon": -221688000, "trailingEps": -6.703, "forwardEps": 6.9, "lastSplitFactor": null, "enterpriseToRevenue": 2.315, "enterpriseToEbitda": 9.558}, "industryTrend": {"maxAge": 1, "symbol": null, "estimates": []}, "quoteType": {"exchange": "NSI", "quoteType": "EQUITY", "symbol": "ORTEL.NS", "underlyingSymbol": "ORTEL.NS", "shortName": "ORTEL COMMUNICATIO", "longName": "Ortel Communications Limited", "firstTradeDateEpochUtc": "2015-03-19 09:15:00", "timeZoneFullName": "Asia/Kolkata", "timeZoneShortName": "IST", "uuid": "305c5aae-233a-33d4-b769-a5957a1a8119", "gmtOffSetMilliseconds": 19800000, "maxAge": 1}, "incomeStatementHistory": {"incomeStatementHistory": [{"maxAge": 1, "endDate": "2020-03-31", "totalRevenue": 871697000, "costOfRevenue": 354719000, "grossProfit": 516978000, "researchDevelopment": {}, "sellingGeneralAdministrative": 161051000, "nonRecurring": {}, "otherOperatingExpenses": 386931000, "totalOperatingExpenses": 1168918000, "operatingIncome": -297221000, "totalOtherIncomeExpenseNet": -51367000, "ebit": -297221000, "interestExpense": {}, "incomeBeforeTax": -348588000, "incomeTaxExpense": 0, "minorityInterest": {}, "netIncomeFromContinuingOps": -348588000, "discontinuedOperations": {}, "extraordinaryItems": {}, "effectOfAccountingCharges": {}, "otherItems": {}, "netIncome": -348588000, "netIncomeApplicableToCommonShares": -348588000}, {"maxAge": 1, "endDate": "2019-03-31", "totalRevenue": 1105693000, "costOfRevenue": 449844000, "grossProfit": 655849000, "researchDevelopment": {}, "sellingGeneralAdministrative": 244277000, "nonRecurring": {}, "otherOperatingExpenses": 324841000, "totalOperatingExpenses": 1375899000, "operatingIncome": -270206000, "totalOtherIncomeExpenseNet": -242078000, "ebit": -270206000, "interestExpense": -209549000, "incomeBeforeTax": -512284000, "incomeTaxExpense": 0, "minorityInterest": {}, "netIncomeFromContinuingOps": -512284000, "discontinuedOperations": {}, "extraordinaryItems": {}, "effectOfAccountingCharges": {}, "otherItems": {}, "netIncome": -512284000, "netIncomeApplicableToCommonShares": -512284000}, {"maxAge": 1, "endDate": "2018-03-31", "totalRevenue": 1840356000, "costOfRevenue": 564279000, "grossProfit": 1276077000, "researchDevelopment": {}, "sellingGeneralAdministrative": 358514000, "nonRecurring": {}, "otherOperatingExpenses": 375065000, "totalOperatingExpenses": 1692451000, "operatingIncome": 147905000, "totalOtherIncomeExpenseNet": -1101247000, "ebit": 147905000, "interestExpense": -286574000, "incomeBeforeTax": -953342000, "incomeTaxExpense": 0, "minorityInterest": {}, "netIncomeFromContinuingOps": -953342000, "discontinuedOperations": {}, "extraordinaryItems": {}, "effectOfAccountingCharges": {}, "otherItems": {}, "netIncome": -953342000, "netIncomeApplicableToCommonShares": -953342000}, {"maxAge": 1, "endDate": "2017-03-31", "totalRevenue": 2033745000, "costOfRevenue": 486440000, "grossProfit": 1547305000, "researchDevelopment": {}, "sellingGeneralAdministrative": 392134000, "nonRecurring": {}, "otherOperatingExpenses": 378265000, "totalOperatingExpenses": 1760754000, "operatingIncome": 272991000, "totalOtherIncomeExpenseNet": -258686000, "ebit": 272991000, "interestExpense": -250549000, "incomeBeforeTax": 14305000, "incomeTaxExpense": 0, "minorityInterest": {}, "netIncomeFromContinuingOps": 14305000, "discontinuedOperations": {}, "extraordinaryItems": {}, "effectOfAccountingCharges": {}, "otherItems": {}, "netIncome": 14305000, "netIncomeApplicableToCommonShares": 14305000}], "maxAge": 86400}, "fundOwnership": {"ownershipList": [], "maxAge": 1}, "summaryDetail": {"maxAge": 1, "priceHint": 4, "previousClose": 1.0, "open": 1.0, "dayLow": 0.95, "dayHigh": 1.0, "regularMarketPreviousClose": 1.0, "regularMarketOpen": 1.0, "regularMarketDayLow": 0.95, "regularMarketDayHigh": 1.0, "payoutRatio": 0.0, "beta": 2.082229, "forwardPE": 0.13768116, "volume": 12347, "regularMarketVolume": 12347, "averageVolume": 29475, "averageVolume10days": 11818, "averageDailyVolume10Day": 11818, "bid": 0.0, "ask": 0.0, "bidSize": 0, "askSize": 0, "marketCap": 28273614, "fiftyTwoWeekLow": 0.55, "fiftyTwoWeekHigh": 1.95, "priceToSalesTrailing12Months": 0.037789, "fiftyDayAverage": 0.9969697, "twoHundredDayAverage": 0.99535716, "currency": "INR", "fromCurrency": null, "lastMarket": null, "algorithm": null, "tradeable": false}, "insiderHolders": {"holders": [{"maxAge": 1, "name": "BP Developers Pvt. Ltd.", "relation": "Promoter", "url": "", "transactionDescription": "Acquisition", "latestTransDate": "2020-11-30", "positionDirect": 2580441, "positionDirectDate": "2020-11-30"}, {"maxAge": 1, "name": "Mohapatra (Bibhu Prasad)", "relation": "Senior Genaral Manager", "url": "", "transactionDescription": "Purchase", "latestTransDate": "2017-05-19", "positionDirect": 10213, "positionDirectDate": "2017-05-19"}, {"maxAge": 1, "name": "Mohapatra (Himanshu Sekhar)", "relation": "Divisional Officer", "url": "", "transactionDescription": "Purchase", "latestTransDate": "2017-05-19", "positionDirect": 8250, "positionDirectDate": "2017-05-19"}, {"maxAge": 1, "name": "Nayak (Chitta Ranjan)", "relation": "Divisional Officer", "url": "", "transactionDescription": "Purchase", "latestTransDate": "2017-05-19", "positionDirect": 30000, "positionDirectDate": "2017-05-19"}, {"maxAge": 1, "name": "Odisha Television Ltd", "relation": "Promoter", "url": "", "transactionDescription": "Other", "latestTransDate": "2018-05-22", "positionDirect": 3721579, "positionDirectDate": "2018-05-22"}, {"maxAge": 1, "name": "Orissa Telefilms Pvt. Ltd.", "relation": "Promoter", "url": "", "transactionDescription": "Acquisition", "latestTransDate": "2017-06-13", "positionDirect": 94310, "positionDirectDate": "2017-06-13"}, {"maxAge": 1, "name": "Panda (Jagi Mangat)", "relation": "Promoter", "url": "", "transactionDescription": "Acquisition", "latestTransDate": "2017-05-23", "positionDirect": 310448, "positionDirectDate": "2017-05-23"}, {"maxAge": 1, "name": "Raila Enterprises Pvt. Ltd.", "relation": "Institution- Corporation", "url": "", "transactionDescription": "Sale", "latestTransDate": "2020-11-30", "positionDirect": 0, "positionDirectDate": "2020-11-30"}, {"maxAge": 1, "name": "UMSL  Ltd.", "relation": "Institution- Corporation", "url": "", "transactionDescription": "Sale", "latestTransDate": "2020-11-30", "positionDirect": 0, "positionDirectDate": "2020-11-30"}, {"maxAge": 1, "name": "Utkal Manufacturing & Services Pvt Ltd", "relation": "Promoter", "url": "", "transactionDescription": "Sale", "latestTransDate": "2018-03-28", "positionDirect": 0, "positionDirectDate": "2018-03-28"}], "maxAge": 1}, "calendarEvents": {"maxAge": 1, "earnings": {"earningsDate": ["2019-08-08 05:30:S", "2019-08-13 05:30:S"], "revenueAverage": 447842000}}, "upgradeDowngradeHistory": {"history": [], "maxAge": 86400}, "price": {"maxAge": 1, "regularMarketChangePercent": -0.05000001, "regularMarketChange": -0.050000012, "regularMarketTime": "2021-04-30 15:09:02", "priceHint": 4, "regularMarketPrice": 0.95, "regularMarketDayHigh": 1.0, "regularMarketDayLow": 0.95, "regularMarketVolume": 12347, "averageDailyVolume10Day": 11818, "averageDailyVolume3Month": 29475, "regularMarketPreviousClose": 1.0, "regularMarketSource": "FREE_REALTIME", "regularMarketOpen": 1.0, "exchange": "NSI", "exchangeName": "NSE", "exchangeDataDelayedBy": 15, "marketState": "CLOSED", "quoteType": "EQUITY", "symbol": "ORTEL.NS", "underlyingSymbol": null, "shortName": "ORTEL COMMUNICATIO", "longName": "Ortel Communications Limited", "currency": "INR", "quoteSourceName": "Delayed Quote", "currencySymbol": "\u20b9", "fromCurrency": null, "lastMarket": null, "marketCap": 28273614}, "balanceSheetHistory": {"balanceSheetStatements": [{"maxAge": 1, "endDate": "2020-03-31", "cash": 38801000, "netReceivables": 151951000, "inventory": 196657000, "otherCurrentAssets": 7387000, "totalCurrentAssets": 399082000, "longTermInvestments": 21128000, "propertyPlantEquipment": 3325596000, "goodWill": 24435000, "intangibleAssets": 103718000, "otherAssets": 161239000, "totalAssets": 4035198000, "accountsPayable": 417501000, "shortLongTermDebt": 477481000, "otherCurrentLiab": 780119000, "longTermDebt": 1416454000, "otherLiab": 121732000, "deferredLongTermLiab": 5741000, "totalCurrentLiabilities": 3046192000, "totalLiab": 4587801000, "commonStock": 329769000, "retainedEarnings": -2826757000, "treasuryStock": 71252000, "capitalSurplus": 1873133000, "otherStockholderEquity": 71252000, "totalStockholderEquity": -552603000, "netTangibleAssets": -680756000}, {"maxAge": 1, "endDate": "2019-03-31", "cash": 41352000, "netReceivables": 140973000, "inventory": 198712000, "otherCurrentAssets": 77679000, "totalCurrentAssets": 471841000, "longTermInvestments": 21128000, "propertyPlantEquipment": 3569856000, "goodWill": 24435000, "intangibleAssets": 198632000, "otherAssets": 159553000, "totalAssets": 4445445000, "accountsPayable": 401700000, "shortLongTermDebt": 474203000, "otherCurrentLiab": 893761000, "longTermDebt": 1419731000, "otherLiab": 199840000, "deferredLongTermLiab": 7224000, "totalCurrentLiabilities": 3026655000, "totalLiab": 4649649000, "commonStock": 329769000, "retainedEarnings": -2478356000, "treasuryStock": 71252000, "capitalSurplus": 1873131000, "otherStockholderEquity": 71252000, "totalStockholderEquity": -204204000, "netTangibleAssets": -427271000}, {"maxAge": 1, "endDate": "2018-03-31", "cash": 35102000, "netReceivables": 240684000, "inventory": 234938000, "otherCurrentAssets": 31559000, "totalCurrentAssets": 554849000, "longTermInvestments": 21128000, "propertyPlantEquipment": 3765945000, "goodWill": 10916000, "intangibleAssets": 157653000, "otherAssets": 199233000, "totalAssets": 4709724000, "accountsPayable": 348211000, "shortLongTermDebt": 627651000, "otherCurrentLiab": 897201000, "longTermDebt": 1005242000, "otherLiab": 230278000, "deferredLongTermLiab": 11769000, "totalCurrentLiabilities": 3238013000, "totalLiab": 4503258000, "commonStock": 304769000, "retainedEarnings": -1964717000, "treasuryStock": 55245000, "capitalSurplus": 1811169000, "otherStockholderEquity": 55245000, "totalStockholderEquity": 206466000, "netTangibleAssets": 37897000}, {"maxAge": 1, "endDate": "2017-03-31", "cash": 75306000, "netReceivables": 647047000, "inventory": 152458000, "otherCurrentAssets": 166578000, "totalCurrentAssets": 1057311000, "longTermInvestments": 3255000, "propertyPlantEquipment": 3654069000, "goodWill": 327000, "intangibleAssets": 215569000, "otherAssets": 58634000, "totalAssets": 4989165000, "accountsPayable": 163541000, "shortLongTermDebt": 447522000, "otherCurrentLiab": 773070000, "longTermDebt": 947245000, "otherLiab": 169118000, "totalCurrentLiabilities": 2424327000, "totalLiab": 3576931000, "commonStock": 303654000, "retainedEarnings": -697253000, "treasuryStock": 10656000, "capitalSurplus": 1795177000, "otherStockholderEquity": 10656000, "totalStockholderEquity": 1412234000, "netTangibleAssets": 1196338000}], "maxAge": 86400}, "earningsTrend": {"trend": [{"maxAge": 1, "period": "0q", "endDate": "2017-09-30", "growth": {}, "earningsEstimate": {"avg": 0.0, "low": 0.0, "high": 0.0, "yearAgoEps": 0.83, "numberOfAnalysts": 0, "growth": {}}, "revenueEstimate": {"avg": 447842000, "low": 0, "high": 0, "numberOfAnalysts": 0, "yearAgoRevenue": 537287000, "growth": -0.16600001}, "epsTrend": {"current": 0.0, "7daysAgo": 0.0, "30daysAgo": 0.0, "60daysAgo": 0.0, "90daysAgo": 0.0}, "epsRevisions": {"upLast7days": 0, "upLast30days": 0, "downLast30days": 0, "downLast90days": {}}}, {"maxAge": 1, "period": "+1q", "endDate": "2017-12-31", "growth": {}, "earningsEstimate": {"avg": 0.0, "low": 0.0, "high": 0.0, "yearAgoEps": -0.91, "numberOfAnalysts": 0, "growth": {}}, "revenueEstimate": {"avg": 449352000, "low": 0, "high": 0, "numberOfAnalysts": 0, "yearAgoRevenue": 511549000, "growth": -0.122}, "epsTrend": {"current": 0.0, "7daysAgo": 0.0, "30daysAgo": 0.0, "60daysAgo": 0.0, "90daysAgo": 0.0}, "epsRevisions": {"upLast7days": 0, "upLast30days": 0, "downLast30days": 0, "downLast90days": {}}}, {"maxAge": 1, "period": "0y", "endDate": "2018-03-31", "growth": {}, "earningsEstimate": {"avg": 0.0, "low": 0.0, "high": 0.0, "yearAgoEps": {}, "numberOfAnalysts": 0, "growth": {}}, "revenueEstimate": {"avg": 1861920000, "low": 2306000000, "high": 2306000000, "numberOfAnalysts": 1, "yearAgoRevenue": 2033740000, "growth": -0.084}, "epsTrend": {"current": 0.0, "7daysAgo": 1.9, "30daysAgo": 1.9, "60daysAgo": 1.9, "90daysAgo": 1.9}, "epsRevisions": {"upLast7days": 0, "upLast30days": 0, "downLast30days": 0, "downLast90days": {}}}, {"maxAge": 1, "period": "+1y", "endDate": "2019-03-31", "growth": {}, "earningsEstimate": {"avg": 0.0, "low": 0.0, "high": 0.0, "yearAgoEps": {}, "numberOfAnalysts": 0, "growth": {}}, "revenueEstimate": {"avg": 2677000000, "low": 2677000000, "high": 2677000000, "numberOfAnalysts": 1, "yearAgoRevenue": 1861920000, "growth": 0.438}, "epsTrend": {"current": 0.0, "7daysAgo": 7.1, "30daysAgo": 7.1, "60daysAgo": 7.1, "90daysAgo": 7.1}, "epsRevisions": {"upLast7days": 0, "upLast30days": 0, "downLast30days": 0, "downLast90days": {}}}, {"maxAge": 1, "period": "+5y", "endDate": null, "growth": 0.05, "earningsEstimate": {"avg": {}, "low": {}, "high": {}, "yearAgoEps": {}, "numberOfAnalysts": {}, "growth": {}}, "revenueEstimate": {"avg": {}, "low": {}, "high": {}, "numberOfAnalysts": {}, "yearAgoRevenue": {}, "growth": {}}, "epsTrend": {"current": {}, "7daysAgo": {}, "30daysAgo": {}, "60daysAgo": {}, "90daysAgo": {}}, "epsRevisions": {"upLast7days": {}, "upLast30days": {}, "downLast30days": {}, "downLast90days": {}}}, {"maxAge": 1, "period": "-5y", "endDate": null, "growth": {}, "earningsEstimate": {"avg": {}, "low": {}, "high": {}, "yearAgoEps": {}, "numberOfAnalysts": {}, "growth": {}}, "revenueEstimate": {"avg": {}, "low": {}, "high": {}, "numberOfAnalysts": {}, "yearAgoRevenue": {}, "growth": {}}, "epsTrend": {"current": {}, "7daysAgo": {}, "30daysAgo": {}, "60daysAgo": {}, "90daysAgo": {}}, "epsRevisions": {"upLast7days": {}, "upLast30days": {}, "downLast30days": {}, "downLast90days": {}}}], "maxAge": 1}, "institutionOwnership": {"ownershipList": [], "maxAge": 1}, "majorHoldersBreakdown": {"maxAge": 1, "insidersPercentHeld": 0.80369, "institutionsPercentHeld": 0.07293, "institutionsFloatPercentHeld": 0.37148, "institutionsCount": 1}, "balanceSheetHistoryQuarterly": {"balanceSheetStatements": [{"maxAge": 1, "endDate": "2020-12-31", "cash": 52800000, "netReceivables": 165100000, "inventory": 3900000, "otherCurrentAssets": 203100000, "totalCurrentAssets": 424900000, "longTermInvestments": 21400000, "propertyPlantEquipment": 3129600000, "goodWill": 24400000, "intangibleAssets": 47300000, "otherAssets": 132800000, "totalAssets": 3780400000, "accountsPayable": 428500000, "otherCurrentLiab": 2273400000, "longTermDebt": 1419900000, "otherLiab": 12600000, "totalCurrentLiabilities": 3036800000, "totalLiab": 4469300000, "commonStock": 329900000, "treasuryStock": -1018800000, "otherStockholderEquity": -1018800000, "totalStockholderEquity": -688900000, "netTangibleAssets": -760600000}, {"maxAge": 1, "endDate": "2020-09-30", "cash": 59000000, "netReceivables": 164300000, "inventory": 4300000, "otherCurrentAssets": 207600000, "totalCurrentAssets": 435200000, "longTermInvestments": 21400000, "propertyPlantEquipment": 3196200000, "goodWill": 24400000, "intangibleAssets": 67600000, "otherAssets": 129000000, "totalAssets": 3873800000, "accountsPayable": 415000000, "otherCurrentLiab": 2297100000, "longTermDebt": 1419900000, "otherLiab": 32800000, "totalCurrentLiabilities": 3046600000, "totalLiab": 4499300000, "commonStock": 329900000, "treasuryStock": -955400000, "otherStockholderEquity": -955400000, "totalStockholderEquity": -625500000, "netTangibleAssets": -717500000}, {"maxAge": 1, "endDate": "2020-06-30", "totalStockholderEquity": -552603000, "netTangibleAssets": -680756000}, {"maxAge": 1, "endDate": "2020-03-31", "cash": 38801000, "netReceivables": 151951000, "inventory": 196657000, "otherCurrentAssets": 7387000, "totalCurrentAssets": 399082000, "longTermInvestments": 21128000, "propertyPlantEquipment": 3325596000, "goodWill": 24435000, "intangibleAssets": 103718000, "otherAssets": 161239000, "totalAssets": 4035198000, "accountsPayable": 417501000, "shortLongTermDebt": 477481000, "otherCurrentLiab": 780119000, "longTermDebt": 1416454000, "otherLiab": 121732000, "deferredLongTermLiab": 5741000, "totalCurrentLiabilities": 3046192000, "totalLiab": 4587801000, "commonStock": 329769000, "retainedEarnings": -2826757000, "treasuryStock": 71252000, "capitalSurplus": 1873133000, "otherStockholderEquity": 71252000, "totalStockholderEquity": -552603000, "netTangibleAssets": -680756000}], "maxAge": 86400}, "earningsHistory": {"history": [{"maxAge": 1, "epsActual": 0.83, "epsEstimate": 0.8, "epsDifference": 0.03, "surprisePercent": 0.037, "quarter": "2016-09-30", "period": "-4q"}, {"maxAge": 1, "epsActual": -0.91, "epsEstimate": 0.75, "epsDifference": -1.66, "surprisePercent": -2.213, "quarter": "2016-12-31", "period": "-3q"}, {"maxAge": 1, "epsActual": 0.27, "epsEstimate": -0.4, "epsDifference": 0.67, "surprisePercent": 1.675, "quarter": "2017-03-31", "period": "-2q"}, {"maxAge": 1, "epsActual": -0.94, "epsEstimate": -0.1, "epsDifference": -0.84, "surprisePercent": -8.4, "quarter": "2017-06-30", "period": "-1q"}], "maxAge": 86400}, "summaryProfile": {"address1": "B-7/122A, Safdarjung Enclave", "city": "New Delhi", "zip": "110029", "country": "India", "phone": "91 11 4686 8800", "fax": "91 11 4686 8801", "website": "http://www.ortelcom.com", "industry": "Entertainment", "sector": "Communication Services", "longBusinessSummary": "Ortel Communications Limited, a regional cable television service provider, engages in the distribution of analog and digital cable television, high speed broadband, and voice over Internet protocol services. It operates through Cable TV, Broadband Service, Infrastructure Leasing, and Others segments. The company offers digital cable television services; and other value added services, such as high definition (HD), near video on demand, electronic program guide, and gaming and local content services. It also provides broadband services that enable home subscribers to access the broadband services by using DOCSIS technology; and SMEs and corporate subscribers to access high-speed Internet by using fiber to their premises. In addition, the company engages in leasing fiber infrastructure for telecommunication and Internet companies; and the provision of signal up linking services. It serves customers located in the states of Odisha, Andhra Pradesh, Telangana, Chhattisgarh, West Bengal, and Madhya Pradesh, India. The company operates approximately 14 HD channels. The company was founded in 1995 and is headquartered in New Delhi, India. Ortel Communications Limited is under Corporate Insolvency Resolution Process of the Insolvency and Bankruptcy Code 2016.", "fullTimeEmployees": 611, "companyOfficers": [], "maxAge": 86400}, "netSharePurchaseActivity": {"maxAge": 1, "period": "6m", "buyInfoCount": 0, "buyInfoShares": 0, "sellInfoCount": 0, "netInfoCount": 0, "netInfoShares": 0, "netPercentInsiderShares": 0.0, "totalInsiderShares": 26580372}, "insiderTransactions": {"transactions": [{"maxAge": 1, "shares": 1616157, "filerUrl": "", "transactionText": "Acquisition at price 0.00 per share.", "filerName": "BP Developers Pvt. Ltd.", "filerRelation": "Promoter", "moneyText": "", "startDate": "2020-11-30", "ownership": "D"}, {"maxAge": 1, "shares": 964284, "filerUrl": "", "transactionText": "Acquisition at price 0.00 per share.", "filerName": "BP Developers Pvt. Ltd.", "filerRelation": "Institution- Corporation", "moneyText": "", "startDate": "2020-11-30", "ownership": "D"}, {"maxAge": 1, "shares": 2580441, "filerUrl": "", "transactionText": "Sale at price 0.00 per share.", "filerName": "Raila Enterprises Pvt. Ltd.", "filerRelation": "Institution- Corporation", "moneyText": "", "startDate": "2020-11-30", "ownership": "D"}, {"maxAge": 1, "shares": 2580441, "filerUrl": "", "transactionText": "Sale at price 0.00 per share.", "filerName": "Raila Enterprises Pvt. Ltd.", "filerRelation": "Institution- Corporation", "moneyText": "", "startDate": "2020-11-30", "ownership": "D"}, {"maxAge": 1, "shares": 2580441, "filerUrl": "", "transactionText": "Sale at price 0.00 per share.", "filerName": "UMSL  Ltd.", "filerRelation": "Institution- Corporation", "moneyText": "", "startDate": "2020-11-30", "ownership": "D"}, {"maxAge": 1, "shares": 2580441, "filerUrl": "", "transactionText": "Sale at price 0.00 per share.", "filerName": "UMSL  Ltd.", "filerRelation": "Institution- Corporation", "moneyText": "", "startDate": "2020-11-30", "ownership": "D"}, {"maxAge": 1, "shares": 2580441, "filerUrl": "", "transactionText": "Acquisition at price 0.00 per share.", "filerName": "UMSL  Ltd.", "filerRelation": "Institution- Corporation", "moneyText": "", "startDate": "2020-11-30", "ownership": "D"}, {"maxAge": 1, "shares": 0, "filerUrl": "", "transactionText": "", "filerName": "UMSL  Ltd.", "filerRelation": "Institution- Corporation", "moneyText": "", "startDate": "2020-11-30", "ownership": "I"}, {"maxAge": 1, "shares": 785714, "filerUrl": "", "transactionText": "", "filerName": "BP Developers Pvt. Ltd.", "filerRelation": "Promoter", "moneyText": "", "startDate": "2018-05-22", "ownership": "D"}, {"maxAge": 1, "shares": 1714286, "filerUrl": "", "transactionText": "", "filerName": "Odisha Television Ltd", "filerRelation": "Promoter", "moneyText": "", "startDate": "2018-05-22", "ownership": "D"}, {"maxAge": 1, "shares": 2580441, "filerUrl": "", "transactionText": "", "filerName": "Utkal Manufacturing & Services Pvt Ltd", "filerRelation": "Promoter", "moneyText": "", "startDate": "2018-03-28", "ownership": "D"}, {"maxAge": 1, "shares": 14600, "filerUrl": "", "transactionText": "", "filerName": "Orissa Telefilms Pvt. Ltd.", "filerRelation": "Promoter", "moneyText": "", "startDate": "2017-06-13", "ownership": "D"}, {"maxAge": 1, "shares": 5000, "filerUrl": "", "transactionText": "", "filerName": "Orissa Telefilms Pvt. Ltd.", "filerRelation": "Promoter", "moneyText": "", "startDate": "2017-05-25", "ownership": "D"}, {"maxAge": 1, "shares": 20000, "filerUrl": "", "transactionText": "", "filerName": "Panda (Jagi Mangat)", "filerRelation": "Promoter", "moneyText": "", "startDate": "2017-05-23", "ownership": "D"}, {"maxAge": 1, "shares": 10000, "filerUrl": "", "transactionText": "", "filerName": "Mohapatra (Bibhu Prasad)", "filerRelation": "Senior Genaral Manager", "moneyText": "", "startDate": "2017-05-19", "ownership": "D"}, {"maxAge": 1, "shares": 4835, "filerUrl": "", "transactionText": "", "filerName": "Mohapatra (Himanshu Sekhar)", "filerRelation": "Divisional Officer", "moneyText": "", "startDate": "2017-05-19", "ownership": "D"}, {"maxAge": 1, "shares": 18000, "filerUrl": "", "transactionText": "", "filerName": "Nayak (Chitta Ranjan)", "filerRelation": "Divisional Officer", "moneyText": "", "startDate": "2017-05-19", "ownership": "D"}, {"maxAge": 1, "shares": 10000, "filerUrl": "", "transactionText": "", "filerName": "Patra (Manoj Kumar)", "filerRelation": "Divisional Officer", "moneyText": "", "startDate": "2017-05-19", "ownership": "D"}, {"maxAge": 1, "shares": 27000, "filerUrl": "", "transactionText": "", "filerName": "Rath (Bibhu Prasad)", "filerRelation": "President", "moneyText": "", "startDate": "2017-05-19", "ownership": "D"}, {"maxAge": 1, "shares": 107142, "filerUrl": "", "transactionText": "", "filerName": "B Panda & Company Pvt Ltd", "filerRelation": "Promoter", "moneyText": "", "startDate": "2017-03-15", "ownership": "D"}, {"maxAge": 1, "shares": 71428, "filerUrl": "", "transactionText": "", "filerName": "Barabati Investment & Trading Co Pvt Ltd", "filerRelation": "Promoter", "moneyText": "", "startDate": "2017-03-15", "ownership": "D"}, {"maxAge": 1, "shares": 178570, "filerUrl": "", "transactionText": "", "filerName": "BP Developers Pvt. Ltd.", "filerRelation": "Institution- Corporation", "moneyText": "", "startDate": "2017-03-15", "ownership": "D"}, {"maxAge": 1, "shares": 5000, "filerUrl": "", "transactionText": "", "filerName": "Panda (Jagi Mangat)", "filerRelation": "Promoter", "moneyText": "", "startDate": "2016-12-29", "ownership": "D"}, {"maxAge": 1, "shares": 5000, "filerUrl": "", "transactionText": "", "filerName": "Panda (Jagi Mangat)", "filerRelation": "Promoter", "moneyText": "", "startDate": "2016-12-28", "ownership": "D"}, {"maxAge": 1, "shares": 10000, "filerUrl": "", "transactionText": "", "filerName": "Panda (Jagi Mangat)", "filerRelation": "Promoter", "moneyText": "", "startDate": "2016-12-27", "ownership": "D"}, {"maxAge": 1, "shares": 1001, "filerUrl": "", "transactionText": "", "filerName": "Mohapatra (Himanshu Sekhar)", "filerRelation": "Divisional Officer", "moneyText": "", "startDate": "2016-09-26", "ownership": "D"}, {"maxAge": 1, "shares": 2065, "filerUrl": "", "transactionText": "", "filerName": "Mohapatra (Himanshu Sekhar)", "filerRelation": "Divisional Officer", "moneyText": "", "startDate": "2016-09-26", "ownership": "D"}, {"maxAge": 1, "shares": 850, "filerUrl": "", "transactionText": "", "filerName": "Mohapatra (Himanshu Sekhar)", "filerRelation": "Divisional Officer", "moneyText": "", "startDate": "2016-09-26", "ownership": "D"}, {"maxAge": 1, "shares": 1350, "filerUrl": "", "transactionText": "", "filerName": "Mohapatra (Himanshu Sekhar)", "filerRelation": "Divisional Officer", "moneyText": "", "startDate": "2016-09-26", "ownership": "D"}, {"maxAge": 1, "shares": 398, "filerUrl": "", "transactionText": "", "filerName": "Mohapatra (Himanshu Sekhar)", "filerRelation": "Divisional Officer", "moneyText": "", "startDate": "2016-09-26", "ownership": "D"}, {"maxAge": 1, "shares": 500, "filerUrl": "", "transactionText": "", "filerName": "Mohapatra (Himanshu Sekhar)", "filerRelation": "Divisional Officer", "moneyText": "", "startDate": "2016-09-26", "ownership": "D"}, {"maxAge": 1, "shares": 6000, "filerUrl": "", "transactionText": "", "filerName": "Orissa Telefilms Pvt. Ltd.", "filerRelation": "Promoter", "moneyText": "", "startDate": "2016-09-06", "ownership": "D"}, {"maxAge": 1, "shares": 5050, "filerUrl": "", "transactionText": "", "filerName": "Orissa Telefilms Pvt. Ltd.", "filerRelation": "Promoter", "moneyText": "", "startDate": "2016-08-30", "ownership": "D"}, {"maxAge": 1, "shares": 1320, "filerUrl": "", "transactionText": "", "filerName": "Orissa Telefilms Pvt. Ltd.", "filerRelation": "Promoter", "moneyText": "", "startDate": "2016-08-29", "ownership": "D"}, {"maxAge": 1, "shares": 6225, "filerUrl": "", "transactionText": "", "filerName": "Orissa Telefilms Pvt. Ltd.", "filerRelation": "Promoter", "moneyText": "", "startDate": "2016-08-17", "ownership": "D"}, {"maxAge": 1, "shares": 643, "filerUrl": "", "transactionText": "", "filerName": "Orissa Telefilms Pvt. Ltd.", "filerRelation": "Promoter", "moneyText": "", "startDate": "2016-06-29", "ownership": "D"}, {"maxAge": 1, "shares": 1128, "filerUrl": "", "transactionText": "", "filerName": "Orissa Telefilms Pvt. Ltd.", "filerRelation": "Promoter", "moneyText": "", "startDate": "2016-06-28", "ownership": "D"}, {"maxAge": 1, "shares": 5799, "filerUrl": "", "transactionText": "", "filerName": "Orissa Telefilms Pvt. Ltd.", "filerRelation": "Promoter", "moneyText": "", "startDate": "2016-06-27", "ownership": "D"}, {"maxAge": 1, "shares": 5567, "filerUrl": "", "transactionText": "", "filerName": "Orissa Telefilms Pvt. Ltd.", "filerRelation": "Promoter", "moneyText": "", "startDate": "2016-02-18", "ownership": "D"}, {"maxAge": 1, "shares": 5525, "filerUrl": "", "transactionText": "", "filerName": "Orissa Telefilms Pvt. Ltd.", "filerRelation": "Promoter", "moneyText": "", "startDate": "2016-02-12", "ownership": "D"}, {"maxAge": 1, "shares": 1000, "filerUrl": "", "transactionText": "", "filerName": "Panda (Subhrakant)", "filerRelation": "Promoter", "moneyText": "", "startDate": "2016-02-11", "ownership": "D"}, {"maxAge": 1, "shares": 7045, "filerUrl": "", "transactionText": "", "filerName": "Orissa Telefilms Pvt. Ltd.", "filerRelation": "Promoter", "moneyText": "", "startDate": "2016-02-03", "ownership": "D"}, {"maxAge": 1, "shares": 10357, "filerUrl": "", "transactionText": "", "filerName": "Orissa Telefilms Pvt. Ltd.", "filerRelation": "Promoter", "moneyText": "", "startDate": "2016-02-01", "ownership": "D"}, {"maxAge": 1, "shares": 5000, "filerUrl": "", "transactionText": "", "filerName": "Orissa Telefilms Pvt. Ltd.", "filerRelation": "Promoter", "moneyText": "", "startDate": "2015-11-03", "ownership": "D"}, {"maxAge": 1, "shares": 5050, "filerUrl": "", "transactionText": "", "filerName": "Orissa Telefilms Pvt. Ltd.", "filerRelation": "Promoter", "moneyText": "", "startDate": "2015-11-02", "ownership": "D"}, {"maxAge": 1, "shares": 5000, "filerUrl": "", "transactionText": "", "filerName": "Orissa Telefilms Pvt. Ltd.", "filerRelation": "Promoter", "moneyText": "", "startDate": "2015-10-26", "ownership": "D"}, {"maxAge": 1, "shares": 5001, "filerUrl": "", "transactionText": "", "filerName": "Orissa Telefilms Pvt. Ltd.", "filerRelation": "Promoter", "moneyText": "", "startDate": "2015-09-18", "ownership": "D"}, {"maxAge": 1, "shares": 1000, "filerUrl": "", "transactionText": "", "filerName": "Panda (Baijayant)", "filerRelation": "Promoter", "moneyText": "", "startDate": "2015-08-27", "ownership": "D"}, {"maxAge": 1, "shares": 2000, "filerUrl": "", "transactionText": "", "filerName": "Panda (Baijayant)", "filerRelation": "Director", "moneyText": "", "startDate": "2015-08-25", "ownership": "D"}, {"maxAge": 1, "shares": 2000, "filerUrl": "", "transactionText": "", "filerName": "Panda (Baijayant)", "filerRelation": "Promoter", "moneyText": "", "startDate": "2015-08-24", "ownership": "D"}, {"maxAge": 1, "shares": 1950, "filerUrl": "", "transactionText": "", "filerName": "Panda (Baijayant)", "filerRelation": "Promoter", "moneyText": "", "startDate": "2015-08-19", "ownership": "D"}, {"maxAge": 1, "shares": 1810, "filerUrl": "", "transactionText": "", "filerName": "Panda (Baijayant)", "filerRelation": "Promoter", "moneyText": "", "startDate": "2015-08-14", "ownership": "D"}, {"maxAge": 1, "shares": 5000, "filerUrl": "", "transactionText": "", "filerName": "Panda (Baijayant)", "filerRelation": "Promoter", "moneyText": "", "startDate": "2015-06-30", "ownership": "D"}, {"maxAge": 1, "shares": 5000, "filerUrl": "", "transactionText": "", "filerName": "Panda (Baijayant)", "filerRelation": "Promoter", "moneyText": "", "startDate": "2015-06-04", "ownership": "D"}, {"maxAge": 1, "shares": 5000, "filerUrl": "", "transactionText": "", "filerName": "Panda (Baijayant)", "filerRelation": "Promoter", "moneyText": "", "startDate": "2015-05-19", "ownership": "D"}, {"maxAge": 1, "shares": 5000, "filerUrl": "", "transactionText": "", "filerName": "Panda (Baijayant)", "filerRelation": "Promoter", "moneyText": "", "startDate": "2015-05-06", "ownership": "D"}, {"maxAge": 1, "shares": 14000, "filerUrl": "", "transactionText": "", "filerName": "Panda (Baijayant)", "filerRelation": "Promoter", "moneyText": "", "startDate": "2015-04-24", "ownership": "D"}], "maxAge": 1}, "sectorTrend": {"maxAge": 1, "symbol": null, "estimates": []}, "incomeStatementHistoryQuarterly": {"incomeStatementHistory": [{"maxAge": 1, "endDate": "2020-12-31", "totalRevenue": 163200000, "costOfRevenue": 79800000, "grossProfit": 83400000, "researchDevelopment": {}, "sellingGeneralAdministrative": 26200000, "nonRecurring": {}, "otherOperatingExpenses": 62800000, "totalOperatingExpenses": 233100000, "operatingIncome": -69900000, "totalOtherIncomeExpenseNet": 6400000, "ebit": -69900000, "interestExpense": {}, "incomeBeforeTax": -63500000, "incomeTaxExpense": 0, "minorityInterest": {}, "netIncomeFromContinuingOps": -63500000, "discontinuedOperations": {}, "extraordinaryItems": {}, "effectOfAccountingCharges": {}, "otherItems": {}, "netIncome": -63500000, "netIncomeApplicableToCommonShares": -63500000}, {"maxAge": 1, "endDate": "2020-09-30", "totalRevenue": 187900000, "costOfRevenue": 78100000, "grossProfit": 109800000, "researchDevelopment": {}, "sellingGeneralAdministrative": 27700000, "nonRecurring": {}, "otherOperatingExpenses": 63100000, "totalOperatingExpenses": 233500000, "operatingIncome": -45600000, "totalOtherIncomeExpenseNet": -2900000, "ebit": -45600000, "interestExpense": {}, "incomeBeforeTax": -48500000, "incomeTaxExpense": 0, "minorityInterest": {}, "netIncomeFromContinuingOps": -48500000, "discontinuedOperations": {}, "extraordinaryItems": {}, "effectOfAccountingCharges": {}, "otherItems": {}, "netIncome": -48500000, "netIncomeApplicableToCommonShares": -48500000}, {"maxAge": 1, "endDate": "2020-06-30", "totalRevenue": 181800000, "costOfRevenue": 79700000, "grossProfit": 102100000, "researchDevelopment": {}, "sellingGeneralAdministrative": 27800000, "nonRecurring": {}, "otherOperatingExpenses": 45900000, "totalOperatingExpenses": 217700000, "operatingIncome": -35900000, "totalOtherIncomeExpenseNet": 11300000, "ebit": -35900000, "interestExpense": {}, "incomeBeforeTax": -24600000, "incomeTaxExpense": 0, "minorityInterest": {}, "netIncomeFromContinuingOps": -24600000, "discontinuedOperations": {}, "extraordinaryItems": {}, "effectOfAccountingCharges": {}, "otherItems": {}, "netIncome": -24600000, "netIncomeApplicableToCommonShares": -24600000}, {"maxAge": 1, "endDate": "2020-03-31", "totalRevenue": 215297000, "costOfRevenue": 81019000, "grossProfit": 134278000, "researchDevelopment": {}, "sellingGeneralAdministrative": 69651000, "nonRecurring": {}, "otherOperatingExpenses": 30731000, "totalOperatingExpenses": 251118000, "operatingIncome": -35821000, "totalOtherIncomeExpenseNet": -49367000, "ebit": -35821000, "interestExpense": {}, "incomeBeforeTax": -85188000, "incomeTaxExpense": 0, "minorityInterest": {}, "netIncomeFromContinuingOps": -85188000, "discontinuedOperations": {}, "extraordinaryItems": {}, "effectOfAccountingCharges": {}, "otherItems": {}, "netIncome": -85188000, "netIncomeApplicableToCommonShares": -85188000}], "maxAge": 86400}, "cashflowStatementHistoryQuarterly": {"cashflowStatements": [{"maxAge": 1, "endDate": "2020-12-31", "netIncome": -63500000, "changeToLiabilities": 0}, {"maxAge": 1, "endDate": "2020-09-30", "netIncome": -48500000, "changeToLiabilities": 0}, {"maxAge": 1, "endDate": "2020-06-30", "netIncome": -24600000, "changeToLiabilities": 0}, {"maxAge": 1, "endDate": "2020-03-31", "netIncome": -85188000, "changeToLiabilities": 0}], "maxAge": 86400}, "earnings": {"maxAge": 86400, "earningsChart": {"quarterly": [{"date": "3Q2016", "actual": 0.83, "estimate": 0.8}, {"date": "4Q2016", "actual": -0.91, "estimate": 0.75}, {"date": "1Q2017", "actual": 0.27, "estimate": -0.4}, {"date": "2Q2017", "actual": -0.94, "estimate": -0.1}], "currentQuarterEstimateDate": "3Q", "currentQuarterEstimateYear": 2017, "earningsDate": ["2019-08-08 05:30:S", "2019-08-13 05:30:S"]}, "financialsChart": {"yearly": [{"date": 2017, "revenue": 2033745000, "earnings": 14305000}, {"date": 2018, "revenue": 1840356000, "earnings": -953342000}, {"date": 2019, "revenue": 1105693000, "earnings": -512284000}, {"date": 2020, "revenue": 871697000, "earnings": -348588000}], "quarterly": [{"date": "1Q2020", "revenue": 215297000, "earnings": -85188000}, {"date": "2Q2020", "revenue": 181800000, "earnings": -24600000}, {"date": "3Q2020", "revenue": 187900000, "earnings": -48500000}, {"date": "4Q2020", "revenue": 163200000, "earnings": -63500000}]}, "financialCurrency": "INR"}, "financialData": {"maxAge": 86400, "currentPrice": 0.95, "targetHighPrice": 130.0, "targetLowPrice": 130.0, "targetMeanPrice": 130.0, "targetMedianPrice": 130.0, "recommendationMean": 1.0, "recommendationKey": "strong_buy", "numberOfAnalystOpinions": 1, "totalCash": 52800000, "totalCashPerShare": 1.596, "ebitda": 181179744, "totalDebt": 1753100032, "quickRatio": 0.07, "currentRatio": 0.14, "totalRevenue": 748196992, "revenuePerShare": 22.623, "grossProfits": 516978000, "revenueGrowth": -0.238, "grossMargins": 0.57415, "ebitdaMargins": 0.24215001, "operatingMargins": -0.25035998, "profitMargins": -0.2963, "financialCurrency": "INR"}}}