{"OSIAJEE.BO": {"cashflowStatementHistory": {"cashflowStatements": [{"maxAge": 1, "endDate": "2020-03-31", "netIncome": 2763277, "depreciation": 16001, "changeToAccountReceivables": 74716438, "changeToLiabilities": -85701833, "changeToInventory": 7198720, "changeToOperatingActivities": 1664574, "totalCashFromOperatingActivities": -43413, "changeInCash": -43413}, {"maxAge": 1, "endDate": "2019-03-31", "netIncome": 4953249, "depreciation": 21136, "changeToAccountReceivables": -21330013, "changeToLiabilities": 23447555, "changeToInventory": -7198720, "changeToOperatingActivities": -160156, "totalCashFromOperatingActivities": -365153, "changeInCash": -365153}, {"maxAge": 1, "endDate": "2018-03-31", "netIncome": 309790, "depreciation": 27964, "changeToNetincome": 73000, "changeToAccountReceivables": -43934270, "changeToLiabilities": 40938125, "changeToInventory": -7198720, "changeToOperatingActivities": 3142125, "totalCashFromOperatingActivities": 158924, "changeInCash": 158924}, {"maxAge": 1, "endDate": "2017-03-31", "netIncome": 1056640, "depreciation": 36836, "changeToNetincome": -89394, "changeToAccountReceivables": -13474929, "changeToLiabilities": 0, "changeToInventory": -7198720, "changeToOperatingActivities": 11877216, "totalCashFromOperatingActivities": -593631, "capitalExpenditures": -65900, "investments": 425000, "totalCashflowsFromInvestingActivities": 359100, "changeInCash": -234531}], "maxAge": 86400}, "institutionOwnership": {"ownershipList": [], "maxAge": 1}, "balanceSheetHistoryQuarterly": {"balanceSheetStatements": [{"maxAge": 1, "endDate": "2020-06-30", "totalStockholderEquity": 66272000, "netTangibleAssets": 66272000}, {"maxAge": 1, "endDate": "2020-03-31", "cash": 11543, "netReceivables": 46445019, "otherCurrentAssets": 231159, "totalCurrentAssets": 46687721, "longTermInvestments": 21714395, "propertyPlantEquipment": 58800, "otherAssets": 8196272, "deferredLongTermAssetCharges": 2726, "totalAssets": 76657188, "accountsPayable": 6765086, "otherCurrentLiab": 3194923, "totalCurrentLiabilities": 10385009, "totalLiab": 10385009, "commonStock": 54000000, "retainedEarnings": 12272179, "totalStockholderEquity": 66272179, "netTangibleAssets": 66272179}, {"maxAge": 1, "endDate": "2019-12-31", "totalStockholderEquity": 67122000, "netTangibleAssets": 67122000}, {"maxAge": 1, "endDate": "2019-09-30", "cash": 25000, "shortTermInvestments": 496000, "netReceivables": 138648000, "otherCurrentAssets": 231000, "totalCurrentAssets": 139400000, "longTermInvestments": 21739000, "propertyPlantEquipment": 75000, "otherAssets": 8172000, "deferredLongTermAssetCharges": 3000, "totalAssets": 169386000, "accountsPayable": 99673000, "otherCurrentLiab": 2166000, "totalCurrentLiabilities": 102264000, "totalLiab": 102264000, "commonStock": 54000000, "retainedEarnings": 13122000, "totalStockholderEquity": 67122000, "netTangibleAssets": 67122000}], "maxAge": 86400}, "indexTrend": {"maxAge": 1, "symbol": "SP5", "peRatio": 19.7411, "pegRatio": 1.34172, "estimates": [{"period": "0q", "growth": 0.549}, {"period": "+1q", "growth": 0.431}, {"period": "0y", "growth": 0.305}, {"period": "+1y", "growth": 0.109}, {"period": "+5y", "growth": 0.120859005}, {"period": "-5y"}]}, "insiderTransactions": {"transactions": [{"maxAge": 1, "shares": 120000, "filerUrl": "", "transactionText": "", "filerName": "Gawand (Vidya Umesh)", "filerRelation": "Promoter", "moneyText": "", "startDate": "2019-06-18", "ownership": "D"}], "maxAge": 1}, "quoteType": {"exchange": "BSE", "quoteType": "EQUITY", "symbol": "OSIAJEE.BO", "underlyingSymbol": "OSIAJEE.BO", "shortName": "OSIAJEE TEXFAB LIMITED", "longName": "Osiajee Texfab Limited", "firstTradeDateEpochUtc": "2016-12-08 09:15:00", "timeZoneFullName": "Asia/Kolkata", "timeZoneShortName": "IST", "uuid": "152b2fbe-b208-3c72-8289-9fdc4fddf668", "gmtOffSetMilliseconds": 19800000, "maxAge": 1}, "incomeStatementHistory": {"incomeStatementHistory": [{"maxAge": 1, "endDate": "2020-03-31", "totalRevenue": 8332721, "costOfRevenue": 63342097, "grossProfit": -55009376, "researchDevelopment": {}, "sellingGeneralAdministrative": 288799, "nonRecurring": {}, "otherOperatingExpenses": 1003797, "totalOperatingExpenses": 64650694, "operatingIncome": -56317973, "totalOtherIncomeExpenseNet": 60000000, "ebit": -56317973, "interestExpense": {}, "incomeBeforeTax": 3682027, "incomeTaxExpense": 918750, "minorityInterest": {}, "netIncomeFromContinuingOps": 2763277, "discontinuedOperations": {}, "extraordinaryItems": {}, "effectOfAccountingCharges": {}, "otherItems": {}, "netIncome": 2763277, "netIncomeApplicableToCommonShares": 2763277}, {"maxAge": 1, "endDate": "2019-03-31", "totalRevenue": 28410732, "costOfRevenue": 21436189, "grossProfit": 6974543, "researchDevelopment": {}, "sellingGeneralAdministrative": 107686, "nonRecurring": {}, "otherOperatingExpenses": 642472, "totalOperatingExpenses": 22207483, "operatingIncome": 6203249, "totalOtherIncomeExpenseNet": 0, "ebit": 6203249, "interestExpense": {}, "incomeBeforeTax": 6203249, "incomeTaxExpense": 1250000, "minorityInterest": {}, "netIncomeFromContinuingOps": 4953249, "discontinuedOperations": {}, "extraordinaryItems": {}, "effectOfAccountingCharges": {}, "otherItems": {}, "netIncome": 4953249, "netIncomeApplicableToCommonShares": 4953249}, {"maxAge": 1, "endDate": "2018-03-31", "totalRevenue": 137392844, "costOfRevenue": 135689954, "grossProfit": 1702890, "researchDevelopment": {}, "sellingGeneralAdministrative": 602000, "nonRecurring": {}, "otherOperatingExpenses": 773469, "totalOperatingExpenses": 137093387, "operatingIncome": 299457, "totalOtherIncomeExpenseNet": 83333, "ebit": 299457, "interestExpense": {}, "incomeBeforeTax": 382790, "incomeTaxExpense": 73000, "minorityInterest": {}, "netIncomeFromContinuingOps": 309790, "discontinuedOperations": {}, "extraordinaryItems": {}, "effectOfAccountingCharges": {}, "otherItems": {}, "netIncome": 309790, "netIncomeApplicableToCommonShares": 309790}, {"maxAge": 1, "endDate": "2017-03-31", "totalRevenue": 215478223, "costOfRevenue": 212452831, "grossProfit": 3025392, "researchDevelopment": {}, "sellingGeneralAdministrative": 923427, "nonRecurring": {}, "otherOperatingExpenses": 1032324, "totalOperatingExpenses": 214445418, "operatingIncome": 1032805, "totalOtherIncomeExpenseNet": 323835, "ebit": 1032805, "interestExpense": {}, "incomeBeforeTax": 1356640, "incomeTaxExpense": 300000, "minorityInterest": {}, "netIncomeFromContinuingOps": 1056640, "discontinuedOperations": {}, "extraordinaryItems": {}, "effectOfAccountingCharges": {}, "otherItems": {}, "netIncome": 1056640, "netIncomeApplicableToCommonShares": 1056640}], "maxAge": 86400}, "fundOwnership": {"ownershipList": [], "maxAge": 1}, "summaryDetail": {"maxAge": 1, "priceHint": 2, "previousClose": 25.95, "open": 26.0, "dayLow": 25.5, "dayHigh": 26.4, "regularMarketPreviousClose": 25.95, "regularMarketOpen": 26.0, "regularMarketDayLow": 25.5, "regularMarketDayHigh": 26.4, "trailingPE": 31.219513, "volume": 58309, "regularMarketVolume": 58309, "averageVolume": 61054, "averageVolume10days": 53733, "averageDailyVolume10Day": 53733, "bid": 25.5, "ask": 25.6, "bidSize": 0, "askSize": 0, "marketCap": 138240000, "fiftyTwoWeekLow": 22.15, "fiftyTwoWeekHigh": 43.0, "fiftyDayAverage": 29.233334, "twoHundredDayAverage": 34.1375, "currency": "INR", "fromCurrency": null, "lastMarket": null, "algorithm": null, "tradeable": false}, "incomeStatementHistoryQuarterly": {"incomeStatementHistory": [{"maxAge": 1, "endDate": "2020-06-30", "totalRevenue": 18608000, "costOfRevenue": 14309000, "grossProfit": 4299000, "researchDevelopment": {}, "sellingGeneralAdministrative": 45000, "nonRecurring": {}, "otherOperatingExpenses": 255000, "totalOperatingExpenses": 14609000, "operatingIncome": 3999000, "totalOtherIncomeExpenseNet": 0, "ebit": 3999000, "interestExpense": {}, "incomeBeforeTax": 3999000, "incomeTaxExpense": 590000, "minorityInterest": {}, "netIncomeFromContinuingOps": 3409000, "discontinuedOperations": {}, "extraordinaryItems": {}, "effectOfAccountingCharges": {}, "otherItems": {}, "netIncome": 3409000, "netIncomeApplicableToCommonShares": 3409000}, {"maxAge": 1, "endDate": "2020-03-31", "totalRevenue": -46601279, "costOfRevenue": 13327097, "grossProfit": -59928376, "researchDevelopment": {}, "sellingGeneralAdministrative": 89799, "nonRecurring": {}, "otherOperatingExpenses": 401797, "totalOperatingExpenses": 13834694, "operatingIncome": -60435973, "totalOtherIncomeExpenseNet": 60001000, "ebit": -60435973, "interestExpense": {}, "incomeBeforeTax": -434973, "incomeTaxExpense": 918750, "minorityInterest": {}, "netIncomeFromContinuingOps": -1353723, "discontinuedOperations": {}, "extraordinaryItems": {}, "effectOfAccountingCharges": {}, "otherItems": {}, "netIncome": -1353723, "netIncomeApplicableToCommonShares": -1353723}, {"maxAge": 1, "endDate": "2019-12-31", "totalRevenue": 12672000, "costOfRevenue": 12001000, "grossProfit": 671000, "researchDevelopment": {}, "sellingGeneralAdministrative": 15000, "nonRecurring": {}, "otherOperatingExpenses": 151000, "totalOperatingExpenses": 12167000, "operatingIncome": 505000, "totalOtherIncomeExpenseNet": -1000, "ebit": 505000, "interestExpense": -1000, "incomeBeforeTax": 504000, "incomeTaxExpense": 0, "minorityInterest": {}, "netIncomeFromContinuingOps": 504000, "discontinuedOperations": {}, "extraordinaryItems": {}, "effectOfAccountingCharges": {}, "otherItems": {}, "netIncome": 504000, "netIncomeApplicableToCommonShares": 504000}, {"maxAge": 1, "endDate": "2019-09-30", "totalRevenue": 21208000, "costOfRevenue": 19169000, "grossProfit": 2039000, "researchDevelopment": {}, "sellingGeneralAdministrative": 109000, "nonRecurring": {}, "otherOperatingExpenses": 40000, "totalOperatingExpenses": 19318000, "operatingIncome": 1890000, "totalOtherIncomeExpenseNet": 0, "ebit": 1890000, "interestExpense": -1000, "incomeBeforeTax": 1890000, "incomeTaxExpense": 0, "minorityInterest": {}, "netIncomeFromContinuingOps": 1890000, "discontinuedOperations": {}, "extraordinaryItems": {}, "effectOfAccountingCharges": {}, "otherItems": {}, "netIncome": 1890000, "netIncomeApplicableToCommonShares": 1890000}], "maxAge": 86400}, "cashflowStatementHistoryQuarterly": {"cashflowStatements": [{"maxAge": 1, "endDate": "2020-06-30", "netIncome": 3409000, "changeToLiabilities": 0}, {"maxAge": 1, "endDate": "2020-03-31", "netIncome": -1353723, "changeToLiabilities": 0}, {"maxAge": 1, "endDate": "2019-12-31", "netIncome": 504000, "changeToLiabilities": 0}, {"maxAge": 1, "endDate": "2019-09-30", "netIncome": 1890000, "changeToLiabilities": 0}], "maxAge": 86400}, "insiderHolders": {"holders": [{"maxAge": 1, "name": "Gawand (Vidya Umesh)", "relation": "Promoter", "url": "", "transactionDescription": "Sale", "latestTransDate": "2019-06-18", "positionDirect": 0, "positionDirectDate": "2019-06-18"}], "maxAge": 1}, "calendarEvents": {"maxAge": 1, "earnings": {"earningsDate": []}}, "upgradeDowngradeHistory": {"history": [], "maxAge": 86400}, "price": {"maxAge": 1, "regularMarketChangePercent": -0.013487491, "regularMarketChange": -0.35000038, "regularMarketTime": "2021-04-30 15:27:01", "priceHint": 2, "regularMarketPrice": 25.6, "regularMarketDayHigh": 26.4, "regularMarketDayLow": 25.5, "regularMarketVolume": 58309, "averageDailyVolume10Day": 53733, "averageDailyVolume3Month": 61054, "regularMarketPreviousClose": 25.95, "regularMarketSource": "FREE_REALTIME", "regularMarketOpen": 26.0, "exchange": "BSE", "exchangeName": "BSE", "exchangeDataDelayedBy": 0, "marketState": "CLOSED", "quoteType": "EQUITY", "symbol": "OSIAJEE.BO", "underlyingSymbol": null, "shortName": "OSIAJEE TEXFAB LIMITED", "longName": "Osiajee Texfab Limited", "currency": "INR", "quoteSourceName": "Delayed Quote", "currencySymbol": "\u20b9", "fromCurrency": null, "lastMarket": null, "marketCap": 138240000}, "balanceSheetHistory": {"balanceSheetStatements": [{"maxAge": 1, "endDate": "2020-03-31", "cash": 11543, "netReceivables": 46445019, "otherCurrentAssets": 231159, "totalCurrentAssets": 46687721, "longTermInvestments": 21714395, "propertyPlantEquipment": 58800, "otherAssets": 8196272, "deferredLongTermAssetCharges": 2726, "totalAssets": 76657188, "accountsPayable": 6765086, "otherCurrentLiab": 3194923, "totalCurrentLiabilities": 10385009, "totalLiab": 10385009, "commonStock": 54000000, "retainedEarnings": 12272179, "totalStockholderEquity": 66272179, "netTangibleAssets": 66272179}, {"maxAge": 1, "endDate": "2019-03-31", "cash": 54958, "netReceivables": 120460867, "inventory": 7198720, "otherCurrentAssets": 231159, "totalCurrentAssets": 127945704, "longTermInvestments": 21714395, "propertyPlantEquipment": 74801, "otherAssets": 8196272, "deferredLongTermAssetCharges": 2726, "totalAssets": 157931172, "accountsPayable": 92466919, "otherCurrentLiab": 1680351, "totalCurrentLiabilities": 94422270, "totalLiab": 94422270, "commonStock": 54000000, "retainedEarnings": 9508902, "treasuryStock": 9508000, "otherStockholderEquity": 9508000, "totalStockholderEquity": 63508902, "netTangibleAssets": 63508902}, {"maxAge": 1, "endDate": "2018-03-31", "cash": 420111, "netReceivables": 99032650, "otherCurrentAssets": 231159, "totalCurrentAssets": 99683920, "longTermInvestments": 18714395, "propertyPlantEquipment": 95937, "otherAssets": 10196272, "deferredLongTermAssetCharges": 2726, "totalAssets": 128690524, "accountsPayable": 69019364, "otherCurrentLiab": 615507, "totalCurrentLiabilities": 70134871, "totalLiab": 70134871, "commonStock": 54000000, "retainedEarnings": 4555653, "totalStockholderEquity": 58555653, "netTangibleAssets": 58555653}, {"maxAge": 1, "endDate": "2017-03-31", "cash": 261187, "netReceivables": 54766470, "otherCurrentAssets": 231159, "totalCurrentAssets": 55258816, "longTermInvestments": 18714395, "propertyPlantEquipment": 123901, "otherAssets": 13050188, "deferredLongTermAssetCharges": 2726, "totalAssets": 87147300, "accountsPayable": 28074139, "otherCurrentLiab": 327298, "totalCurrentLiabilities": 28901437, "totalLiab": 28901437, "commonStock": 54000000, "retainedEarnings": 4245863, "totalStockholderEquity": 58245863, "netTangibleAssets": 58245863}], "maxAge": 86400}, "financialData": {"maxAge": 86400, "currentPrice": 25.6, "recommendationKey": "none", "grossProfits": -55009376, "financialCurrency": "INR"}}}