{"OSWALAGRO.BO": {"cashflowStatementHistory": {"cashflowStatements": [{"maxAge": 1, "endDate": "2020-03-31", "netIncome": 323883930, "depreciation": 3673650, "changeToNetincome": -533871680, "changeToLiabilities": 165281210, "changeToOperatingActivities": -236878990, "totalCashFromOperatingActivities": -277911880, "capitalExpenditures": -1180000, "investments": 596753310, "otherCashflowsFromInvestingActivities": 301757740, "totalCashflowsFromInvestingActivities": 597831050, "netBorrowings": -135000, "totalCashFromFinancingActivities": -135000, "changeInCash": 319784170}, {"maxAge": 1, "endDate": "2019-03-31", "netIncome": 263812690, "depreciation": 2109160, "changeToNetincome": -365500750, "changeToLiabilities": -46780, "changeToOperatingActivities": 207315710, "totalCashFromOperatingActivities": 107690030, "capitalExpenditures": -7054380, "investments": 468625210, "otherCashflowsFromInvestingActivities": 99868490, "totalCashflowsFromInvestingActivities": -121060680, "netBorrowings": -135000, "totalCashFromFinancingActivities": -135000, "changeInCash": -13370650}, {"maxAge": 1, "endDate": "2018-03-31", "netIncome": 272170890, "depreciation": 1880410, "changeToNetincome": -387027430, "changeToAccountReceivables": -205168530, "changeToLiabilities": 0, "changeToOperatingActivities": -1847840, "totalCashFromOperatingActivities": -319992500, "capitalExpenditures": -2010880, "investments": -20500000, "otherCashflowsFromInvestingActivities": 156262520, "totalCashflowsFromInvestingActivities": 226251640, "netBorrowings": -135000, "otherCashflowsFromFinancingActivities": -688810, "totalCashFromFinancingActivities": -688810, "changeInCash": -94429670}, {"maxAge": 1, "endDate": "2017-03-31", "netIncome": 310955290, "depreciation": 1846280, "changeToNetincome": -370912960, "changeToAccountReceivables": 1734510240, "changeToLiabilities": 0, "changeToInventory": -1268790, "changeToOperatingActivities": -64873120, "totalCashFromOperatingActivities": 1610256940, "capitalExpenditures": -2010880, "investments": -1145697780, "otherCashflowsFromInvestingActivities": 77164570, "totalCashflowsFromInvestingActivities": -1449497410, "netBorrowings": -135000, "otherCashflowsFromFinancingActivities": -56339200, "totalCashFromFinancingActivities": -56339200, "changeInCash": 104420330}], "maxAge": 86400}, "institutionOwnership": {"ownershipList": [], "maxAge": 1}, "balanceSheetHistoryQuarterly": {"balanceSheetStatements": [{"maxAge": 1, "endDate": "2020-06-30", "totalStockholderEquity": 7659819180, "netTangibleAssets": 7659819180}, {"maxAge": 1, "endDate": "2020-03-31", "cash": 325911800, "netReceivables": 1426242710, "inventory": 648885170, "otherCurrentAssets": 85025620, "totalCurrentAssets": 2719483580, "longTermInvestments": 4296646340, "propertyPlantEquipment": 53656590, "otherAssets": 810449950, "deferredLongTermAssetCharges": 53535380, "totalAssets": 7880236460, "accountsPayable": 169014970, "otherCurrentLiab": 31276180, "otherLiab": 1670780, "totalCurrentLiabilities": 216288210, "totalLiab": 220417280, "commonStock": 1342347760, "retainedEarnings": 2005717500, "treasuryStock": -153128720, "capitalSurplus": 4464882640, "otherStockholderEquity": -153128720, "totalStockholderEquity": 7659819180, "netTangibleAssets": 7659819180}, {"maxAge": 1, "endDate": "2019-12-31", "totalStockholderEquity": 7506162000, "netTangibleAssets": 7506162000}, {"maxAge": 1, "endDate": "2019-09-30", "cash": 90012000, "shortTermInvestments": 291460000, "netReceivables": 1000030000, "inventory": 648885000, "otherCurrentAssets": 1176000, "totalCurrentAssets": 2031563000, "longTermInvestments": 4150239000, "propertyPlantEquipment": 55214000, "otherAssets": 1299266000, "deferredLongTermAssetCharges": 46447000, "totalAssets": 7536282000, "otherCurrentLiab": 20440000, "otherLiab": 4759000, "totalCurrentLiabilities": 25361000, "totalLiab": 30120000, "commonStock": 1342348000, "treasuryStock": 6163814000, "otherStockholderEquity": 6163814000, "totalStockholderEquity": 7506162000, "netTangibleAssets": 7506162000}], "maxAge": 86400}, "indexTrend": {"maxAge": 1, "symbol": "SP5", "peRatio": 19.7411, "pegRatio": 1.34172, "estimates": [{"period": "0q", "growth": 0.549}, {"period": "+1q", "growth": 0.431}, {"period": "0y", "growth": 0.305}, {"period": "+1y", "growth": 0.109}, {"period": "+5y", "growth": 0.120865}, {"period": "-5y"}]}, "quoteType": {"exchange": "BSE", "quoteType": "EQUITY", "symbol": "OSWALAGRO.BO", "underlyingSymbol": "OSWALAGRO.BO", "shortName": "OSWAL AGRO MILLS LTD.", "longName": "Oswal Agro Mills Limited", "firstTradeDateEpochUtc": "1998-12-30 09:15:00", "timeZoneFullName": "Asia/Kolkata", "timeZoneShortName": "IST", "uuid": "4c7140b9-c164-3c88-a5fc-4fb509a355fd", "gmtOffSetMilliseconds": 19800000, "maxAge": 1}, "incomeStatementHistory": {"incomeStatementHistory": [{"maxAge": 1, "endDate": "2020-03-31", "totalRevenue": 385287620, "costOfRevenue": 145857800, "grossProfit": 239429820, "researchDevelopment": {}, "sellingGeneralAdministrative": 20867070, "nonRecurring": {}, "otherOperatingExpenses": 119565950, "totalOperatingExpenses": 289964470, "operatingIncome": 95323150, "totalOtherIncomeExpenseNet": 254059770, "ebit": 95323150, "interestExpense": -868450, "incomeBeforeTax": 349382920, "incomeTaxExpense": 25498990, "minorityInterest": {}, "netIncomeFromContinuingOps": 323883930, "discontinuedOperations": {}, "extraordinaryItems": {}, "effectOfAccountingCharges": {}, "otherItems": {}, "netIncome": 323883930, "netIncomeApplicableToCommonShares": 323883930}, {"maxAge": 1, "endDate": "2019-03-31", "totalRevenue": 118929070, "costOfRevenue": 1707040, "grossProfit": 117222030, "researchDevelopment": {}, "sellingGeneralAdministrative": 21659670, "nonRecurring": {}, "otherOperatingExpenses": 73617950, "totalOperatingExpenses": 99093820, "operatingIncome": 19835250, "totalOtherIncomeExpenseNet": 268045710, "ebit": 19835250, "interestExpense": -510660, "incomeBeforeTax": 287880960, "incomeTaxExpense": 24068270, "minorityInterest": {}, "netIncomeFromContinuingOps": 263812690, "discontinuedOperations": {}, "extraordinaryItems": {}, "effectOfAccountingCharges": {}, "otherItems": {}, "netIncome": 263812690, "netIncomeApplicableToCommonShares": 263812690}, {"maxAge": 1, "endDate": "2018-03-31", "totalRevenue": 328200990, "costOfRevenue": 225824060, "grossProfit": 102376930, "researchDevelopment": {}, "sellingGeneralAdministrative": 21233370, "nonRecurring": {}, "otherOperatingExpenses": 72959760, "totalOperatingExpenses": 321897600, "operatingIncome": 6303390, "totalOtherIncomeExpenseNet": 235919650, "ebit": 6303390, "interestExpense": -472340, "incomeBeforeTax": 242223040, "incomeTaxExpense": -29947850, "minorityInterest": {}, "netIncomeFromContinuingOps": 272170890, "discontinuedOperations": {}, "extraordinaryItems": {}, "effectOfAccountingCharges": {}, "otherItems": {}, "netIncome": 272170890, "netIncomeApplicableToCommonShares": 272170890}, {"maxAge": 1, "endDate": "2017-03-31", "totalRevenue": 241757080, "costOfRevenue": 155936440, "grossProfit": 85820640, "researchDevelopment": {}, "sellingGeneralAdministrative": 11464290, "nonRecurring": {}, "otherOperatingExpenses": 38546140, "totalOperatingExpenses": 207793150, "operatingIncome": 33963930, "totalOtherIncomeExpenseNet": 315461970, "ebit": 33963930, "interestExpense": -993820, "incomeBeforeTax": 349425900, "incomeTaxExpense": 38470610, "minorityInterest": {}, "netIncomeFromContinuingOps": 310955290, "discontinuedOperations": {}, "extraordinaryItems": {}, "effectOfAccountingCharges": {}, "otherItems": {}, "netIncome": 310955290, "netIncomeApplicableToCommonShares": 310955290}], "maxAge": 86400}, "fundOwnership": {"ownershipList": [], "maxAge": 1}, "summaryDetail": {"maxAge": 1, "priceHint": 2, "previousClose": 9.57, "open": 9.48, "dayLow": 9.05, "dayHigh": 9.8, "regularMarketPreviousClose": 9.57, "regularMarketOpen": 9.48, "regularMarketDayLow": 9.05, "regularMarketDayHigh": 9.8, "trailingPE": 3.9965694, "volume": 9771, "regularMarketVolume": 9771, "averageVolume": 32665, "averageVolume10days": 31238, "averageDailyVolume10Day": 31238, "bid": 9.15, "ask": 9.66, "bidSize": 0, "askSize": 0, "marketCap": 1251070208, "fiftyTwoWeekLow": 3.0, "fiftyTwoWeekHigh": 16.2, "fiftyDayAverage": 11.149697, "twoHundredDayAverage": 9.566912, "currency": "INR", "fromCurrency": null, "lastMarket": null, "algorithm": null, "tradeable": false}, "incomeStatementHistoryQuarterly": {"incomeStatementHistory": [{"maxAge": 1, "endDate": "2020-06-30", "totalRevenue": 57629000, "costOfRevenue": 0, "grossProfit": 57629000, "researchDevelopment": {}, "sellingGeneralAdministrative": 10825000, "nonRecurring": {}, "otherOperatingExpenses": 24663000, "totalOperatingExpenses": 36395000, "operatingIncome": 21234000, "totalOtherIncomeExpenseNet": 59744000, "ebit": 21234000, "interestExpense": -202000, "incomeBeforeTax": 80978000, "incomeTaxExpense": 9427000, "minorityInterest": {}, "netIncomeFromContinuingOps": 71551000, "discontinuedOperations": {}, "extraordinaryItems": {}, "effectOfAccountingCharges": {}, "otherItems": {}, "netIncome": 71551000, "netIncomeApplicableToCommonShares": 71551000}, {"maxAge": 1, "endDate": "2020-03-31", "totalRevenue": 150018620, "costOfRevenue": 106705800, "grossProfit": 43312820, "researchDevelopment": {}, "sellingGeneralAdministrative": -26102930, "nonRecurring": {}, "otherOperatingExpenses": 93571950, "totalOperatingExpenses": 175084470, "operatingIncome": -25065850, "totalOtherIncomeExpenseNet": 104612770, "ebit": -25065850, "interestExpense": -202000, "incomeBeforeTax": 79546920, "incomeTaxExpense": -7584010, "minorityInterest": {}, "netIncomeFromContinuingOps": 87130930, "discontinuedOperations": {}, "extraordinaryItems": {}, "effectOfAccountingCharges": {}, "otherItems": {}, "netIncome": 87130930, "netIncomeApplicableToCommonShares": 87130930}, {"maxAge": 1, "endDate": "2019-12-31", "totalRevenue": 106222000, "costOfRevenue": 39152000, "grossProfit": 67070000, "researchDevelopment": {}, "sellingGeneralAdministrative": 21654000, "nonRecurring": {}, "otherOperatingExpenses": 10065000, "totalOperatingExpenses": 71795000, "operatingIncome": 34427000, "totalOtherIncomeExpenseNet": 46703000, "ebit": 34427000, "interestExpense": -1006000, "incomeBeforeTax": 81130000, "incomeTaxExpense": 9181000, "minorityInterest": {}, "netIncomeFromContinuingOps": 71949000, "discontinuedOperations": {}, "extraordinaryItems": {}, "effectOfAccountingCharges": {}, "otherItems": {}, "netIncome": 71949000, "netIncomeApplicableToCommonShares": 71949000}, {"maxAge": 1, "endDate": "2019-09-30", "totalRevenue": 66278000, "costOfRevenue": 0, "grossProfit": 66278000, "researchDevelopment": {}, "sellingGeneralAdministrative": 14497000, "nonRecurring": {}, "otherOperatingExpenses": 8949000, "totalOperatingExpenses": 24369000, "operatingIncome": 41909000, "totalOtherIncomeExpenseNet": 53022000, "ebit": 41909000, "interestExpense": -196000, "incomeBeforeTax": 94931000, "incomeTaxExpense": 12403000, "minorityInterest": {}, "netIncomeFromContinuingOps": 82528000, "discontinuedOperations": {}, "extraordinaryItems": {}, "effectOfAccountingCharges": {}, "otherItems": {}, "netIncome": 82528000, "netIncomeApplicableToCommonShares": 82528000}], "maxAge": 86400}, "cashflowStatementHistoryQuarterly": {"cashflowStatements": [{"maxAge": 1, "endDate": "2020-06-30", "netIncome": 71551000, "changeToLiabilities": 0}, {"maxAge": 1, "endDate": "2020-03-31", "netIncome": 87130930, "changeToLiabilities": 0}, {"maxAge": 1, "endDate": "2019-12-31", "netIncome": 71949000, "changeToLiabilities": 0}, {"maxAge": 1, "endDate": "2019-09-30", "netIncome": 82528000, "changeToLiabilities": 0}], "maxAge": 86400}, "insiderHolders": {"holders": [], "maxAge": 1}, "calendarEvents": {"maxAge": 1, "earnings": {"earningsDate": []}}, "upgradeDowngradeHistory": {"history": [], "maxAge": 86400}, "price": {"maxAge": 1, "regularMarketChangePercent": -0.026123302, "regularMarketChange": -0.25, "regularMarketTime": "2021-04-30 15:23:22", "priceHint": 2, "regularMarketPrice": 9.32, "regularMarketDayHigh": 9.8, "regularMarketDayLow": 9.05, "regularMarketVolume": 9771, "averageDailyVolume10Day": 31238, "averageDailyVolume3Month": 32665, "regularMarketPreviousClose": 9.57, "regularMarketSource": "FREE_REALTIME", "regularMarketOpen": 9.48, "exchange": "BSE", "exchangeName": "BSE", "exchangeDataDelayedBy": 0, "marketState": "CLOSED", "quoteType": "EQUITY", "symbol": "OSWALAGRO.BO", "underlyingSymbol": null, "shortName": "OSWAL AGRO MILLS LTD.", "longName": "Oswal Agro Mills Limited", "currency": "INR", "quoteSourceName": "Delayed Quote", "currencySymbol": "\u20b9", "fromCurrency": null, "lastMarket": null, "marketCap": 1251070208}, "balanceSheetHistory": {"balanceSheetStatements": [{"maxAge": 1, "endDate": "2020-03-31", "cash": 325911800, "netReceivables": 1426242710, "inventory": 648885170, "otherCurrentAssets": 85025620, "totalCurrentAssets": 2719483580, "longTermInvestments": 4296646340, "propertyPlantEquipment": 53656590, "otherAssets": 810449950, "deferredLongTermAssetCharges": 53535380, "totalAssets": 7880236460, "accountsPayable": 169014970, "otherCurrentLiab": 31276180, "otherLiab": 1670780, "totalCurrentLiabilities": 216288210, "totalLiab": 220417280, "commonStock": 1342347760, "retainedEarnings": 2005717500, "treasuryStock": -153128720, "capitalSurplus": 4464882640, "otherStockholderEquity": -153128720, "totalStockholderEquity": 7659819180, "netTangibleAssets": 7659819180}, {"maxAge": 1, "endDate": "2019-03-31", "cash": 6127630, "shortTermInvestments": 194090, "netReceivables": 823110470, "inventory": 648885170, "otherCurrentAssets": 59050960, "totalCurrentAssets": 2352611630, "longTermInvestments": 4047101740, "propertyPlantEquipment": 52489470, "otherAssets": 918746080, "deferredLongTermAssetCharges": 46918900, "totalAssets": 7370948920, "otherCurrentLiab": 15348950, "otherLiab": 1676720, "totalCurrentLiabilities": 27912230, "totalLiab": 29588950, "commonStock": 1342347760, "retainedEarnings": 1681833570, "treasuryStock": -147704000, "capitalSurplus": 4464882640, "otherStockholderEquity": -147704000, "totalStockholderEquity": 7341359970, "netTangibleAssets": 7341359970}, {"maxAge": 1, "endDate": "2018-03-31", "cash": 19498280, "shortTermInvestments": 181700, "netReceivables": 247005860, "inventory": 648885170, "otherCurrentAssets": 350860, "totalCurrentAssets": 2176103060, "longTermInvestments": 3885110700, "propertyPlantEquipment": 47176110, "otherAssets": 1016928430, "deferredLongTermAssetCharges": 45514870, "totalAssets": 7125318300, "otherCurrentLiab": 21812460, "otherLiab": 1483380, "totalCurrentLiabilities": 37472650, "totalLiab": 38956030, "commonStock": 1342347760, "retainedEarnings": 1418020880, "treasuryStock": -138889010, "capitalSurplus": 4464882640, "otherStockholderEquity": -138889010, "totalStockholderEquity": 7086362270, "netTangibleAssets": 7086362270}, {"maxAge": 1, "endDate": "2017-03-31", "cash": 113927950, "netReceivables": 501440170, "inventory": 648885170, "otherCurrentAssets": 22481680, "totalCurrentAssets": 2452062850, "longTermInvestments": 3736188520, "propertyPlantEquipment": 46677500, "otherAssets": 650064320, "totalAssets": 6884993190, "otherCurrentLiab": 48361780, "otherLiab": 10378270, "totalCurrentLiabilities": 58688610, "totalLiab": 69066880, "commonStock": 1342347760, "retainedEarnings": 1145849990, "treasuryStock": -137154080, "capitalSurplus": 4464882640, "otherStockholderEquity": -137154080, "totalStockholderEquity": 6815926310, "netTangibleAssets": 6815926310}], "maxAge": 86400}, "financialData": {"maxAge": 86400, "currentPrice": 9.32, "recommendationKey": "none", "grossProfits": 239429820, "financialCurrency": "INR"}}}