{"OSWAYRN.BO": {"cashflowStatementHistory": {"cashflowStatements": [{"maxAge": 1, "endDate": "2020-03-31", "netIncome": -99851, "depreciation": 314559, "changeToNetincome": -32537, "changeToAccountReceivables": 10870883, "changeToLiabilities": -2386121, "changeToInventory": -4599298, "changeToOperatingActivities": 120551, "totalCashFromOperatingActivities": 4188184, "capitalExpenditures": -1145039, "totalCashflowsFromInvestingActivities": -1128539, "netBorrowings": -2928149, "otherCashflowsFromFinancingActivities": -1, "totalCashFromFinancingActivities": -2928150, "changeInCash": 131495}, {"maxAge": 1, "endDate": "2019-03-31", "netIncome": -129154, "depreciation": 291311, "changeToNetincome": 3388, "changeToAccountReceivables": -574949, "changeToLiabilities": -1211301, "changeToInventory": 1847363, "changeToOperatingActivities": 113882, "totalCashFromOperatingActivities": 340539, "capitalExpenditures": -1145039, "totalCashflowsFromInvestingActivities": -1128539, "netBorrowings": -1018025, "otherCashflowsFromFinancingActivities": -1, "totalCashFromFinancingActivities": -1018025, "changeInCash": -677486}, {"maxAge": 1, "endDate": "2018-03-31", "netIncome": -843114, "depreciation": 346036, "changeToNetincome": 610732, "changeToAccountReceivables": -7691929, "changeToLiabilities": 9112238, "changeToInventory": 10686783, "changeToOperatingActivities": -80829, "totalCashFromOperatingActivities": 12139916, "capitalExpenditures": -1145039, "otherCashflowsFromInvestingActivities": 19080, "totalCashflowsFromInvestingActivities": 99080, "netBorrowings": -11226162, "otherCashflowsFromFinancingActivities": -1, "totalCashFromFinancingActivities": -11226162, "changeInCash": 1012833}, {"maxAge": 1, "endDate": "2017-03-31", "netIncome": 112635, "depreciation": 349624, "changeToNetincome": -152358, "changeToAccountReceivables": -2112058, "changeToLiabilities": 533367, "changeToInventory": -1291702, "changeToOperatingActivities": -48248, "totalCashFromOperatingActivities": -2608740, "capitalExpenditures": -9400, "otherCashflowsFromInvestingActivities": 19080, "totalCashflowsFromInvestingActivities": 10100, "netBorrowings": 2759876, "otherCashflowsFromFinancingActivities": -1, "totalCashFromFinancingActivities": 2759876, "changeInCash": 161237}], "maxAge": 86400}, "institutionOwnership": {"ownershipList": [], "maxAge": 1}, "balanceSheetHistoryQuarterly": {"balanceSheetStatements": [{"maxAge": 1, "endDate": "2020-06-30", "totalStockholderEquity": 37247000, "netTangibleAssets": 37247000}, {"maxAge": 1, "endDate": "2020-03-31", "cash": 707253, "netReceivables": 16530248, "inventory": 24551840, "otherCurrentAssets": 73319, "totalCurrentAssets": 41883385, "propertyPlantEquipment": 5436875, "otherAssets": 248276, "totalAssets": 47568536, "accountsPayable": 6107605, "shortLongTermDebt": 249096, "otherCurrentLiab": 41296, "longTermDebt": 929087, "otherLiab": 385543, "totalCurrentLiabilities": 9006447, "totalLiab": 10321077, "commonStock": 40100000, "retainedEarnings": -2852541, "totalStockholderEquity": 37247459, "netTangibleAssets": 37247459}, {"maxAge": 1, "endDate": "2019-12-31", "totalStockholderEquity": 37027000, "netTangibleAssets": 37027000}, {"maxAge": 1, "endDate": "2019-09-30", "cash": 502000, "netReceivables": 15894000, "inventory": 22561000, "totalCurrentAssets": 38957000, "propertyPlantEquipment": 4602000, "otherAssets": 248000, "totalAssets": 43807000, "accountsPayable": 4653000, "otherCurrentLiab": 260000, "longTermDebt": 259000, "otherLiab": 359000, "totalCurrentLiabilities": 6162000, "totalLiab": 6780000, "commonStock": 40100000, "treasuryStock": -3073000, "otherStockholderEquity": -3073000, "totalStockholderEquity": 37027000, "netTangibleAssets": 37027000}], "maxAge": 86400}, "indexTrend": {"maxAge": 1, "symbol": "SP5", "peRatio": 19.7411, "pegRatio": 1.34172, "estimates": [{"period": "0q", "growth": 0.549}, {"period": "+1q", "growth": 0.431}, {"period": "0y", "growth": 0.305}, {"period": "+1y", "growth": 0.109}, {"period": "+5y", "growth": 0.120859005}, {"period": "-5y"}]}, "insiderTransactions": {"transactions": [{"maxAge": 1, "shares": 300, "filerUrl": "", "transactionText": "", "filerName": "Oswal (Yashovardhan)", "filerRelation": "Promoter", "moneyText": "", "startDate": "2019-03-28", "ownership": "D"}, {"maxAge": 1, "shares": 41550, "filerUrl": "", "transactionText": "", "filerName": "Oswal (Suresh) HUF", "filerRelation": "Promoter", "moneyText": "", "startDate": "2018-11-19", "ownership": "D"}, {"maxAge": 1, "shares": 41550, "filerUrl": "", "transactionText": "", "filerName": "Oswal (Yashovardhan)", "filerRelation": "Promoter", "moneyText": "", "startDate": "2018-11-19", "ownership": "D"}, {"maxAge": 1, "shares": 157100, "filerUrl": "", "transactionText": "", "filerName": "Kumari (Tarsem)", "filerRelation": "Promoter", "moneyText": "", "startDate": "2018-08-10", "ownership": "D"}, {"maxAge": 1, "shares": 157100, "filerUrl": "", "transactionText": "", "filerName": "Oswal (Yashovardhan)", "filerRelation": "Promoter", "moneyText": "", "startDate": "2018-08-10", "ownership": "D"}, {"maxAge": 1, "shares": 161500, "filerUrl": "", "transactionText": "", "filerName": "Kumari (Tarsem)", "filerRelation": "Promoter", "moneyText": "", "startDate": "2018-03-24", "ownership": "D"}], "maxAge": 1}, "quoteType": {"exchange": "BSE", "quoteType": "EQUITY", "symbol": "OSWAYRN.BO", "underlyingSymbol": "OSWAYRN.BO", "shortName": "OSWAL YARNS LTD.", "longName": "Oswal Yarns Limited", "firstTradeDateEpochUtc": "2008-01-28 09:15:00", "timeZoneFullName": "Asia/Kolkata", "timeZoneShortName": "IST", "uuid": "540ca6e6-0589-3409-8a90-29859e2fe292", "gmtOffSetMilliseconds": 19800000, "maxAge": 1}, "incomeStatementHistory": {"incomeStatementHistory": [{"maxAge": 1, "endDate": "2020-03-31", "totalRevenue": 31458109, "costOfRevenue": 27584392, "grossProfit": 3873717, "researchDevelopment": {}, "sellingGeneralAdministrative": 1335356, "nonRecurring": {}, "otherOperatingExpenses": 1872339, "totalOperatingExpenses": 31106646, "operatingIncome": 351463, "totalOtherIncomeExpenseNet": -421960, "ebit": 351463, "interestExpense": -273155, "incomeBeforeTax": -70497, "incomeTaxExpense": 29354, "minorityInterest": {}, "netIncomeFromContinuingOps": -99851, "discontinuedOperations": {}, "extraordinaryItems": {}, "effectOfAccountingCharges": {}, "otherItems": {}, "netIncome": -99851, "netIncomeApplicableToCommonShares": -99851}, {"maxAge": 1, "endDate": "2019-03-31", "totalRevenue": 28865554, "costOfRevenue": 24448536, "grossProfit": 4417018, "researchDevelopment": {}, "sellingGeneralAdministrative": 1420390, "nonRecurring": {}, "otherOperatingExpenses": 1768770, "totalOperatingExpenses": 27929007, "operatingIncome": 936547, "totalOtherIncomeExpenseNet": -1054363, "ebit": 936547, "interestExpense": -914684, "incomeBeforeTax": -117816, "incomeTaxExpense": 11338, "minorityInterest": {}, "netIncomeFromContinuingOps": -129154, "discontinuedOperations": {}, "extraordinaryItems": {}, "effectOfAccountingCharges": {}, "otherItems": {}, "netIncome": -129154, "netIncomeApplicableToCommonShares": -129154}, {"maxAge": 1, "endDate": "2018-03-31", "totalRevenue": 30369217, "costOfRevenue": 26257835, "grossProfit": 4111382, "researchDevelopment": {}, "sellingGeneralAdministrative": 1387439, "nonRecurring": {}, "otherOperatingExpenses": 1636190, "totalOperatingExpenses": 29627500, "operatingIncome": 741717, "totalOtherIncomeExpenseNet": -1578450, "ebit": 741717, "interestExpense": -809287, "incomeBeforeTax": -836733, "incomeTaxExpense": 6381, "minorityInterest": {}, "netIncomeFromContinuingOps": -843114, "discontinuedOperations": {}, "extraordinaryItems": {}, "effectOfAccountingCharges": {}, "otherItems": {}, "netIncome": -843114, "netIncomeApplicableToCommonShares": -843114}, {"maxAge": 1, "endDate": "2017-03-31", "totalRevenue": 43395128, "costOfRevenue": 38422928, "grossProfit": 4972200, "researchDevelopment": {}, "sellingGeneralAdministrative": 1158851, "nonRecurring": {}, "otherOperatingExpenses": 1691838, "totalOperatingExpenses": 41623240, "operatingIncome": 1771888, "totalOtherIncomeExpenseNet": -1635898, "ebit": 1771888, "interestExpense": -1762149, "incomeBeforeTax": 135990, "incomeTaxExpense": 23355, "minorityInterest": {}, "netIncomeFromContinuingOps": 112635, "discontinuedOperations": {}, "extraordinaryItems": {}, "effectOfAccountingCharges": {}, "otherItems": {}, "netIncome": 112635, "netIncomeApplicableToCommonShares": 112635}], "maxAge": 86400}, "fundOwnership": {"ownershipList": [], "maxAge": 1}, "summaryDetail": {"maxAge": 1, "priceHint": 4, "previousClose": 4.3, "open": 4.25, "dayLow": 4.11, "dayHigh": 4.51, "regularMarketPreviousClose": 4.3, "regularMarketOpen": 4.25, "regularMarketDayLow": 4.11, "regularMarketDayHigh": 4.51, "trailingPE": 76.44068, "volume": 124, "regularMarketVolume": 124, "averageVolume": 662, "averageVolume10days": 10, "averageDailyVolume10Day": 10, "bid": 0.0, "ask": 4.1, "bidSize": 0, "askSize": 0, "marketCap": 18085100, "fiftyTwoWeekLow": 3.19, "fiftyTwoWeekHigh": 6.37, "fiftyDayAverage": 5.670303, "twoHundredDayAverage": 4.223456, "currency": "INR", "fromCurrency": null, "lastMarket": null, "algorithm": null, "tradeable": false}, "incomeStatementHistoryQuarterly": {"incomeStatementHistory": [{"maxAge": 1, "endDate": "2020-06-30", "totalRevenue": 5556000, "costOfRevenue": 4904000, "grossProfit": 652000, "researchDevelopment": {}, "sellingGeneralAdministrative": 339000, "nonRecurring": {}, "otherOperatingExpenses": 105000, "totalOperatingExpenses": 5439000, "operatingIncome": 117000, "totalOtherIncomeExpenseNet": -110000, "ebit": 117000, "interestExpense": -110000, "incomeBeforeTax": 7000, "incomeTaxExpense": 0, "minorityInterest": {}, "netIncomeFromContinuingOps": 7000, "discontinuedOperations": {}, "extraordinaryItems": {}, "effectOfAccountingCharges": {}, "otherItems": {}, "netIncome": 3000, "netIncomeApplicableToCommonShares": 3000}, {"maxAge": 1, "endDate": "2020-03-31", "totalRevenue": 14191109, "costOfRevenue": 13037392, "grossProfit": 1153717, "researchDevelopment": {}, "sellingGeneralAdministrative": -394644, "nonRecurring": {}, "otherOperatingExpenses": 1368339, "totalOperatingExpenses": 14140646, "operatingIncome": 50463, "totalOtherIncomeExpenseNet": -131960, "ebit": 50463, "interestExpense": -110000, "incomeBeforeTax": -81497, "incomeTaxExpense": 8354, "minorityInterest": {}, "netIncomeFromContinuingOps": -89851, "discontinuedOperations": {}, "extraordinaryItems": {}, "effectOfAccountingCharges": {}, "otherItems": {}, "netIncome": -95851, "netIncomeApplicableToCommonShares": -95851}, {"maxAge": 1, "endDate": "2019-12-31", "totalRevenue": 10697000, "costOfRevenue": 9578000, "grossProfit": 1119000, "researchDevelopment": {}, "sellingGeneralAdministrative": 478000, "nonRecurring": {}, "otherOperatingExpenses": 220000, "totalOperatingExpenses": 10337000, "operatingIncome": 360000, "totalOtherIncomeExpenseNet": -22000, "ebit": 360000, "interestExpense": -38000, "incomeBeforeTax": 338000, "incomeTaxExpense": 7000, "minorityInterest": {}, "netIncomeFromContinuingOps": 331000, "discontinuedOperations": {}, "extraordinaryItems": {}, "effectOfAccountingCharges": {}, "otherItems": {}, "netIncome": 150000, "netIncomeApplicableToCommonShares": 150000}, {"maxAge": 1, "endDate": "2019-09-30", "totalRevenue": 4126000, "costOfRevenue": 3093000, "grossProfit": 1033000, "researchDevelopment": {}, "sellingGeneralAdministrative": 658000, "nonRecurring": {}, "otherOperatingExpenses": 122000, "totalOperatingExpenses": 3935000, "operatingIncome": 191000, "totalOtherIncomeExpenseNet": -99000, "ebit": 191000, "interestExpense": -99000, "incomeBeforeTax": 92000, "incomeTaxExpense": 14000, "minorityInterest": {}, "netIncomeFromContinuingOps": 78000, "discontinuedOperations": {}, "extraordinaryItems": {}, "effectOfAccountingCharges": {}, "otherItems": {}, "netIncome": 35000, "netIncomeApplicableToCommonShares": 35000}], "maxAge": 86400}, "cashflowStatementHistoryQuarterly": {"cashflowStatements": [{"maxAge": 1, "endDate": "2020-06-30", "netIncome": 3000, "changeToLiabilities": 0}, {"maxAge": 1, "endDate": "2020-03-31", "netIncome": -95851, "changeToLiabilities": 0}, {"maxAge": 1, "endDate": "2019-12-31", "netIncome": 150000, "changeToLiabilities": 0}, {"maxAge": 1, "endDate": "2019-09-30", "netIncome": 35000, "changeToLiabilities": 0}], "maxAge": 86400}, "insiderHolders": {"holders": [{"maxAge": 1, "name": "Kumari (Tarsem)", "relation": "Promoter", "url": "", "transactionDescription": "Sale", "latestTransDate": "2018-08-10", "positionDirectDate": "2018-08-10"}, {"maxAge": 1, "name": "Oswal (Suresh) HUF", "relation": "Promoter", "url": "", "transactionDescription": "Sale", "latestTransDate": "2018-11-19", "positionDirect": 0, "positionDirectDate": "2018-11-19"}, {"maxAge": 1, "name": "Oswal (Yashovardhan)", "relation": "Promoter", "url": "", "transactionDescription": "Purchase", "latestTransDate": "2019-03-28", "positionDirect": 361078, "positionDirectDate": "2019-03-28"}], "maxAge": 1}, "calendarEvents": {"maxAge": 1, "earnings": {"earningsDate": []}}, "upgradeDowngradeHistory": {"history": [], "maxAge": 86400}, "price": {"maxAge": 1, "regularMarketChangePercent": 0.048837215, "regularMarketChange": 0.21000004, "regularMarketTime": "2021-04-30 12:02:16", "priceHint": 4, "regularMarketPrice": 4.51, "regularMarketDayHigh": 4.51, "regularMarketDayLow": 4.11, "regularMarketVolume": 124, "averageDailyVolume10Day": 10, "averageDailyVolume3Month": 662, "regularMarketPreviousClose": 4.3, "regularMarketSource": "FREE_REALTIME", "regularMarketOpen": 4.25, "exchange": "BSE", "exchangeName": "BSE", "exchangeDataDelayedBy": 0, "marketState": "CLOSED", "quoteType": "EQUITY", "symbol": "OSWAYRN.BO", "underlyingSymbol": null, "shortName": "OSWAL YARNS LTD.", "longName": "Oswal Yarns Limited", "currency": "INR", "quoteSourceName": "Delayed Quote", "currencySymbol": "\u20b9", "fromCurrency": null, "lastMarket": null, "marketCap": 18085100}, "balanceSheetHistory": {"balanceSheetStatements": [{"maxAge": 1, "endDate": "2020-03-31", "cash": 707253, "netReceivables": 16530248, "inventory": 24551840, "otherCurrentAssets": 73319, "totalCurrentAssets": 41883385, "propertyPlantEquipment": 5436875, "otherAssets": 248276, "totalAssets": 47568536, "accountsPayable": 6107605, "shortLongTermDebt": 249096, "otherCurrentLiab": 41296, "longTermDebt": 929087, "otherLiab": 385543, "totalCurrentLiabilities": 9006447, "totalLiab": 10321077, "commonStock": 40100000, "retainedEarnings": -2852541, "totalStockholderEquity": 37247459, "netTangibleAssets": 37247459}, {"maxAge": 1, "endDate": "2019-03-31", "cash": 575758, "netReceivables": 27301565, "inventory": 19952543, "otherCurrentAssets": 35026, "totalCurrentAssets": 47874932, "propertyPlantEquipment": 4606395, "otherAssets": 248276, "totalAssets": 52729603, "accountsPayable": 8493726, "otherCurrentLiab": 93071, "longTermDebt": 308353, "otherLiab": 358887, "totalCurrentLiabilities": 14692778, "totalLiab": 15360018, "commonStock": 40100000, "retainedEarnings": -2730415, "totalStockholderEquity": 37369585, "netTangibleAssets": 37369585}, {"maxAge": 1, "endDate": "2018-03-31", "cash": 1253243, "netReceivables": 26763968, "inventory": 21799906, "otherCurrentAssets": 38046, "totalCurrentAssets": 49868946, "propertyPlantEquipment": 4897706, "otherAssets": 248276, "totalAssets": 55014928, "accountsPayable": 9705027, "shortLongTermDebt": 114660, "otherCurrentLiab": 34673, "longTermDebt": 308353, "otherLiab": 305411, "totalCurrentLiabilities": 16900856, "totalLiab": 17514620, "commonStock": 40100000, "retainedEarnings": -2599691, "totalStockholderEquity": 37500309, "netTangibleAssets": 37500309}, {"maxAge": 1, "endDate": "2017-03-31", "cash": 240411, "netReceivables": 19034613, "inventory": 32486689, "otherCurrentAssets": 933508, "totalCurrentAssets": 52711685, "propertyPlantEquipment": 5243742, "otherAssets": 248276, "totalAssets": 58203703, "accountsPayable": 592789, "shortLongTermDebt": 239604, "otherCurrentLiab": 204060, "longTermDebt": 12756951, "otherLiab": 212374, "totalCurrentLiabilities": 6884992, "totalLiab": 19854317, "commonStock": 40100000, "retainedEarnings": -1750614, "totalStockholderEquity": 38349386, "netTangibleAssets": 38349386}], "maxAge": 86400}, "financialData": {"maxAge": 86400, "currentPrice": 4.51, "recommendationKey": "none", "grossProfits": 3873717, "financialCurrency": "INR"}}}