{"OVOBELE.BO": {"cashflowStatementHistory": {"cashflowStatements": [{"maxAge": 1, "endDate": "2020-03-31", "netIncome": 27187000, "depreciation": 9938000, "changeToNetincome": -4397000, "changeToAccountReceivables": -5686000, "changeToLiabilities": -15717000, "changeToInventory": -30344000, "changeToOperatingActivities": 27127000, "totalCashFromOperatingActivities": 6120000, "capitalExpenditures": -5492000, "otherCashflowsFromInvestingActivities": 4526000, "totalCashflowsFromInvestingActivities": -858000, "netBorrowings": 5022000, "otherCashflowsFromFinancingActivities": -7756000, "totalCashFromFinancingActivities": -2734000, "changeInCash": 2528000}, {"maxAge": 1, "endDate": "2019-03-31", "netIncome": 56522000, "depreciation": 9825000, "changeToNetincome": 5591000, "changeToAccountReceivables": 49992000, "changeToLiabilities": 6349000, "changeToInventory": -15266000, "changeToOperatingActivities": -102201000, "totalCashFromOperatingActivities": 21167000, "capitalExpenditures": -4946000, "otherCashflowsFromInvestingActivities": 4379000, "totalCashflowsFromInvestingActivities": -567000, "netBorrowings": 5022000, "otherCashflowsFromFinancingActivities": -6300000, "totalCashFromFinancingActivities": -6300000, "changeInCash": 14300000}, {"maxAge": 1, "endDate": "2018-03-31", "netIncome": 45288000, "depreciation": 12650000, "changeToNetincome": 307000, "changeToAccountReceivables": -10389000, "changeToLiabilities": 12674000, "changeToInventory": 35906000, "changeToOperatingActivities": -95309000, "totalCashFromOperatingActivities": 11404000, "capitalExpenditures": -3191000, "otherCashflowsFromInvestingActivities": 3499000, "totalCashflowsFromInvestingActivities": 308000, "netBorrowings": 5022000, "otherCashflowsFromFinancingActivities": -7457000, "totalCashFromFinancingActivities": -7457000, "changeInCash": 4255000}, {"maxAge": 1, "endDate": "2017-03-31", "netIncome": -35100000, "depreciation": 10400000, "changeToNetincome": 1000000, "changeToAccountReceivables": 64600000, "changeToLiabilities": -18600000, "changeToInventory": -46600000, "changeToOperatingActivities": 600000, "totalCashFromOperatingActivities": -32500000, "capitalExpenditures": -33700000, "investments": 68200000, "otherCashflowsFromInvestingActivities": 3900000, "totalCashflowsFromInvestingActivities": 38400000, "netBorrowings": 5022000, "otherCashflowsFromFinancingActivities": -6300000, "totalCashFromFinancingActivities": -6300000, "changeInCash": -400000}], "maxAge": 86400}, "institutionOwnership": {"maxAge": 1, "ownershipList": []}, "balanceSheetHistoryQuarterly": {"balanceSheetStatements": [{"maxAge": 1, "endDate": "2020-06-30", "cash": 84565000, "netReceivables": 148452000, "inventory": 158391000, "otherCurrentAssets": 2776000, "totalCurrentAssets": 394184000, "longTermInvestments": 280000, "propertyPlantEquipment": 30326000, "otherAssets": 13210000, "deferredLongTermAssetCharges": 9104000, "totalAssets": 438000000, "accountsPayable": 25967000, "otherCurrentLiab": 43060000, "otherLiab": 20206000, "totalCurrentLiabilities": 166116000, "totalLiab": 186322000, "commonStock": 105008000, "treasuryStock": 146670000, "otherStockholderEquity": 146670000, "totalStockholderEquity": 251678000, "netTangibleAssets": 251678000}, {"maxAge": 1, "endDate": "2020-03-31", "cash": 81706000, "netReceivables": 136641000, "inventory": 136710000, "otherCurrentAssets": 3361000, "totalCurrentAssets": 358418000, "longTermInvestments": 210000, "propertyPlantEquipment": 31856000, "otherAssets": 24949000, "deferredLongTermAssetCharges": 9437000, "totalAssets": 415433000, "accountsPayable": 17392000, "otherCurrentLiab": 35185000, "otherLiab": 10278000, "totalCurrentLiabilities": 178438000, "totalLiab": 188716000, "commonStock": 105008000, "treasuryStock": 121709000, "otherStockholderEquity": 121709000, "totalStockholderEquity": 226717000, "netTangibleAssets": 226717000}, {"maxAge": 1, "endDate": "2019-12-31", "totalStockholderEquity": 232000000, "netTangibleAssets": 232000000}, {"maxAge": 1, "endDate": "2019-09-30", "cash": 70300000, "netReceivables": 221500000, "inventory": 101400000, "otherCurrentAssets": 4400000, "totalCurrentAssets": 397600000, "longTermInvestments": 300000, "propertyPlantEquipment": 32000000, "otherAssets": 10600000, "deferredLongTermAssetCharges": 6500000, "totalAssets": 440500000, "accountsPayable": 70800000, "otherCurrentLiab": 20900000, "otherLiab": 8200000, "totalCurrentLiabilities": 200300000, "totalLiab": 208500000, "commonStock": 105000000, "treasuryStock": 127000000, "otherStockholderEquity": 127000000, "totalStockholderEquity": 232000000, "netTangibleAssets": 232000000}], "maxAge": 86400}, "indexTrend": {"maxAge": 1, "symbol": "SP5", "peRatio": 19.7411, "pegRatio": 1.34172, "estimates": [{"period": "0q", "growth": 0.549}, {"period": "+1q", "growth": 0.431}, {"period": "0y", "growth": 0.305}, {"period": "+1y", "growth": 0.109}, {"period": "+5y", "growth": 0.120859005}, {"period": "-5y"}]}, "quoteType": {"exchange": "BSE", "quoteType": "EQUITY", "symbol": "OVOBELE.BO", "underlyingSymbol": "OVOBELE.BO", "shortName": "OVOBEL FOODS LTD.", "longName": "Ovobel Foods Limited", "firstTradeDateEpochUtc": "2011-11-18 09:15:00", "timeZoneFullName": "Asia/Kolkata", "timeZoneShortName": "IST", "uuid": "ca6de0ad-9992-3ff5-a066-fca7811e189a", "messageBoardId": null, "gmtOffSetMilliseconds": 19800000, "maxAge": 1}, "incomeStatementHistory": {"incomeStatementHistory": [{"maxAge": 1, "endDate": "2020-03-31", "totalRevenue": 1087026000, "costOfRevenue": 882458000, "grossProfit": 204568000, "researchDevelopment": {}, "sellingGeneralAdministrative": 79956000, "nonRecurring": {}, "otherOperatingExpenses": 66560000, "totalOperatingExpenses": 1039381000, "operatingIncome": 47645000, "totalOtherIncomeExpenseNet": -9170000, "ebit": 47645000, "interestExpense": -9170000, "incomeBeforeTax": 38475000, "incomeTaxExpense": 11288000, "minorityInterest": {}, "netIncomeFromContinuingOps": 27187000, "discontinuedOperations": {}, "extraordinaryItems": {}, "effectOfAccountingCharges": {}, "otherItems": {}, "netIncome": 27187000, "netIncomeApplicableToCommonShares": 27187000}, {"maxAge": 1, "endDate": "2019-03-31", "totalRevenue": 972981000, "costOfRevenue": 797882000, "grossProfit": 175099000, "researchDevelopment": {}, "sellingGeneralAdministrative": 75007000, "nonRecurring": {}, "otherOperatingExpenses": 145635000, "totalOperatingExpenses": 1028349000, "operatingIncome": -55368000, "totalOtherIncomeExpenseNet": 139430000, "ebit": -55368000, "interestExpense": -6301000, "incomeBeforeTax": 84062000, "incomeTaxExpense": 27540000, "minorityInterest": {}, "netIncomeFromContinuingOps": 56522000, "discontinuedOperations": {}, "extraordinaryItems": {}, "effectOfAccountingCharges": {}, "otherItems": {}, "netIncome": 56522000, "netIncomeApplicableToCommonShares": 56522000}, {"maxAge": 1, "endDate": "2018-03-31", "totalRevenue": 834199000, "costOfRevenue": 727206000, "grossProfit": 106993000, "researchDevelopment": {}, "sellingGeneralAdministrative": 67857000, "nonRecurring": {}, "otherOperatingExpenses": 128208000, "totalOperatingExpenses": 935921000, "operatingIncome": -101722000, "totalOtherIncomeExpenseNet": 154429000, "ebit": -101722000, "interestExpense": -7457000, "incomeBeforeTax": 52707000, "incomeTaxExpense": 7419000, "minorityInterest": {}, "netIncomeFromContinuingOps": 45288000, "discontinuedOperations": {}, "extraordinaryItems": {}, "effectOfAccountingCharges": {}, "otherItems": {}, "netIncome": 45288000, "netIncomeApplicableToCommonShares": 45288000}, {"maxAge": 1, "endDate": "2017-03-31", "totalRevenue": 753500000, "costOfRevenue": 641600000, "grossProfit": 111900000, "researchDevelopment": {}, "sellingGeneralAdministrative": 53900000, "nonRecurring": {}, "otherOperatingExpenses": 118400000, "totalOperatingExpenses": 824400000, "operatingIncome": -70900000, "totalOtherIncomeExpenseNet": 41800000, "ebit": -70900000, "interestExpense": -6400000, "incomeBeforeTax": -29100000, "incomeTaxExpense": 6000000, "minorityInterest": {}, "netIncomeFromContinuingOps": -35100000, "discontinuedOperations": {}, "extraordinaryItems": {}, "effectOfAccountingCharges": {}, "otherItems": {}, "netIncome": -35100000, "netIncomeApplicableToCommonShares": -35100000}], "maxAge": 86400}, "fundOwnership": {"maxAge": 1, "ownershipList": []}, "summaryDetail": {"maxAge": 1, "priceHint": 2, "previousClose": 31.8, "open": 33.35, "dayLow": 33.35, "dayHigh": 33.35, "regularMarketPreviousClose": 31.8, "regularMarketOpen": 33.35, "regularMarketDayLow": 33.35, "regularMarketDayHigh": 33.35, "trailingPE": 8.639896, "volume": 400, "regularMarketVolume": 400, "averageVolume": 5611, "averageVolume10days": 4533, "averageDailyVolume10Day": 4533, "bid": 31.0, "ask": 0.0, "bidSize": 0, "askSize": 0, "marketCap": 350201664, "fiftyTwoWeekLow": 13.15, "fiftyTwoWeekHigh": 50.8, "fiftyDayAverage": 46.407143, "twoHundredDayAverage": 38.81971, "currency": "INR", "fromCurrency": null, "toCurrency": null, "lastMarket": null, "algorithm": null, "tradeable": false}, "incomeStatementHistoryQuarterly": {"incomeStatementHistory": [{"maxAge": 1, "endDate": "2020-06-30", "totalRevenue": 281004000, "costOfRevenue": 199028000, "grossProfit": 81976000, "researchDevelopment": {}, "sellingGeneralAdministrative": 17312000, "nonRecurring": {}, "otherOperatingExpenses": 24345000, "totalOperatingExpenses": 242661000, "operatingIncome": 38343000, "totalOtherIncomeExpenseNet": -2410000, "ebit": 38343000, "interestExpense": -2411000, "incomeBeforeTax": 35933000, "incomeTaxExpense": 11042000, "minorityInterest": {}, "netIncomeFromContinuingOps": 24891000, "discontinuedOperations": {}, "extraordinaryItems": {}, "effectOfAccountingCharges": {}, "otherItems": {}, "netIncome": 24891000, "netIncomeApplicableToCommonShares": 24891000}, {"maxAge": 1, "endDate": "2020-03-31", "totalRevenue": 237005000, "costOfRevenue": 186239000, "grossProfit": 50766000, "researchDevelopment": {}, "sellingGeneralAdministrative": 9769000, "nonRecurring": {}, "otherOperatingExpenses": 29050000, "totalOperatingExpenses": 228120000, "operatingIncome": 8885000, "totalOtherIncomeExpenseNet": -3005000, "ebit": 8885000, "interestExpense": -3006000, "incomeBeforeTax": 5880000, "incomeTaxExpense": 1663000, "minorityInterest": {}, "netIncomeFromContinuingOps": 4217000, "discontinuedOperations": {}, "extraordinaryItems": {}, "effectOfAccountingCharges": {}, "otherItems": {}, "netIncome": 4217000, "netIncomeApplicableToCommonShares": 4217000}, {"maxAge": 1, "endDate": "2019-12-31", "totalRevenue": 302505000, "costOfRevenue": 267394000, "grossProfit": 35111000, "researchDevelopment": {}, "sellingGeneralAdministrative": 26983000, "nonRecurring": {}, "otherOperatingExpenses": 17252000, "totalOperatingExpenses": 312822000, "operatingIncome": -10317000, "totalOtherIncomeExpenseNet": -2345000, "ebit": -10317000, "interestExpense": -2344000, "incomeBeforeTax": -12662000, "incomeTaxExpense": -2945000, "minorityInterest": {}, "netIncomeFromContinuingOps": -9717000, "discontinuedOperations": {}, "extraordinaryItems": {}, "effectOfAccountingCharges": {}, "otherItems": {}, "netIncome": -9717000, "netIncomeApplicableToCommonShares": -9717000}, {"maxAge": 1, "endDate": "2019-09-30", "totalRevenue": 289229000, "costOfRevenue": 225653000, "grossProfit": 63576000, "researchDevelopment": {}, "sellingGeneralAdministrative": 22433000, "nonRecurring": {}, "otherOperatingExpenses": 8970000, "totalOperatingExpenses": 260197000, "operatingIncome": 29032000, "totalOtherIncomeExpenseNet": -1783000, "ebit": 29032000, "interestExpense": -1783000, "incomeBeforeTax": 27249000, "incomeTaxExpense": 7458000, "minorityInterest": {}, "netIncomeFromContinuingOps": 19791000, "discontinuedOperations": {}, "extraordinaryItems": {}, "effectOfAccountingCharges": {}, "otherItems": {}, "netIncome": 19791000, "netIncomeApplicableToCommonShares": 19791000}], "maxAge": 86400}, "cashflowStatementHistoryQuarterly": {"cashflowStatements": [{"maxAge": 1, "endDate": "2020-06-30", "netIncome": 24891000, "changeToLiabilities": 0}, {"maxAge": 1, "endDate": "2020-03-31", "netIncome": 4217000, "changeToLiabilities": 0}, {"maxAge": 1, "endDate": "2019-12-31", "netIncome": -9717000, "changeToLiabilities": 0}, {"maxAge": 1, "endDate": "2019-09-30", "netIncome": 19791000, "changeToLiabilities": 0}], "maxAge": 86400}, "insiderHolders": {"holders": [], "maxAge": 1}, "calendarEvents": {"maxAge": 1, "earnings": {"earningsDate": ["2020-09-07 05:30:S"]}}, "price": {"maxAge": 1, "regularMarketChangePercent": 0.04874211, "regularMarketChange": 1.5499992, "regularMarketTime": "2021-04-30 10:56:51", "priceHint": 2, "regularMarketPrice": 33.35, "regularMarketDayHigh": 33.35, "regularMarketDayLow": 33.35, "regularMarketVolume": 400, "averageDailyVolume10Day": 4533, "averageDailyVolume3Month": 5611, "regularMarketPreviousClose": 31.8, "regularMarketSource": "FREE_REALTIME", "regularMarketOpen": 33.35, "exchange": "BSE", "exchangeName": "BSE", "exchangeDataDelayedBy": 0, "marketState": "CLOSED", "quoteType": "EQUITY", "symbol": "OVOBELE.BO", "underlyingSymbol": null, "shortName": "OVOBEL FOODS LTD.", "longName": "Ovobel Foods Limited", "currency": "INR", "quoteSourceName": "Delayed Quote", "currencySymbol": "\u20b9", "fromCurrency": null, "toCurrency": null, "lastMarket": null, "marketCap": 350201664}, "balanceSheetHistory": {"balanceSheetStatements": [{"maxAge": 1, "endDate": "2020-03-31", "cash": 81706000, "netReceivables": 136641000, "inventory": 136710000, "otherCurrentAssets": 3361000, "totalCurrentAssets": 358418000, "longTermInvestments": 210000, "propertyPlantEquipment": 31856000, "otherAssets": 24949000, "deferredLongTermAssetCharges": 9437000, "totalAssets": 415433000, "accountsPayable": 17392000, "otherCurrentLiab": 35185000, "otherLiab": 10278000, "totalCurrentLiabilities": 178438000, "totalLiab": 188716000, "commonStock": 105008000, "treasuryStock": 121709000, "otherStockholderEquity": 121709000, "totalStockholderEquity": 226717000, "netTangibleAssets": 226717000}, {"maxAge": 1, "endDate": "2019-03-31", "cash": 5746000, "shortTermInvestments": 73432000, "netReceivables": 90306000, "inventory": 106366000, "otherCurrentAssets": 44037000, "totalCurrentAssets": 323210000, "longTermInvestments": 390000, "propertyPlantEquipment": 35150000, "otherAssets": 13152000, "deferredLongTermAssetCharges": 8031000, "totalAssets": 371902000, "accountsPayable": 33109000, "otherCurrentLiab": 9197000, "otherLiab": 4621000, "totalCurrentLiabilities": 164401000, "totalLiab": 169022000, "commonStock": 105008000, "retainedEarnings": 49404000, "treasuryStock": 48468000, "otherStockholderEquity": 48468000, "totalStockholderEquity": 202880000, "netTangibleAssets": 202880000}, {"maxAge": 1, "endDate": "2018-03-31", "cash": 651000, "shortTermInvestments": 64227000, "netReceivables": 137197000, "inventory": 91100000, "otherCurrentAssets": 58058000, "totalCurrentAssets": 354600000, "longTermInvestments": 568000, "propertyPlantEquipment": 40031000, "otherAssets": 26492000, "deferredLongTermAssetCharges": 11394000, "totalAssets": 421691000, "accountsPayable": 26760000, "otherCurrentLiab": 17080000, "longTermDebt": 4150000, "otherLiab": 5147000, "totalCurrentLiabilities": 266251000, "totalLiab": 275548000, "commonStock": 105008000, "retainedEarnings": -7118000, "treasuryStock": 48253000, "otherStockholderEquity": 48253000, "totalStockholderEquity": 146143000, "netTangibleAssets": 146143000}, {"maxAge": 1, "endDate": "2017-03-31", "cash": 10600000, "shortTermInvestments": 50000000, "netReceivables": 112500000, "inventory": 127000000, "otherCurrentAssets": 121100000, "totalCurrentAssets": 424000000, "longTermInvestments": 500000, "propertyPlantEquipment": 49500000, "otherAssets": 34800000, "deferredLongTermAssetCharges": 8400000, "totalAssets": 508800000, "accountsPayable": 14100000, "otherCurrentLiab": 18300000, "longTermDebt": 12800000, "otherLiab": 3100000, "totalCurrentLiabilities": 391400000, "totalLiab": 407300000, "commonStock": 105000000, "retainedEarnings": -50000000, "treasuryStock": 46500000, "otherStockholderEquity": 46500000, "totalStockholderEquity": 101500000, "netTangibleAssets": 101500000}], "maxAge": 86400}, "financialData": {"maxAge": 86400, "currentPrice": 33.35, "recommendationKey": "none", "grossProfits": 204568000, "financialCurrency": "INR"}}}