{"OZONEWORLD.BO": {"cashflowStatementHistory": {"cashflowStatements": [{"maxAge": 1, "endDate": "2020-03-31", "netIncome": 3139000, "changeToNetincome": 1001000, "changeToLiabilities": 0, "changeToOperatingActivities": -1954000, "totalCashFromOperatingActivities": 2186000, "otherCashflowsFromFinancingActivities": -2154000, "totalCashFromFinancingActivities": -2154000, "changeInCash": 32000}, {"maxAge": 1, "endDate": "2019-03-31", "netIncome": 3500789, "changeToNetincome": -909000, "changeToLiabilities": 0, "changeToOperatingActivities": -62639, "totalCashFromOperatingActivities": 2529150, "investments": 2700000, "totalCashflowsFromInvestingActivities": 2700000, "otherCashflowsFromFinancingActivities": -5531229, "totalCashFromFinancingActivities": -5531229, "changeInCash": -302079}, {"maxAge": 1, "endDate": "2018-03-31", "netIncome": 1515801, "depreciation": 181, "changeToNetincome": 950000, "changeToLiabilities": 0, "changeToOperatingActivities": -189068, "totalCashFromOperatingActivities": 2276914, "investments": 435, "totalCashflowsFromInvestingActivities": 435, "otherCashflowsFromFinancingActivities": -2098628, "totalCashFromFinancingActivities": -2098628, "changeInCash": 178721}, {"maxAge": 1, "endDate": "2017-03-31", "netIncome": 3989270, "depreciation": 399, "changeToNetincome": -76, "changeToLiabilities": 0, "changeToOperatingActivities": -196394822, "totalCashFromOperatingActivities": -192405229, "investments": 435, "totalCashflowsFromInvestingActivities": 435, "otherCashflowsFromFinancingActivities": 192515258, "totalCashFromFinancingActivities": 192515258, "changeInCash": 110029}], "maxAge": 86400}, "institutionOwnership": {"ownershipList": [], "maxAge": 1}, "balanceSheetHistoryQuarterly": {"balanceSheetStatements": [{"maxAge": 1, "endDate": "2020-06-30", "totalStockholderEquity": 58194000, "netTangibleAssets": 58194000}, {"maxAge": 1, "endDate": "2020-03-31", "cash": 85000, "netReceivables": 140000, "otherCurrentAssets": 1276000, "totalCurrentAssets": 1501000, "otherAssets": 57793000, "deferredLongTermAssetCharges": 1700, "totalAssets": 59294000, "accountsPayable": 91000, "otherCurrentLiab": 8000, "otherLiab": 1000, "totalCurrentLiabilities": 1099000, "totalLiab": 1100000, "commonStock": 36991000, "treasuryStock": 21203000, "otherStockholderEquity": 21203000, "totalStockholderEquity": 58194000, "netTangibleAssets": 58194000}, {"maxAge": 1, "endDate": "2019-12-31", "totalStockholderEquity": 57038000, "netTangibleAssets": 57038000}, {"maxAge": 1, "endDate": "2019-09-30", "cash": 86000, "netReceivables": 52945000, "otherCurrentAssets": 4007000, "totalCurrentAssets": 57038000, "totalAssets": 57038000, "commonStock": 36991000, "treasuryStock": 20047000, "otherStockholderEquity": 20047000, "totalStockholderEquity": 57038000, "netTangibleAssets": 57038000}], "maxAge": 86400}, "indexTrend": {"maxAge": 1, "symbol": "SP5", "peRatio": 19.7411, "pegRatio": 1.34172, "estimates": [{"period": "0q", "growth": 0.549}, {"period": "+1q", "growth": 0.431}, {"period": "0y", "growth": 0.305}, {"period": "+1y", "growth": 0.109}, {"period": "+5y", "growth": 0.120859005}, {"period": "-5y"}]}, "quoteType": {"exchange": "BSE", "quoteType": "EQUITY", "symbol": "OZONEWORLD.BO", "underlyingSymbol": "OZONEWORLD.BO", "shortName": "Ozone World Limited", "longName": "Ozone World Limited", "firstTradeDateEpochUtc": "2015-08-27 09:15:00", "timeZoneFullName": "Asia/Kolkata", "timeZoneShortName": "IST", "uuid": "1c5a11cb-f040-390c-a46d-b9a0c596f79d", "gmtOffSetMilliseconds": 19800000, "maxAge": 1}, "incomeStatementHistory": {"incomeStatementHistory": [{"maxAge": 1, "endDate": "2020-03-31", "totalRevenue": 6421000, "costOfRevenue": 0, "grossProfit": 6421000, "researchDevelopment": {}, "sellingGeneralAdministrative": 327000, "nonRecurring": {}, "otherOperatingExpenses": 1640000, "totalOperatingExpenses": 1967000, "operatingIncome": 4454000, "totalOtherIncomeExpenseNet": -1000, "ebit": 4454000, "interestExpense": {}, "incomeBeforeTax": 4453000, "incomeTaxExpense": 1314000, "minorityInterest": {}, "netIncomeFromContinuingOps": 3139000, "discontinuedOperations": {}, "extraordinaryItems": {}, "effectOfAccountingCharges": {}, "otherItems": {}, "netIncome": 3139000, "netIncomeApplicableToCommonShares": 3139000}, {"maxAge": 1, "endDate": "2019-03-31", "totalRevenue": 12205963, "costOfRevenue": 6831724, "grossProfit": 5374239, "researchDevelopment": {}, "sellingGeneralAdministrative": 1191632, "nonRecurring": {}, "otherOperatingExpenses": -334931, "totalOperatingExpenses": 7688425, "operatingIncome": 4517538, "totalOtherIncomeExpenseNet": -235, "ebit": 4517538, "interestExpense": {}, "incomeBeforeTax": 4517303, "incomeTaxExpense": 1016514, "minorityInterest": {}, "netIncomeFromContinuingOps": 3500789, "discontinuedOperations": {}, "extraordinaryItems": {}, "effectOfAccountingCharges": {}, "otherItems": {}, "netIncome": 3500789, "netIncomeApplicableToCommonShares": 3500789}, {"maxAge": 1, "endDate": "2018-03-31", "totalRevenue": 5515142, "costOfRevenue": 36360, "grossProfit": 5478782, "researchDevelopment": {}, "sellingGeneralAdministrative": 1186008, "nonRecurring": {}, "otherOperatingExpenses": 503591, "totalOperatingExpenses": 1726140, "operatingIncome": 3789002, "totalOtherIncomeExpenseNet": 10515, "ebit": 3789002, "interestExpense": -125, "incomeBeforeTax": 3799517, "incomeTaxExpense": 2283716, "minorityInterest": {}, "netIncomeFromContinuingOps": 1515801, "discontinuedOperations": {}, "extraordinaryItems": {}, "effectOfAccountingCharges": {}, "otherItems": {}, "netIncome": 1515801, "netIncomeApplicableToCommonShares": 1515801}, {"maxAge": 1, "endDate": "2017-03-31", "totalRevenue": 33521115, "costOfRevenue": 16796149, "grossProfit": 16724966, "researchDevelopment": {}, "sellingGeneralAdministrative": 1284420, "nonRecurring": {}, "otherOperatingExpenses": 567032, "totalOperatingExpenses": 18648000, "operatingIncome": 14873115, "totalOtherIncomeExpenseNet": -10405289, "ebit": 14873115, "interestExpense": -125, "incomeBeforeTax": 4467826, "incomeTaxExpense": 478556, "minorityInterest": {}, "netIncomeFromContinuingOps": 3989270, "discontinuedOperations": {}, "extraordinaryItems": {}, "effectOfAccountingCharges": {}, "otherItems": {}, "netIncome": 3989270, "netIncomeApplicableToCommonShares": 3989270}], "maxAge": 86400}, "fundOwnership": {"ownershipList": [], "maxAge": 1}, "summaryDetail": {"maxAge": 1, "priceHint": 2, "previousClose": 69.65, "open": 72.5, "dayLow": 62.3, "dayHigh": 72.5, "regularMarketPreviousClose": 69.65, "regularMarketOpen": 72.5, "regularMarketDayLow": 62.3, "regularMarketDayHigh": 72.5, "trailingPE": 87.41894, "volume": 68269, "regularMarketVolume": 68269, "averageVolume": 61988, "averageVolume10days": 50277, "averageDailyVolume10Day": 50277, "bid": 66.0, "ask": 65.1, "bidSize": 0, "askSize": 0, "marketCap": 249320016, "fiftyTwoWeekLow": 62.3, "fiftyTwoWeekHigh": 96.0, "fiftyDayAverage": 87.02121, "twoHundredDayAverage": 82.427574, "currency": "INR", "fromCurrency": null, "lastMarket": null, "algorithm": null, "tradeable": false}, "incomeStatementHistoryQuarterly": {"incomeStatementHistory": [{"maxAge": 1, "endDate": "2020-06-30", "totalRevenue": 1717000, "costOfRevenue": 0, "grossProfit": 1717000, "researchDevelopment": {}, "sellingGeneralAdministrative": 138000, "nonRecurring": {}, "otherOperatingExpenses": 444000, "totalOperatingExpenses": 582000, "operatingIncome": 1135000, "totalOtherIncomeExpenseNet": -3000, "ebit": 1135000, "interestExpense": -2000, "incomeBeforeTax": 1132000, "incomeTaxExpense": 283000, "minorityInterest": {}, "netIncomeFromContinuingOps": 849000, "discontinuedOperations": {}, "extraordinaryItems": {}, "effectOfAccountingCharges": {}, "otherItems": {}, "netIncome": 849000, "netIncomeApplicableToCommonShares": 849000}, {"maxAge": 1, "endDate": "2020-03-31", "totalRevenue": 1559000, "costOfRevenue": 0, "grossProfit": 1559000, "researchDevelopment": {}, "sellingGeneralAdministrative": 143000, "nonRecurring": {}, "otherOperatingExpenses": 380000, "totalOperatingExpenses": 523000, "operatingIncome": 1036000, "totalOtherIncomeExpenseNet": 0, "ebit": 1036000, "interestExpense": -2000, "incomeBeforeTax": 1036000, "incomeTaxExpense": 1000000, "minorityInterest": {}, "netIncomeFromContinuingOps": 36000, "discontinuedOperations": {}, "extraordinaryItems": {}, "effectOfAccountingCharges": {}, "otherItems": {}, "netIncome": 36000, "netIncomeApplicableToCommonShares": 36000}, {"maxAge": 1, "endDate": "2019-12-31", "totalRevenue": 1588000, "costOfRevenue": 0, "grossProfit": 1588000, "researchDevelopment": {}, "sellingGeneralAdministrative": 46000, "nonRecurring": {}, "otherOperatingExpenses": 440000, "totalOperatingExpenses": 486000, "operatingIncome": 1102000, "totalOtherIncomeExpenseNet": 0, "ebit": 1102000, "interestExpense": -2000, "incomeBeforeTax": 1102000, "incomeTaxExpense": 0, "minorityInterest": {}, "netIncomeFromContinuingOps": 1102000, "discontinuedOperations": {}, "extraordinaryItems": {}, "effectOfAccountingCharges": {}, "otherItems": {}, "netIncome": 1102000, "netIncomeApplicableToCommonShares": 1102000}, {"maxAge": 1, "endDate": "2019-09-30", "totalRevenue": 1627000, "costOfRevenue": 0, "grossProfit": 1627000, "researchDevelopment": {}, "sellingGeneralAdministrative": 69000, "nonRecurring": {}, "otherOperatingExpenses": 712000, "totalOperatingExpenses": 781000, "operatingIncome": 846000, "totalOtherIncomeExpenseNet": 0, "ebit": 846000, "interestExpense": -2000, "incomeBeforeTax": 846000, "incomeTaxExpense": 0, "minorityInterest": {}, "netIncomeFromContinuingOps": 846000, "discontinuedOperations": {}, "extraordinaryItems": {}, "effectOfAccountingCharges": {}, "otherItems": {}, "netIncome": 846000, "netIncomeApplicableToCommonShares": 846000}], "maxAge": 86400}, "cashflowStatementHistoryQuarterly": {"cashflowStatements": [{"maxAge": 1, "endDate": "2020-06-30", "netIncome": 849000, "changeToLiabilities": 0}, {"maxAge": 1, "endDate": "2020-03-31", "netIncome": 36000, "changeToLiabilities": 0}, {"maxAge": 1, "endDate": "2019-12-31", "netIncome": 1102000, "changeToLiabilities": 0}, {"maxAge": 1, "endDate": "2019-09-30", "netIncome": 846000, "changeToLiabilities": 0}], "maxAge": 86400}, "insiderHolders": {"holders": [], "maxAge": 1}, "calendarEvents": {"maxAge": 1, "earnings": {"earningsDate": []}}, "upgradeDowngradeHistory": {"history": [], "maxAge": 86400}, "price": {"maxAge": 1, "regularMarketChangePercent": -0.03230438, "regularMarketChange": -2.25, "regularMarketTime": "2021-04-30 15:59:37", "priceHint": 2, "regularMarketPrice": 67.4, "regularMarketDayHigh": 72.5, "regularMarketDayLow": 62.3, "regularMarketVolume": 68269, "averageDailyVolume10Day": 50277, "averageDailyVolume3Month": 61988, "regularMarketPreviousClose": 69.65, "regularMarketSource": "FREE_REALTIME", "regularMarketOpen": 72.5, "exchange": "BSE", "exchangeName": "BSE", "exchangeDataDelayedBy": 0, "marketState": "CLOSED", "quoteType": "EQUITY", "symbol": "OZONEWORLD.BO", "underlyingSymbol": null, "shortName": "Ozone World Limited", "longName": "Ozone World Limited", "currency": "INR", "quoteSourceName": "Delayed Quote", "currencySymbol": "\u20b9", "fromCurrency": null, "lastMarket": null, "marketCap": 249320016}, "balanceSheetHistory": {"balanceSheetStatements": [{"maxAge": 1, "endDate": "2020-03-31", "cash": 85000, "netReceivables": 140000, "otherCurrentAssets": 1276000, "totalCurrentAssets": 1501000, "otherAssets": 57793000, "deferredLongTermAssetCharges": 1700, "totalAssets": 59294000, "accountsPayable": 91000, "otherCurrentLiab": 8000, "otherLiab": 1000, "totalCurrentLiabilities": 1099000, "totalLiab": 1100000, "commonStock": 36991000, "treasuryStock": 21203000, "otherStockholderEquity": 21203000, "totalStockholderEquity": 58194000, "netTangibleAssets": 58194000}, {"maxAge": 1, "endDate": "2019-03-31", "cash": 52544, "netReceivables": 166000, "otherCurrentAssets": 777734, "totalCurrentAssets": 996278, "otherAssets": 55639591, "deferredLongTermAssetCharges": 1685, "totalAssets": 56635869, "accountsPayable": 30000, "otherCurrentLiab": 8205, "otherLiab": 601812, "totalCurrentLiabilities": 979205, "totalLiab": 1581017, "commonStock": 36991140, "retainedEarnings": 16978212, "treasuryStock": 1085500, "otherStockholderEquity": 1085500, "totalStockholderEquity": 55054852, "netTangibleAssets": 55054852}, {"maxAge": 1, "endDate": "2018-03-31", "cash": 354623, "netReceivables": 194000, "otherCurrentAssets": 687496, "totalCurrentAssets": 1236119, "otherAssets": 52808362, "deferredLongTermAssetCharges": 1685, "totalAssets": 54044481, "accountsPayable": 30000, "otherCurrentLiab": 8606, "otherLiab": 1501812, "totalCurrentLiabilities": 988606, "totalLiab": 2490418, "commonStock": 36991140, "retainedEarnings": 13477423, "treasuryStock": 1085500, "otherStockholderEquity": 1085500, "totalStockholderEquity": 51554063, "netTangibleAssets": 51554063}, {"maxAge": 1, "endDate": "2017-03-31", "cash": 175902, "netReceivables": 199000, "otherCurrentAssets": 1511126, "totalCurrentAssets": 1886028, "longTermInvestments": 1800000, "propertyPlantEquipment": 616, "otherAssets": 50787136, "deferredLongTermAssetCharges": 1685, "totalAssets": 54473780, "otherCurrentLiab": 1056304, "otherLiab": 1501812, "totalCurrentLiabilities": 1056304, "totalLiab": 2558116, "commonStock": 36991140, "retainedEarnings": 13839024, "treasuryStock": 1085500, "otherStockholderEquity": 1085500, "totalStockholderEquity": 51915664, "netTangibleAssets": 51915664}], "maxAge": 86400}, "financialData": {"maxAge": 86400, "currentPrice": 67.4, "recommendationKey": "none", "grossProfits": 6421000, "financialCurrency": "INR"}}}