{"PACIFICI.BO": {"recommendationTrend": {"trend": [{"period": "0m", "strongBuy": 0, "buy": 0, "hold": 0, "sell": 0, "strongSell": 0}, {"period": "-1m", "strongBuy": 0, "buy": 0, "hold": 0, "sell": 0, "strongSell": 0}, {"period": "-2m", "strongBuy": 0, "buy": 0, "hold": 0, "sell": 0, "strongSell": 0}, {"period": "-3m", "strongBuy": 0, "buy": 0, "hold": 0, "sell": 0, "strongSell": 0}], "maxAge": 86400}, "cashflowStatementHistory": {"cashflowStatements": [{"maxAge": 1, "endDate": "2020-03-31", "netIncome": 4456000, "depreciation": 71226000, "changeToNetincome": -17696000, "changeToAccountReceivables": 137377000, "changeToLiabilities": -99702000, "changeToInventory": -95610000, "changeToOperatingActivities": -43558000, "totalCashFromOperatingActivities": -43507000, "capitalExpenditures": -124763000, "investments": -299792000, "otherCashflowsFromInvestingActivities": -102428000, "totalCashflowsFromInvestingActivities": -166282000, "netBorrowings": -1424000, "otherCashflowsFromFinancingActivities": -31252000, "totalCashFromFinancingActivities": 216608000, "changeInCash": 6820000, "issuanceOfStock": 249284000}, {"maxAge": 1, "endDate": "2019-03-31", "netIncome": -1237000, "depreciation": 43522000, "changeToNetincome": -27959000, "changeToAccountReceivables": 37127000, "changeToLiabilities": -89582000, "changeToInventory": 92392000, "changeToOperatingActivities": 817962000, "totalCashFromOperatingActivities": 872227000, "capitalExpenditures": -509381000, "investments": -389259000, "otherCashflowsFromInvestingActivities": 15603000, "totalCashflowsFromInvestingActivities": -794932000, "netBorrowings": -66763000, "otherCashflowsFromFinancingActivities": -12707000, "totalCashFromFinancingActivities": -79470000, "changeInCash": -2176000, "issuanceOfStock": 249284000}, {"maxAge": 1, "endDate": "2018-03-31", "netIncome": 3522000, "depreciation": 33349000, "changeToNetincome": 23731000, "changeToAccountReceivables": -92087000, "changeToLiabilities": 64313000, "changeToInventory": 10514000, "changeToOperatingActivities": 546442000, "totalCashFromOperatingActivities": 591003000, "capitalExpenditures": -97092000, "investments": -258135000, "otherCashflowsFromInvestingActivities": 1091000, "totalCashflowsFromInvestingActivities": -636954000, "netBorrowings": 53050000, "otherCashflowsFromFinancingActivities": -25317000, "totalCashFromFinancingActivities": 27733000, "changeInCash": -18218000, "issuanceOfStock": 249284000}, {"maxAge": 1, "endDate": "2017-03-31", "netIncome": 5295000, "depreciation": 36838000, "changeToNetincome": -16229000, "changeToAccountReceivables": 211267000, "changeToLiabilities": -187558000, "changeToInventory": -35992000, "changeToOperatingActivities": -1259671000, "totalCashFromOperatingActivities": -1246047000, "capitalExpenditures": -39957000, "investments": 1216729000, "otherCashflowsFromInvestingActivities": 53445000, "totalCashflowsFromInvestingActivities": 1237324000, "netBorrowings": 37867000, "otherCashflowsFromFinancingActivities": -12007000, "totalCashFromFinancingActivities": 25860000, "changeInCash": 17138000, "issuanceOfStock": 249284000}], "maxAge": 86400}, "institutionOwnership": {"ownershipList": [], "maxAge": 1}, "balanceSheetHistoryQuarterly": {"balanceSheetStatements": [{"maxAge": 1, "endDate": "2020-06-30", "totalStockholderEquity": 3402262000, "netTangibleAssets": 3402260000}, {"maxAge": 1, "endDate": "2020-03-31", "cash": 97874000, "shortTermInvestments": 192551000, "netReceivables": 652439000, "inventory": 558466000, "otherCurrentAssets": 201219000, "totalCurrentAssets": 1702549000, "longTermInvestments": 1270456000, "propertyPlantEquipment": 883181000, "intangibleAssets": 2000, "otherAssets": 378386000, "totalAssets": 4234574000, "accountsPayable": 288136000, "otherCurrentLiab": 149374000, "longTermDebt": 223664000, "otherLiab": 21574000, "deferredLongTermLiab": 168355000, "totalCurrentLiabilities": 587074000, "totalLiab": 832312000, "commonStock": 34463000, "treasuryStock": 3367799000, "otherStockholderEquity": 3367799000, "totalStockholderEquity": 3402262000, "netTangibleAssets": 3402260000}, {"maxAge": 1, "endDate": "2019-12-31", "totalStockholderEquity": 3451415000, "netTangibleAssets": 3451413000}, {"maxAge": 1, "endDate": "2019-09-30", "cash": 114343000, "shortTermInvestments": 272242000, "netReceivables": 1114462000, "inventory": 523435000, "otherCurrentAssets": 167709000, "totalCurrentAssets": 2192191000, "longTermInvestments": 1164485000, "propertyPlantEquipment": 913754000, "intangibleAssets": 2000, "otherAssets": 704273000, "totalAssets": 4974705000, "accountsPayable": 465867000, "otherCurrentLiab": 134376000, "longTermDebt": 683841000, "otherLiab": 18554000, "deferredLongTermLiab": 168089000, "totalCurrentLiabilities": 820895000, "totalLiab": 1523290000, "commonStock": 34463000, "treasuryStock": 3416952000, "otherStockholderEquity": 3416952000, "totalStockholderEquity": 3451415000, "netTangibleAssets": 3451413000}], "maxAge": 86400}, "earningsHistory": {"history": [{"maxAge": 1, "epsActual": {}, "epsEstimate": {}, "epsDifference": {}, "surprisePercent": {}, "quarter": {}, "period": "-4q"}, {"maxAge": 1, "epsActual": {}, "epsEstimate": {}, "epsDifference": {}, "surprisePercent": {}, "quarter": {}, "period": "-3q"}, {"maxAge": 1, "epsActual": {}, "epsEstimate": {}, "epsDifference": {}, "surprisePercent": {}, "quarter": {}, "period": "-2q"}, {"maxAge": 1, "epsActual": {}, "epsEstimate": {}, "epsDifference": {}, "surprisePercent": {}, "quarter": {}, "period": "-1q"}], "maxAge": 86400}, "indexTrend": {"maxAge": 1, "symbol": "SP5", "peRatio": 19.7411, "pegRatio": 1.34172, "estimates": [{"period": "0q", "growth": 0.549}, {"period": "+1q", "growth": 0.431}, {"period": "0y", "growth": 0.305}, {"period": "+1y", "growth": 0.109}, {"period": "+5y", "growth": 0.120859005}, {"period": "-5y"}]}, "industryTrend": {"maxAge": 1, "symbol": null, "estimates": []}, "insiderTransactions": {"transactions": [{"maxAge": 1, "shares": 153301, "filerUrl": "", "transactionText": "", "filerName": "Agarwal (Ankit)", "filerRelation": "Promoter", "moneyText": "", "startDate": "2019-08-26", "ownership": "D"}, {"maxAge": 1, "shares": 310153, "filerUrl": "", "transactionText": "", "filerName": "Agarwal (Geeta Devi)", "filerRelation": "Non-Independent Non-Executive Director", "moneyText": "", "startDate": "2019-08-26", "ownership": "D"}, {"maxAge": 1, "shares": 217765, "filerUrl": "", "transactionText": "", "filerName": "Agarwal (Jagdish Prasad)", "filerRelation": "Executive Chairman", "moneyText": "", "startDate": "2019-08-26", "ownership": "D"}, {"maxAge": 1, "shares": 140588, "filerUrl": "", "transactionText": "", "filerName": "Agarwal (Kanika)", "filerRelation": "Promoter", "moneyText": "", "startDate": "2019-08-26", "ownership": "D"}, {"maxAge": 1, "shares": 240234, "filerUrl": "", "transactionText": "", "filerName": "Agarwal (Kapil)", "filerRelation": "Wholetime Director", "moneyText": "", "startDate": "2019-08-26", "ownership": "D"}, {"maxAge": 1, "shares": 149645, "filerUrl": "", "transactionText": "", "filerName": "Agarwal (Shruti)", "filerRelation": "Promoter", "moneyText": "", "startDate": "2019-08-26", "ownership": "D"}, {"maxAge": 1, "shares": 743000, "filerUrl": "", "transactionText": "", "filerName": "Rahul Marbles Pvt Ltd", "filerRelation": "Promoter", "moneyText": "", "startDate": "2019-08-26", "ownership": "D"}, {"maxAge": 1, "shares": 6803, "filerUrl": "", "transactionText": "", "filerName": "Agarwal (Shruti)", "filerRelation": "Promoter", "moneyText": "", "startDate": "2015-07-19", "ownership": "D"}, {"maxAge": 1, "shares": 0, "filerUrl": "", "transactionText": "", "filerName": "Agarwal (Kanika)", "filerRelation": "Promoter", "moneyText": "", "startDate": "2015-07-17", "ownership": "I"}, {"maxAge": 1, "shares": 6000, "filerUrl": "", "transactionText": "", "filerName": "Agarwal (Kanika)", "filerRelation": "Promoter", "moneyText": "", "startDate": "2015-06-17", "ownership": "D"}], "maxAge": 1}, "quoteType": {"exchange": "BSE", "quoteType": "EQUITY", "symbol": "PACIFICI.BO", "underlyingSymbol": "PACIFICI.BO", "shortName": "PACIFIC INDUSTRIES LTD.", "longName": "Pacific Industries Limited", "firstTradeDateEpochUtc": "2009-05-25 09:15:00", "timeZoneFullName": "Asia/Kolkata", "timeZoneShortName": "IST", "uuid": "69c40c96-0fe0-3b02-bc57-18cf863a17a4", "gmtOffSetMilliseconds": 19800000, "maxAge": 1}, "incomeStatementHistory": {"incomeStatementHistory": [{"maxAge": 1, "endDate": "2020-03-31", "totalRevenue": 988352000, "costOfRevenue": 662424000, "grossProfit": 325928000, "researchDevelopment": {}, "sellingGeneralAdministrative": 107579000, "nonRecurring": {}, "otherOperatingExpenses": 211879000, "totalOperatingExpenses": 1053108000, "operatingIncome": -64756000, "totalOtherIncomeExpenseNet": 70885000, "ebit": -64756000, "interestExpense": -31252000, "incomeBeforeTax": 6129000, "incomeTaxExpense": 1673000, "minorityInterest": {}, "netIncomeFromContinuingOps": 4456000, "discontinuedOperations": {}, "extraordinaryItems": {}, "effectOfAccountingCharges": {}, "otherItems": {}, "netIncome": 4456000, "netIncomeApplicableToCommonShares": 4456000}, {"maxAge": 1, "endDate": "2019-03-31", "totalRevenue": 1020619000, "costOfRevenue": 571734000, "grossProfit": 448885000, "researchDevelopment": {}, "sellingGeneralAdministrative": 97660000, "nonRecurring": {}, "otherOperatingExpenses": 348345000, "totalOperatingExpenses": 1061263000, "operatingIncome": -40644000, "totalOtherIncomeExpenseNet": 42942000, "ebit": -40644000, "interestExpense": -12707000, "incomeBeforeTax": 2298000, "incomeTaxExpense": 3535000, "minorityInterest": {}, "netIncomeFromContinuingOps": -1237000, "discontinuedOperations": {}, "extraordinaryItems": {}, "effectOfAccountingCharges": {}, "otherItems": {}, "netIncome": -1237000, "netIncomeApplicableToCommonShares": -1237000}, {"maxAge": 1, "endDate": "2018-03-31", "totalRevenue": 676709000, "costOfRevenue": 253402000, "grossProfit": 423307000, "researchDevelopment": {}, "sellingGeneralAdministrative": 91710000, "nonRecurring": {}, "otherOperatingExpenses": 268070000, "totalOperatingExpenses": 646531000, "operatingIncome": 30178000, "totalOtherIncomeExpenseNet": -23730000, "ebit": 30178000, "interestExpense": -25316000, "incomeBeforeTax": 6448000, "incomeTaxExpense": 2926000, "minorityInterest": {}, "netIncomeFromContinuingOps": 3522000, "discontinuedOperations": {}, "extraordinaryItems": {}, "effectOfAccountingCharges": {}, "otherItems": {}, "netIncome": 3522000, "netIncomeApplicableToCommonShares": 3522000}, {"maxAge": 1, "endDate": "2017-03-31", "totalRevenue": 950245000, "costOfRevenue": 564261000, "grossProfit": 385984000, "researchDevelopment": {}, "sellingGeneralAdministrative": 81077000, "nonRecurring": {}, "otherOperatingExpenses": 278815000, "totalOperatingExpenses": 960994000, "operatingIncome": -10749000, "totalOtherIncomeExpenseNet": 17506000, "ebit": -10749000, "interestExpense": -12008000, "incomeBeforeTax": 6757000, "incomeTaxExpense": 1462000, "minorityInterest": {}, "netIncomeFromContinuingOps": 5295000, "discontinuedOperations": {}, "extraordinaryItems": {}, "effectOfAccountingCharges": {}, "otherItems": {}, "netIncome": 5295000, "netIncomeApplicableToCommonShares": 5295000}], "maxAge": 86400}, "fundOwnership": {"ownershipList": [], "maxAge": 1}, "summaryDetail": {"maxAge": 1, "priceHint": 2, "previousClose": 180.7, "open": 176.95, "dayLow": 176.95, "dayHigh": 190.0, "regularMarketPreviousClose": 180.7, "regularMarketOpen": 176.95, "regularMarketDayLow": 176.95, "regularMarketDayHigh": 190.0, "trailingPE": 50.8044, "volume": 186, "regularMarketVolume": 186, "averageVolume": 3983, "averageVolume10days": 93, "averageDailyVolume10Day": 93, "bid": 180.0, "ask": 189.0, "bidSize": 0, "askSize": 0, "marketCap": 620337600, "fiftyTwoWeekLow": 66.5, "fiftyTwoWeekHigh": 224.0, "fiftyDayAverage": 192.7106, "twoHundredDayAverage": 146.44301, "currency": "INR", "fromCurrency": null, "lastMarket": null, "algorithm": null, "tradeable": false}, "sectorTrend": {"maxAge": 1, "symbol": null, "estimates": []}, "incomeStatementHistoryQuarterly": {"incomeStatementHistory": [{"maxAge": 1, "endDate": "2020-06-30", "totalRevenue": 247368000, "costOfRevenue": 142812000, "grossProfit": 104556000, "researchDevelopment": {}, "sellingGeneralAdministrative": 21813000, "nonRecurring": {}, "otherOperatingExpenses": 52883000, "totalOperatingExpenses": 235727000, "operatingIncome": 11641000, "totalOtherIncomeExpenseNet": 8421000, "ebit": 11641000, "interestExpense": -7107000, "incomeBeforeTax": 20062000, "incomeTaxExpense": 4219000, "minorityInterest": {}, "netIncomeFromContinuingOps": 15843000, "discontinuedOperations": {}, "extraordinaryItems": {}, "effectOfAccountingCharges": {}, "otherItems": {}, "netIncome": 15843000, "netIncomeApplicableToCommonShares": 15843000}, {"maxAge": 1, "endDate": "2020-03-31", "totalRevenue": 225554000, "costOfRevenue": 148618000, "grossProfit": 76936000, "researchDevelopment": {}, "sellingGeneralAdministrative": 26986000, "nonRecurring": {}, "otherOperatingExpenses": 89054000, "totalOperatingExpenses": 285166000, "operatingIncome": -59612000, "totalOtherIncomeExpenseNet": 11388000, "ebit": -59612000, "interestExpense": -11942000, "incomeBeforeTax": -48224000, "incomeTaxExpense": -14313000, "minorityInterest": {}, "netIncomeFromContinuingOps": -33911000, "discontinuedOperations": {}, "extraordinaryItems": {}, "effectOfAccountingCharges": {}, "otherItems": {}, "netIncome": -33911000, "netIncomeApplicableToCommonShares": -33911000}, {"maxAge": 1, "endDate": "2019-12-31", "totalRevenue": 186488000, "costOfRevenue": 113867000, "grossProfit": 72621000, "researchDevelopment": {}, "sellingGeneralAdministrative": 26754000, "nonRecurring": {}, "otherOperatingExpenses": 42843000, "totalOperatingExpenses": 203154000, "operatingIncome": -16666000, "totalOtherIncomeExpenseNet": 22586000, "ebit": -16666000, "interestExpense": -8070000, "incomeBeforeTax": 5920000, "incomeTaxExpense": 2391000, "minorityInterest": {}, "netIncomeFromContinuingOps": 3529000, "discontinuedOperations": {}, "extraordinaryItems": {}, "effectOfAccountingCharges": {}, "otherItems": {}, "netIncome": 3529000, "netIncomeApplicableToCommonShares": 3529000}, {"maxAge": 1, "endDate": "2019-09-30", "totalRevenue": 291651000, "costOfRevenue": 204240000, "grossProfit": 87411000, "researchDevelopment": {}, "sellingGeneralAdministrative": 28150000, "nonRecurring": {}, "otherOperatingExpenses": 32366000, "totalOperatingExpenses": 282860000, "operatingIncome": 8791000, "totalOtherIncomeExpenseNet": 24870000, "ebit": 8791000, "interestExpense": -8037000, "incomeBeforeTax": 33661000, "incomeTaxExpense": 8034000, "minorityInterest": {}, "netIncomeFromContinuingOps": 25627000, "discontinuedOperations": {}, "extraordinaryItems": {}, "effectOfAccountingCharges": {}, "otherItems": {}, "netIncome": 25627000, "netIncomeApplicableToCommonShares": 25627000}], "maxAge": 86400}, "cashflowStatementHistoryQuarterly": {"cashflowStatements": [{"maxAge": 1, "endDate": "2020-06-30", "netIncome": 15843000, "changeToLiabilities": 0}, {"maxAge": 1, "endDate": "2020-03-31", "netIncome": -33911000, "changeToLiabilities": 0}, {"maxAge": 1, "endDate": "2019-12-31", "netIncome": 3529000, "changeToLiabilities": 0}, {"maxAge": 1, "endDate": "2019-09-30", "netIncome": 25627000, "changeToLiabilities": 0}], "maxAge": 86400}, "insiderHolders": {"holders": [{"maxAge": 1, "name": "Agarwal (Ankit)", "relation": "Promoter", "url": "", "transactionDescription": "Other", "latestTransDate": "2019-08-26", "positionDirect": 171560, "positionDirectDate": "2019-08-26"}, {"maxAge": 1, "name": "Agarwal (Geeta Devi)", "relation": "Non-Independent Non-Executive Director", "url": "", "transactionDescription": "Other", "latestTransDate": "2019-08-26", "positionDirect": 500574, "positionDirectDate": "2019-08-26"}, {"maxAge": 1, "name": "Agarwal (Jagdish Prasad)", "relation": "Executive Chairman", "url": "", "transactionDescription": "Other", "latestTransDate": "2019-08-26", "positionDirect": 260101, "positionDirectDate": "2019-08-26"}, {"maxAge": 1, "name": "Agarwal (Kanika)", "relation": "Promoter", "url": "", "transactionDescription": "Other", "latestTransDate": "2019-08-26", "positionDirect": 164838, "positionDirectDate": "2019-08-26"}, {"maxAge": 1, "name": "Agarwal (Kapil)", "relation": "Wholetime Director", "url": "", "transactionDescription": "Other", "latestTransDate": "2019-08-26", "positionDirect": 375869, "positionDirectDate": "2019-08-26"}, {"maxAge": 1, "name": "Agarwal (Shruti)", "relation": "Promoter", "url": "", "transactionDescription": "Other", "latestTransDate": "2019-08-26", "positionDirect": 170698, "positionDirectDate": "2019-08-26"}, {"maxAge": 1, "name": "Rahul Marbles Pvt Ltd", "relation": "Promoter", "url": "", "transactionDescription": "Other", "latestTransDate": "2019-08-26", "positionDirect": 803000, "positionDirectDate": "2019-08-26"}], "maxAge": 1}, "earnings": {"maxAge": 86400, "earningsChart": {"quarterly": [], "earningsDate": []}, "financialsChart": {"yearly": [{"date": 2017, "revenue": 950245000, "earnings": 5295000}, {"date": 2018, "revenue": 676709000, "earnings": 3522000}, {"date": 2019, "revenue": 1020619000, "earnings": -1237000}, {"date": 2020, "revenue": 988352000, "earnings": 4456000}], "quarterly": [{"date": "3Q2019", "revenue": 291651000, "earnings": 25627000}, {"date": "4Q2019", "revenue": 186488000, "earnings": 3529000}, {"date": "1Q2020", "revenue": 225554000, "earnings": -33911000}, {"date": "2Q2020", "revenue": 247368000, "earnings": 15843000}]}, "financialCurrency": "INR"}, "calendarEvents": {"maxAge": 1, "earnings": {"earningsDate": []}}, "upgradeDowngradeHistory": {"history": [], "maxAge": 86400}, "price": {"maxAge": 1, "regularMarketChangePercent": -0.0038738071, "regularMarketChange": -0.69999695, "regularMarketTime": "2021-04-30 10:24:00", "priceHint": 2, "regularMarketPrice": 180.0, "regularMarketDayHigh": 190.0, "regularMarketDayLow": 176.95, "regularMarketVolume": 186, "averageDailyVolume10Day": 93, "averageDailyVolume3Month": 3983, "regularMarketPreviousClose": 180.7, "regularMarketSource": "FREE_REALTIME", "regularMarketOpen": 176.95, "exchange": "BSE", "exchangeName": "BSE", "exchangeDataDelayedBy": 0, "marketState": "CLOSED", "quoteType": "EQUITY", "symbol": "PACIFICI.BO", "underlyingSymbol": null, "shortName": "PACIFIC INDUSTRIES LTD.", "longName": "Pacific Industries Limited", "currency": "INR", "quoteSourceName": "Delayed Quote", "currencySymbol": "\u20b9", "fromCurrency": null, "lastMarket": null, "marketCap": 620337600}, "balanceSheetHistory": {"balanceSheetStatements": [{"maxAge": 1, "endDate": "2020-03-31", "cash": 97874000, "shortTermInvestments": 192551000, "netReceivables": 652439000, "inventory": 558466000, "otherCurrentAssets": 201219000, "totalCurrentAssets": 1702549000, "longTermInvestments": 1270456000, "propertyPlantEquipment": 883181000, "intangibleAssets": 2000, "otherAssets": 378386000, "totalAssets": 4234574000, "accountsPayable": 288136000, "otherCurrentLiab": 149374000, "longTermDebt": 223664000, "otherLiab": 21574000, "deferredLongTermLiab": 168355000, "totalCurrentLiabilities": 587074000, "totalLiab": 832312000, "commonStock": 34463000, "treasuryStock": 3367799000, "otherStockholderEquity": 3367799000, "totalStockholderEquity": 3402262000, "netTangibleAssets": 3402260000}, {"maxAge": 1, "endDate": "2019-03-31", "cash": 15396000, "shortTermInvestments": 50000, "netReceivables": 1075643000, "inventory": 462856000, "otherCurrentAssets": 172067000, "totalCurrentAssets": 1971242000, "longTermInvestments": 919622000, "propertyPlantEquipment": 830085000, "otherAssets": 591254000, "totalAssets": 4312203000, "accountsPayable": 375357000, "shortLongTermDebt": 23712000, "otherCurrentLiab": 353959000, "longTermDebt": 223499000, "otherLiab": 18741000, "deferredLongTermLiab": 21924000, "totalCurrentLiabilities": 916461000, "totalLiab": 1158701000, "commonStock": 13515000, "retainedEarnings": 608063000, "treasuryStock": 2531924000, "otherStockholderEquity": 2531924000, "totalStockholderEquity": 3153502000, "netTangibleAssets": 3153502000}, {"maxAge": 1, "endDate": "2018-03-31", "cash": 17572000, "shortTermInvestments": 50000, "netReceivables": 1743364000, "inventory": 555248000, "otherCurrentAssets": 125126000, "totalCurrentAssets": 2531034000, "longTermInvestments": 679788000, "propertyPlantEquipment": 371988000, "intangibleAssets": 2000, "otherAssets": 667494000, "totalAssets": 4250306000, "accountsPayable": 464987000, "shortLongTermDebt": 41522000, "otherCurrentLiab": 143891000, "longTermDebt": 253782000, "otherLiab": 20449000, "deferredLongTermLiab": 17427000, "totalCurrentLiabilities": 826512000, "totalLiab": 1100743000, "commonStock": 13515000, "retainedEarnings": 610964000, "treasuryStock": 2525083000, "otherStockholderEquity": 2525083000, "totalStockholderEquity": 3149562000, "netTangibleAssets": 3149560000}, {"maxAge": 1, "endDate": "2017-03-31", "cash": 35789000, "shortTermInvestments": 813000, "netReceivables": 2139190000, "inventory": 565762000, "otherCurrentAssets": 74034000, "totalCurrentAssets": 2847333000, "longTermInvestments": 534920000, "propertyPlantEquipment": 310616000, "intangibleAssets": 3000, "otherAssets": 375278000, "totalAssets": 4068150000, "accountsPayable": 401479000, "shortLongTermDebt": 29839000, "otherCurrentLiab": 75418000, "longTermDebt": 250987000, "otherLiab": 18771000, "deferredLongTermLiab": 10109000, "totalCurrentLiabilities": 646604000, "totalLiab": 916362000, "commonStock": 13515000, "retainedEarnings": 607442000, "treasuryStock": 2530831000, "otherStockholderEquity": 2530831000, "totalStockholderEquity": 3151788000, "netTangibleAssets": 3151785000}], "maxAge": 86400}, "earningsTrend": {"trend": [{"maxAge": 1, "period": "0q", "endDate": null, "growth": {}, "earningsEstimate": {"avg": 0.0, "low": 0.0, "high": 0.0, "yearAgoEps": {}, "numberOfAnalysts": 0, "growth": {}}, "revenueEstimate": {"avg": 0, "low": 0, "high": 0, "numberOfAnalysts": 0, "yearAgoRevenue": {}, "growth": {}}, "epsTrend": {"current": 0.0, "7daysAgo": 0.0, "30daysAgo": 0.0, "60daysAgo": 0.0, "90daysAgo": 0.0}, "epsRevisions": {"upLast7days": 0, "upLast30days": 0, "downLast30days": 0, "downLast90days": {}}}, {"maxAge": 1, "period": "+1q", "endDate": null, "growth": {}, "earningsEstimate": {"avg": 0.0, "low": 0.0, "high": 0.0, "yearAgoEps": {}, "numberOfAnalysts": 0, "growth": {}}, "revenueEstimate": {"avg": 0, "low": 0, "high": 0, "numberOfAnalysts": 0, "yearAgoRevenue": {}, "growth": {}}, "epsTrend": {"current": 0.0, "7daysAgo": 0.0, "30daysAgo": 0.0, "60daysAgo": 0.0, "90daysAgo": 0.0}, "epsRevisions": {"upLast7days": 0, "upLast30days": 0, "downLast30days": 0, "downLast90days": {}}}, {"maxAge": 1, "period": "0y", "endDate": null, "growth": {}, "earningsEstimate": {"avg": 0.0, "low": 0.0, "high": 0.0, "yearAgoEps": {}, "numberOfAnalysts": 0, "growth": {}}, "revenueEstimate": {"avg": 0, "low": 0, "high": 0, "numberOfAnalysts": 0, "yearAgoRevenue": {}, "growth": {}}, "epsTrend": {"current": 0.0, "7daysAgo": 0.0, "30daysAgo": 0.0, "60daysAgo": 0.0, "90daysAgo": 0.0}, "epsRevisions": {"upLast7days": 0, "upLast30days": 0, "downLast30days": 0, "downLast90days": {}}}, {"maxAge": 1, "period": "+1y", "endDate": null, "growth": {}, "earningsEstimate": {"avg": 0.0, "low": 0.0, "high": 0.0, "yearAgoEps": {}, "numberOfAnalysts": 0, "growth": {}}, "revenueEstimate": {"avg": 0, "low": 0, "high": 0, "numberOfAnalysts": 0, "yearAgoRevenue": {}, "growth": {}}, "epsTrend": {"current": 0.0, "7daysAgo": 0.0, "30daysAgo": 0.0, "60daysAgo": 0.0, "90daysAgo": 0.0}, "epsRevisions": {"upLast7days": 0, "upLast30days": 0, "downLast30days": 0, "downLast90days": {}}}, {"maxAge": 1, "period": "+5y", "endDate": null, "growth": {}, "earningsEstimate": {"avg": {}, "low": {}, "high": {}, "yearAgoEps": {}, "numberOfAnalysts": {}, "growth": {}}, "revenueEstimate": {"avg": {}, "low": {}, "high": {}, "numberOfAnalysts": {}, "yearAgoRevenue": {}, "growth": {}}, "epsTrend": {"current": {}, "7daysAgo": {}, "30daysAgo": {}, "60daysAgo": {}, "90daysAgo": {}}, "epsRevisions": {"upLast7days": {}, "upLast30days": {}, "downLast30days": {}, "downLast90days": {}}}, {"maxAge": 1, "period": "-5y", "endDate": null, "growth": {}, "earningsEstimate": {"avg": {}, "low": {}, "high": {}, "yearAgoEps": {}, "numberOfAnalysts": {}, "growth": {}}, "revenueEstimate": {"avg": {}, "low": {}, "high": {}, "numberOfAnalysts": {}, "yearAgoRevenue": {}, "growth": {}}, "epsTrend": {"current": {}, "7daysAgo": {}, "30daysAgo": {}, "60daysAgo": {}, "90daysAgo": {}}, "epsRevisions": {"upLast7days": {}, "upLast30days": {}, "downLast30days": {}, "downLast90days": {}}}], "maxAge": 1}, "financialData": {"maxAge": 86400, "currentPrice": 180.0, "targetHighPrice": 147.0, "targetLowPrice": 147.0, "targetMeanPrice": 147.0, "targetMedianPrice": 147.0, "recommendationKey": "none", "numberOfAnalystOpinions": 1, "grossProfits": 325928000, "financialCurrency": "INR"}}}