{"PACL.BO": {"cashflowStatementHistory": {"cashflowStatements": [{"maxAge": 1, "endDate": "2020-03-31", "netIncome": 88047000, "depreciation": 98179000, "changeToNetincome": -696000, "changeToAccountReceivables": 2721000, "changeToLiabilities": 10183000, "changeToInventory": 3107000, "changeToOperatingActivities": 37710000, "totalCashFromOperatingActivities": 272817000, "capitalExpenditures": -924831000, "otherCashflowsFromInvestingActivities": -19648000, "totalCashflowsFromInvestingActivities": -820228000, "otherCashflowsFromFinancingActivities": -31752000, "totalCashFromFinancingActivities": -31752000, "changeInCash": -579163000}, {"maxAge": 1, "endDate": "2019-03-31", "netIncome": 558603000, "depreciation": 111241000, "changeToNetincome": 21055000, "changeToAccountReceivables": -8913000, "changeToLiabilities": 93923000, "changeToInventory": 6962000, "changeToOperatingActivities": -290888000, "totalCashFromOperatingActivities": 543624000, "capitalExpenditures": -353282000, "otherCashflowsFromInvestingActivities": -9683000, "totalCashflowsFromInvestingActivities": -355350000, "otherCashflowsFromFinancingActivities": -31752000, "totalCashFromFinancingActivities": -31752000, "changeInCash": 156522000}, {"maxAge": 1, "endDate": "2018-03-31", "netIncome": -48220000, "depreciation": 56444000, "changeToNetincome": 36832000, "changeToAccountReceivables": 5621000, "changeToLiabilities": -52227000, "changeToInventory": -7253000, "changeToOperatingActivities": 405043000, "totalCashFromOperatingActivities": 430971000, "capitalExpenditures": -49215000, "otherCashflowsFromInvestingActivities": 7459000, "totalCashflowsFromInvestingActivities": -33315000, "netBorrowings": 40563000, "otherCashflowsFromFinancingActivities": -79532000, "totalCashFromFinancingActivities": -38969000, "changeInCash": 358687000}, {"maxAge": 1, "endDate": "2017-03-31", "netIncome": -243210000, "depreciation": 51131000, "changeToNetincome": -29950000, "changeToAccountReceivables": -2581000, "changeToLiabilities": -32643000, "changeToInventory": -4806000, "changeToOperatingActivities": 317608000, "totalCashFromOperatingActivities": 85297000, "capitalExpenditures": -52480000, "otherCashflowsFromInvestingActivities": -55728000, "totalCashflowsFromInvestingActivities": -108208000, "netBorrowings": -153379000, "otherCashflowsFromFinancingActivities": -79532000, "totalCashFromFinancingActivities": -1789000, "changeInCash": -24700000, "issuanceOfStock": 151590000}], "maxAge": 86400}, "institutionOwnership": {"maxAge": 1, "ownershipList": []}, "balanceSheetHistoryQuarterly": {"balanceSheetStatements": [{"maxAge": 1, "endDate": "2020-09-30", "cash": 72540000, "netReceivables": 123597000, "inventory": 63720000, "otherCurrentAssets": 66340000, "totalCurrentAssets": 326197000, "propertyPlantEquipment": 1822290000, "intangibleAssets": 853000, "otherAssets": 117389000, "deferredLongTermAssetCharges": 31238000, "totalAssets": 2266729000, "accountsPayable": 231514000, "otherCurrentLiab": 915738000, "otherLiab": 150313000, "totalCurrentLiabilities": 1437204000, "totalLiab": 1587517000, "commonStock": 271048000, "treasuryStock": 408164000, "otherStockholderEquity": 408164000, "totalStockholderEquity": 679212000, "netTangibleAssets": 678359000}, {"maxAge": 1, "endDate": "2020-06-30", "totalStockholderEquity": 704821000, "netTangibleAssets": 703676000}, {"maxAge": 1, "endDate": "2020-03-31", "cash": 87531000, "shortTermInvestments": 36107000, "netReceivables": 92894000, "inventory": 78695000, "otherCurrentAssets": 27125000, "totalCurrentAssets": 326646000, "propertyPlantEquipment": 1819450000, "intangibleAssets": 1145000, "otherAssets": 129815000, "deferredLongTermAssetCharges": 31238000, "totalAssets": 2277056000, "accountsPayable": 236539000, "otherCurrentLiab": 212412000, "otherLiab": 148242000, "deferredLongTermLiab": 39524000, "totalCurrentLiabilities": 1423993000, "totalLiab": 1572235000, "commonStock": 271408000, "retainedEarnings": -390390000, "treasuryStock": 379490000, "capitalSurplus": 444313000, "otherStockholderEquity": 379490000, "totalStockholderEquity": 704821000, "netTangibleAssets": 703676000}, {"maxAge": 1, "endDate": "2019-12-31", "totalStockholderEquity": 733896000, "netTangibleAssets": 732924000}], "maxAge": 86400}, "indexTrend": {"maxAge": 1, "symbol": "SP5", "peRatio": 19.7411, "pegRatio": 1.34172, "estimates": [{"period": "0q", "growth": 0.549}, {"period": "+1q", "growth": 0.431}, {"period": "0y", "growth": 0.305}, {"period": "+1y", "growth": 0.109}, {"period": "+5y", "growth": 0.120859005}, {"period": "-5y"}]}, "insiderTransactions": {"transactions": [{"maxAge": 1, "shares": 6005000, "value": 3686469, "filerUrl": "", "transactionText": "Other at price 0.61 per share.", "filerName": "Punjab State Industrial Development Corporation Ltd", "filerRelation": "UNREPORTED", "moneyText": "", "startDate": "2020-10-08", "ownership": "D"}, {"maxAge": 1, "shares": 900000, "value": 558630, "filerUrl": "", "transactionText": "Sale at price 0.62 per share.", "filerName": "Punjab State Industrial Development Corporation Ltd", "filerRelation": "Promoter", "moneyText": "", "startDate": "2020-09-28", "ownership": "D"}, {"maxAge": 1, "shares": 2000000, "value": 1238200, "filerUrl": "", "transactionText": "Sale at price 0.62 per share.", "filerName": "Punjab State Industrial Development Corporation Ltd", "filerRelation": "Promoter", "moneyText": "", "startDate": "2020-09-25", "ownership": "D"}, {"maxAge": 1, "shares": 185000, "value": 114977, "filerUrl": "", "transactionText": "Sale at price 0.62 per share.", "filerName": "Punjab State Industrial Development Corporation Ltd", "filerRelation": "Promoter", "moneyText": "", "startDate": "2020-09-24", "ownership": "D"}], "maxAge": 1}, "quoteType": {"exchange": "BSE", "quoteType": "EQUITY", "symbol": "PACL.BO", "underlyingSymbol": "PACL.BO", "shortName": "PUNJAB ALKALIES & CHEMICALS LT", "longName": "Punjab Alkalies & Chemicals Limited", "firstTradeDateEpochUtc": "2000-03-08 09:15:00", "timeZoneFullName": "Asia/Kolkata", "timeZoneShortName": "IST", "uuid": "bfb5ceaa-e427-31e5-bf88-0608dd959e9a", "messageBoardId": null, "gmtOffSetMilliseconds": 19800000, "maxAge": 1}, "incomeStatementHistory": {"incomeStatementHistory": [{"maxAge": 1, "endDate": "2020-03-31", "totalRevenue": 2903887000, "costOfRevenue": 2135352000, "grossProfit": 768535000, "researchDevelopment": {}, "sellingGeneralAdministrative": 348323000, "nonRecurring": {}, "otherOperatingExpenses": 238886000, "totalOperatingExpenses": 2854306000, "operatingIncome": 49581000, "totalOtherIncomeExpenseNet": 132148000, "ebit": 49581000, "interestExpense": -51663000, "incomeBeforeTax": 181729000, "incomeTaxExpense": 93682000, "minorityInterest": {}, "netIncomeFromContinuingOps": 88047000, "discontinuedOperations": {}, "extraordinaryItems": {}, "effectOfAccountingCharges": {}, "otherItems": {}, "netIncome": 88047000, "netIncomeApplicableToCommonShares": 88047000}, {"maxAge": 1, "endDate": "2019-03-31", "totalRevenue": 3757336000, "costOfRevenue": 2413386000, "grossProfit": 1343950000, "researchDevelopment": {}, "sellingGeneralAdministrative": 275587000, "nonRecurring": {}, "otherOperatingExpenses": 269859000, "totalOperatingExpenses": 3121714000, "operatingIncome": 635622000, "totalOtherIncomeExpenseNet": -48073000, "ebit": 635622000, "interestExpense": -81134000, "incomeBeforeTax": 587549000, "incomeTaxExpense": 28946000, "minorityInterest": {}, "netIncomeFromContinuingOps": 558603000, "discontinuedOperations": {}, "extraordinaryItems": {}, "effectOfAccountingCharges": {}, "otherItems": {}, "netIncome": 558603000, "netIncomeApplicableToCommonShares": 558603000}, {"maxAge": 1, "endDate": "2018-03-31", "totalRevenue": 3336352000, "costOfRevenue": 2462018000, "grossProfit": 874334000, "researchDevelopment": {}, "sellingGeneralAdministrative": 289140000, "nonRecurring": {}, "otherOperatingExpenses": 283133000, "totalOperatingExpenses": 3125466000, "operatingIncome": 210886000, "totalOtherIncomeExpenseNet": -259106000, "ebit": 210886000, "interestExpense": -162315000, "incomeBeforeTax": -48220000, "incomeTaxExpense": 0, "minorityInterest": {}, "netIncomeFromContinuingOps": -48220000, "discontinuedOperations": {}, "extraordinaryItems": {}, "effectOfAccountingCharges": {}, "otherItems": {}, "netIncome": -48220000, "netIncomeApplicableToCommonShares": -48220000}, {"maxAge": 1, "endDate": "2017-03-31", "totalRevenue": 2685357000, "costOfRevenue": 2355036000, "grossProfit": 330321000, "researchDevelopment": {}, "sellingGeneralAdministrative": 480371000, "nonRecurring": {}, "otherOperatingExpenses": -12239000, "totalOperatingExpenses": 2904047000, "operatingIncome": -218690000, "totalOtherIncomeExpenseNet": -24520000, "ebit": -218690000, "interestExpense": -35028000, "incomeBeforeTax": -243210000, "incomeTaxExpense": 0, "minorityInterest": {}, "netIncomeFromContinuingOps": -243210000, "discontinuedOperations": {}, "extraordinaryItems": {}, "effectOfAccountingCharges": {}, "otherItems": {}, "netIncome": -243210000, "netIncomeApplicableToCommonShares": -243210000}], "maxAge": 86400}, "fundOwnership": {"maxAge": 1, "ownershipList": []}, "summaryDetail": {"maxAge": 1, "priceHint": 2, "previousClose": 88.85, "open": 89.0, "dayLow": 85.2, "dayHigh": 89.9, "regularMarketPreviousClose": 88.85, "regularMarketOpen": 89.0, "regularMarketDayLow": 85.2, "regularMarketDayHigh": 89.9, "trailingPE": 26.89815, "volume": 37153, "regularMarketVolume": 37153, "averageVolume": 57437, "averageVolume10days": 28622, "averageDailyVolume10Day": 28622, "bid": 86.1, "ask": 87.35, "bidSize": 0, "askSize": 0, "marketCap": 2365320704, "fiftyTwoWeekLow": 21.0, "fiftyTwoWeekHigh": 89.9, "fiftyDayAverage": 54.67143, "twoHundredDayAverage": 50.853283, "currency": "INR", "fromCurrency": null, "toCurrency": null, "lastMarket": null, "algorithm": null, "tradeable": false}, "incomeStatementHistoryQuarterly": {"incomeStatementHistory": [{"maxAge": 1, "endDate": "2020-09-30", "totalRevenue": 601292000, "costOfRevenue": 412255000, "grossProfit": 189037000, "researchDevelopment": {}, "sellingGeneralAdministrative": 63724000, "nonRecurring": {}, "otherOperatingExpenses": 35234000, "totalOperatingExpenses": 552569000, "operatingIncome": 48723000, "totalOtherIncomeExpenseNet": -14574000, "ebit": 48723000, "interestExpense": -14574000, "incomeBeforeTax": 34149000, "incomeTaxExpense": 0, "minorityInterest": {}, "netIncomeFromContinuingOps": 34149000, "discontinuedOperations": {}, "extraordinaryItems": {}, "effectOfAccountingCharges": {}, "otherItems": {}, "netIncome": 34149000, "netIncomeApplicableToCommonShares": 34149000}, {"maxAge": 1, "endDate": "2020-06-30", "totalRevenue": 364351000, "costOfRevenue": 283795000, "grossProfit": 80556000, "researchDevelopment": {}, "sellingGeneralAdministrative": 65790000, "nonRecurring": {}, "otherOperatingExpenses": 28847000, "totalOperatingExpenses": 426489000, "operatingIncome": -62138000, "totalOtherIncomeExpenseNet": 28851000, "ebit": -62138000, "interestExpense": -10947000, "incomeBeforeTax": -33287000, "incomeTaxExpense": 0, "minorityInterest": {}, "netIncomeFromContinuingOps": -33287000, "discontinuedOperations": {}, "extraordinaryItems": {}, "effectOfAccountingCharges": {}, "otherItems": {}, "netIncome": -33287000, "netIncomeApplicableToCommonShares": -33287000}, {"maxAge": 1, "endDate": "2020-03-31", "totalRevenue": 654186000, "costOfRevenue": 537416000, "grossProfit": 116770000, "researchDevelopment": {}, "sellingGeneralAdministrative": 72716000, "nonRecurring": {}, "otherOperatingExpenses": 11100000, "totalOperatingExpenses": 669710000, "operatingIncome": -15524000, "totalOtherIncomeExpenseNet": 67143000, "ebit": -15524000, "interestExpense": -11320000, "incomeBeforeTax": 51619000, "incomeTaxExpense": 69082000, "minorityInterest": {}, "netIncomeFromContinuingOps": -17463000, "discontinuedOperations": {}, "extraordinaryItems": {}, "effectOfAccountingCharges": {}, "otherItems": {}, "netIncome": -17463000, "netIncomeApplicableToCommonShares": -17463000}, {"maxAge": 1, "endDate": "2019-12-31", "totalRevenue": 593602000, "costOfRevenue": 474794000, "grossProfit": 118808000, "researchDevelopment": {}, "sellingGeneralAdministrative": 79653000, "nonRecurring": {}, "otherOperatingExpenses": 62390000, "totalOperatingExpenses": 644934000, "operatingIncome": -51332000, "totalOtherIncomeExpenseNet": 57162000, "ebit": -51332000, "interestExpense": -12283000, "incomeBeforeTax": 5830000, "incomeTaxExpense": 6345000, "minorityInterest": {}, "netIncomeFromContinuingOps": -515000, "discontinuedOperations": {}, "extraordinaryItems": {}, "effectOfAccountingCharges": {}, "otherItems": {}, "netIncome": -515000, "netIncomeApplicableToCommonShares": -515000}], "maxAge": 86400}, "cashflowStatementHistoryQuarterly": {"cashflowStatements": [{"maxAge": 1, "endDate": "2020-09-30", "netIncome": 34149000, "changeToLiabilities": 0}, {"maxAge": 1, "endDate": "2020-06-30", "netIncome": -33287000, "changeToLiabilities": 0}, {"maxAge": 1, "endDate": "2020-03-31", "netIncome": -17463000, "changeToLiabilities": 0}, {"maxAge": 1, "endDate": "2019-12-31", "netIncome": -515000, "changeToLiabilities": 0}], "maxAge": 86400}, "insiderHolders": {"holders": [{"maxAge": 1, "name": "Punjab State Industrial Development Corporation Ltd", "relation": "UNREPORTED", "url": "", "transactionDescription": "Other", "latestTransDate": "2020-10-08", "positionDirect": 0, "positionDirectDate": "2020-10-08"}], "maxAge": 1}, "calendarEvents": {"maxAge": 1, "earnings": {"earningsDate": ["2020-10-20 05:30:S"]}}, "price": {"maxAge": 1, "regularMarketChangePercent": -0.019133337, "regularMarketChange": -1.699997, "regularMarketTime": "2021-04-30 15:56:08", "priceHint": 2, "regularMarketPrice": 87.15, "regularMarketDayHigh": 89.9, "regularMarketDayLow": 85.2, "regularMarketVolume": 37153, "averageDailyVolume10Day": 28622, "averageDailyVolume3Month": 57437, "regularMarketPreviousClose": 88.85, "regularMarketSource": "FREE_REALTIME", "regularMarketOpen": 89.0, "exchange": "BSE", "exchangeName": "BSE", "exchangeDataDelayedBy": 0, "marketState": "CLOSED", "quoteType": "EQUITY", "symbol": "PACL.BO", "underlyingSymbol": null, "shortName": "PUNJAB ALKALIES & CHEMICALS LT", "longName": "Punjab Alkalies & Chemicals Limited", "currency": "INR", "quoteSourceName": "Delayed Quote", "currencySymbol": "\u20b9", "fromCurrency": null, "toCurrency": null, "lastMarket": null, "marketCap": 2365320704}, "balanceSheetHistory": {"balanceSheetStatements": [{"maxAge": 1, "endDate": "2020-03-31", "cash": 87531000, "shortTermInvestments": 36107000, "netReceivables": 92894000, "inventory": 78695000, "otherCurrentAssets": 27125000, "totalCurrentAssets": 326646000, "propertyPlantEquipment": 1819450000, "intangibleAssets": 1145000, "otherAssets": 129815000, "deferredLongTermAssetCharges": 31238000, "totalAssets": 2277056000, "accountsPayable": 236539000, "otherCurrentLiab": 212412000, "otherLiab": 148242000, "deferredLongTermLiab": 39524000, "totalCurrentLiabilities": 1423993000, "totalLiab": 1572235000, "commonStock": 271408000, "retainedEarnings": -390390000, "treasuryStock": 379490000, "capitalSurplus": 444313000, "otherStockholderEquity": 379490000, "totalStockholderEquity": 704821000, "netTangibleAssets": 703676000}, {"maxAge": 1, "endDate": "2019-03-31", "cash": 400822000, "shortTermInvestments": 301979000, "netReceivables": 111761000, "inventory": 81802000, "otherCurrentAssets": 109758000, "totalCurrentAssets": 1011514000, "propertyPlantEquipment": 1055298000, "intangibleAssets": 1201000, "otherAssets": 195655000, "deferredLongTermAssetCharges": 95901000, "totalAssets": 2263668000, "accountsPayable": 215171000, "otherCurrentLiab": 214068000, "longTermDebt": 278923000, "otherLiab": 106686000, "deferredLongTermLiab": 72213000, "totalCurrentLiabilities": 1223744000, "totalLiab": 1609353000, "commonStock": 271408000, "retainedEarnings": -483012000, "treasuryStock": 421606000, "capitalSurplus": 444313000, "otherStockholderEquity": 421606000, "totalStockholderEquity": 654315000, "netTangibleAssets": 653114000}, {"maxAge": 1, "endDate": "2018-03-31", "cash": 538352000, "shortTermInvestments": 7927000, "netReceivables": 129585000, "inventory": 88764000, "otherCurrentAssets": 15226000, "totalCurrentAssets": 785247000, "propertyPlantEquipment": 1105755000, "intangibleAssets": 1658000, "otherAssets": 215258000, "deferredLongTermAssetCharges": 102896000, "totalAssets": 2107918000, "accountsPayable": 206565000, "otherCurrentLiab": 1042102000, "longTermDebt": 272522000, "otherLiab": 111477000, "deferredLongTermLiab": 82652000, "totalCurrentLiabilities": 1359244000, "totalLiab": 1743243000, "commonStock": 271408000, "retainedEarnings": -1031465000, "treasuryStock": 680419000, "capitalSurplus": 444313000, "otherStockholderEquity": 680419000, "totalStockholderEquity": 364675000, "netTangibleAssets": 363017000}, {"maxAge": 1, "endDate": "2017-03-31", "cash": 184281000, "shortTermInvestments": 3311000, "netReceivables": 95259000, "inventory": 81511000, "otherCurrentAssets": 114555000, "totalCurrentAssets": 482876000, "propertyPlantEquipment": 1159851000, "intangibleAssets": 1191000, "otherAssets": 256248000, "deferredLongTermAssetCharges": 102896000, "totalAssets": 1900166000, "accountsPayable": 258681000, "otherCurrentLiab": 740890000, "longTermDebt": 276957000, "otherLiab": 132182000, "deferredLongTermLiab": 115236000, "totalCurrentLiabilities": 1101447000, "totalLiab": 1510586000, "commonStock": 271408000, "retainedEarnings": -983245000, "treasuryStock": 657104000, "capitalSurplus": 444313000, "otherStockholderEquity": 657104000, "totalStockholderEquity": 389580000, "netTangibleAssets": 388389000}], "maxAge": 86400}, "financialData": {"maxAge": 86400, "currentPrice": 87.15, "recommendationKey": "none", "grossProfits": 768535000, "financialCurrency": "INR"}}}