{"PADMALAYAT.BO": {"recommendationTrend": {"trend": [{"period": "0m", "strongBuy": 0, "buy": 0, "hold": 0, "sell": 0, "strongSell": 0}, {"period": "-1m", "strongBuy": 0, "buy": 0, "hold": 0, "sell": 0, "strongSell": 0}, {"period": "-2m", "strongBuy": 0, "buy": 0, "hold": 0, "sell": 0, "strongSell": 0}, {"period": "-3m", "strongBuy": 0, "buy": 0, "hold": 0, "sell": 0, "strongSell": 0}], "maxAge": 86400}, "cashflowStatementHistory": {"cashflowStatements": [{"maxAge": 1, "endDate": "2020-03-31", "netIncome": 11826524, "changeToNetincome": -1060777, "changeToAccountReceivables": 12758061, "changeToLiabilities": 0, "changeToOperatingActivities": -23552238, "totalCashFromOperatingActivities": -28430, "otherCashflowsFromInvestingActivities": 220000, "totalCashflowsFromInvestingActivities": 220000, "changeInCash": 191570}, {"maxAge": 1, "endDate": "2019-03-31", "netIncome": -4609225, "changeToNetincome": -2342775, "changeToAccountReceivables": 12758061, "changeToLiabilities": 0, "changeToOperatingActivities": 5891609, "totalCashFromOperatingActivities": -1060391, "otherCashflowsFromInvestingActivities": 220000, "totalCashflowsFromInvestingActivities": 220000, "otherCashflowsFromFinancingActivities": -2000, "totalCashFromFinancingActivities": -2000, "changeInCash": -1062391}, {"maxAge": 1, "endDate": "2018-03-31", "netIncome": -14358706, "changeToNetincome": 14236033, "changeToAccountReceivables": 12758061, "changeToLiabilities": 0, "changeToOperatingActivities": -1894088, "totalCashFromOperatingActivities": -2016761, "otherCashflowsFromInvestingActivities": 220000, "totalCashflowsFromInvestingActivities": 3050000, "otherCashflowsFromFinancingActivities": -4748, "totalCashFromFinancingActivities": -4748, "changeInCash": 1028491}, {"maxAge": 1, "endDate": "2017-03-31", "netIncome": -11341766, "depreciation": 14163257, "changeToNetincome": 172225, "changeToAccountReceivables": 41538129, "changeToLiabilities": -5086210, "changeToOperatingActivities": 18572935, "totalCashFromOperatingActivities": 43855313, "otherCashflowsFromInvestingActivities": 220000, "totalCashflowsFromInvestingActivities": 3050000, "netBorrowings": -44878382, "otherCashflowsFromFinancingActivities": -3052, "totalCashFromFinancingActivities": -44881434, "changeInCash": -1026121}], "maxAge": 86400}, "institutionOwnership": {"maxAge": 1, "ownershipList": []}, "balanceSheetHistoryQuarterly": {"balanceSheetStatements": [{"maxAge": 1, "endDate": "2020-06-30", "totalStockholderEquity": 170587495, "netTangibleAssets": 170587495}, {"maxAge": 1, "endDate": "2020-03-31", "cash": 210389, "netReceivables": 78170181, "inventory": 131313770, "otherCurrentAssets": 3269986, "totalCurrentAssets": 214116011, "otherAssets": 12380000, "totalAssets": 226496011, "accountsPayable": 2156478, "otherCurrentLiab": 36510337, "otherLiab": 1914863, "totalCurrentLiabilities": 53993653, "totalLiab": 55908516, "commonStock": 169976000, "retainedEarnings": -755997208, "capitalSurplus": 756608703, "totalStockholderEquity": 170587495, "netTangibleAssets": 170587495}, {"maxAge": 1, "endDate": "2019-12-31", "totalStockholderEquity": 161456890, "netTangibleAssets": 161456890}, {"maxAge": 1, "endDate": "2019-09-30", "cash": 38598, "netReceivables": 20358061, "inventory": 131313770, "otherCurrentAssets": 78775993, "totalCurrentAssets": 230486422, "otherAssets": 128000, "totalAssets": 230614422, "accountsPayable": 2156478, "otherCurrentLiab": 54795413, "otherLiab": 2755642, "totalCurrentLiabilities": 66401891, "totalLiab": 69157533, "commonStock": 169976000, "treasuryStock": -8519110, "otherStockholderEquity": -8519110, "totalStockholderEquity": 161456890, "netTangibleAssets": 161456890}], "maxAge": 86400}, "earningsHistory": {"history": [{"maxAge": 1, "epsActual": {}, "epsEstimate": {}, "epsDifference": {}, "surprisePercent": {}, "quarter": {}, "period": "-4q"}, {"maxAge": 1, "epsActual": {}, "epsEstimate": {}, "epsDifference": {}, "surprisePercent": {}, "quarter": {}, "period": "-3q"}, {"maxAge": 1, "epsActual": {}, "epsEstimate": {}, "epsDifference": {}, "surprisePercent": {}, "quarter": {}, "period": "-2q"}, {"maxAge": 1, "epsActual": {}, "epsEstimate": {}, "epsDifference": {}, "surprisePercent": {}, "quarter": {}, "period": "-1q"}], "maxAge": 86400}, "indexTrend": {"maxAge": 1, "symbol": "SP5", "peRatio": 19.7411, "pegRatio": 1.34172, "estimates": [{"period": "0q", "growth": 0.549}, {"period": "+1q", "growth": 0.431}, {"period": "0y", "growth": 0.305}, {"period": "+1y", "growth": 0.109}, {"period": "+5y", "growth": 0.120859005}, {"period": "-5y"}]}, "industryTrend": {"maxAge": 1, "symbol": null, "estimates": []}, "quoteType": {"exchange": "BSE", "quoteType": "EQUITY", "symbol": "PADMALAYAT.BO", "underlyingSymbol": "PADMALAYAT.BO", "shortName": "PADMALAYA TELEFILMS LTD.", "longName": "Padmalaya Telefilms Limited", "firstTradeDateEpochUtc": "2000-12-08 09:15:00", "timeZoneFullName": "Asia/Kolkata", "timeZoneShortName": "IST", "uuid": "9c614294-060e-3918-be16-86a1953347f3", "messageBoardId": null, "gmtOffSetMilliseconds": 19800000, "maxAge": 1}, "incomeStatementHistory": {"incomeStatementHistory": [{"maxAge": 1, "endDate": "2020-03-31", "totalRevenue": 32842282, "costOfRevenue": 1645000, "grossProfit": 31197282, "researchDevelopment": {}, "sellingGeneralAdministrative": 175000, "nonRecurring": {}, "otherOperatingExpenses": 3562782, "totalOperatingExpenses": 18140843, "operatingIncome": 14701439, "totalOtherIncomeExpenseNet": -3715692, "ebit": 14701439, "interestExpense": {}, "incomeBeforeTax": 10985747, "incomeTaxExpense": -840777, "minorityInterest": {}, "netIncomeFromContinuingOps": 11826524, "discontinuedOperations": {}, "extraordinaryItems": {}, "effectOfAccountingCharges": {}, "otherItems": {}, "netIncome": 11826524, "netIncomeApplicableToCommonShares": 11826524}, {"maxAge": 1, "endDate": "2019-03-31", "totalRevenue": 11110000, "costOfRevenue": 10994148, "grossProfit": 115852, "researchDevelopment": {}, "sellingGeneralAdministrative": 743960, "nonRecurring": {}, "otherOperatingExpenses": 6426892, "totalOperatingExpenses": 18165000, "operatingIncome": -7055000, "totalOtherIncomeExpenseNet": 99000, "ebit": -7055000, "interestExpense": -2000, "incomeBeforeTax": -6954000, "incomeTaxExpense": -2344775, "minorityInterest": {}, "netIncomeFromContinuingOps": -4609225, "discontinuedOperations": {}, "extraordinaryItems": {}, "effectOfAccountingCharges": {}, "otherItems": {}, "netIncome": -4609225, "netIncomeApplicableToCommonShares": -4609225}, {"maxAge": 1, "endDate": "2018-03-31", "totalRevenue": 12092428, "costOfRevenue": 9710924, "grossProfit": 2381504, "researchDevelopment": {}, "sellingGeneralAdministrative": 334458, "nonRecurring": {}, "otherOperatingExpenses": 2106001, "totalOperatingExpenses": 12151383, "operatingIncome": -58955, "totalOtherIncomeExpenseNet": -11193190, "ebit": -58955, "interestExpense": -5000, "incomeBeforeTax": -11247145, "incomeTaxExpense": 3111561, "minorityInterest": {}, "netIncomeFromContinuingOps": -14358706, "discontinuedOperations": {}, "extraordinaryItems": {}, "effectOfAccountingCharges": {}, "otherItems": {}, "netIncome": -14358706, "netIncomeApplicableToCommonShares": -14358706}, {"maxAge": 1, "endDate": "2017-03-31", "totalRevenue": 23094829, "costOfRevenue": 17840067, "grossProfit": 5254762, "researchDevelopment": {}, "sellingGeneralAdministrative": 334458, "nonRecurring": {}, "otherOperatingExpenses": 2216333, "totalOperatingExpenses": 34554115, "operatingIncome": -11459286, "totalOtherIncomeExpenseNet": 286693, "ebit": -11459286, "interestExpense": -5000, "incomeBeforeTax": -11172593, "incomeTaxExpense": 169173, "minorityInterest": {}, "netIncomeFromContinuingOps": -11341766, "discontinuedOperations": {}, "extraordinaryItems": {}, "effectOfAccountingCharges": {}, "otherItems": {}, "netIncome": -11341766, "netIncomeApplicableToCommonShares": -11341766}], "maxAge": 86400}, "fundOwnership": {"maxAge": 1, "ownershipList": []}, "summaryDetail": {"maxAge": 1, "priceHint": 4, "previousClose": 2.47, "open": 2.47, "dayLow": 2.35, "dayHigh": 2.59, "regularMarketPreviousClose": 2.47, "regularMarketOpen": 2.47, "regularMarketDayLow": 2.35, "regularMarketDayHigh": 2.59, "trailingPE": 3.5955055, "volume": 4981, "regularMarketVolume": 4981, "averageVolume": 12048, "averageVolume10days": 4794, "averageDailyVolume10Day": 4794, "bid": 2.36, "ask": 2.59, "bidSize": 0, "askSize": 0, "marketCap": 43520000, "fiftyTwoWeekLow": 1.09, "fiftyTwoWeekHigh": 3.3, "fiftyDayAverage": 2.694, "twoHundredDayAverage": 2.1942337, "currency": "INR", "fromCurrency": null, "toCurrency": null, "lastMarket": null, "algorithm": null, "tradeable": false}, "sectorTrend": {"maxAge": 1, "symbol": null, "estimates": []}, "incomeStatementHistoryQuarterly": {"incomeStatementHistory": [{"maxAge": 1, "endDate": "2020-06-30", "totalRevenue": 200000, "costOfRevenue": 66000, "grossProfit": 134000, "researchDevelopment": {}, "sellingGeneralAdministrative": {}, "nonRecurring": {}, "otherOperatingExpenses": 49000, "totalOperatingExpenses": 115000, "operatingIncome": 85000, "totalOtherIncomeExpenseNet": 0, "ebit": 85000, "interestExpense": {}, "incomeBeforeTax": 85000, "incomeTaxExpense": 0, "minorityInterest": {}, "netIncomeFromContinuingOps": 85000, "discontinuedOperations": {}, "extraordinaryItems": {}, "effectOfAccountingCharges": {}, "otherItems": {}, "netIncome": 85000, "netIncomeApplicableToCommonShares": 85000}, {"maxAge": 1, "endDate": "2020-03-31", "totalRevenue": 22292282, "costOfRevenue": 195000, "grossProfit": 22097282, "researchDevelopment": {}, "sellingGeneralAdministrative": 175000, "nonRecurring": {}, "otherOperatingExpenses": 1756782, "totalOperatingExpenses": 14884843, "operatingIncome": 7407439, "totalOtherIncomeExpenseNet": -3716692, "ebit": 7407439, "interestExpense": {}, "incomeBeforeTax": 3690747, "incomeTaxExpense": -3018777, "minorityInterest": {}, "netIncomeFromContinuingOps": 6709524, "discontinuedOperations": {}, "extraordinaryItems": {}, "effectOfAccountingCharges": {}, "otherItems": {}, "netIncome": 6709524, "netIncomeApplicableToCommonShares": 6709524}, {"maxAge": 1, "endDate": "2019-12-31", "totalRevenue": 5500000, "costOfRevenue": 1393000, "grossProfit": 4107000, "researchDevelopment": {}, "sellingGeneralAdministrative": 175000, "nonRecurring": {}, "otherOperatingExpenses": 616000, "totalOperatingExpenses": 2009000, "operatingIncome": 3491000, "totalOtherIncomeExpenseNet": 1000, "ebit": 3491000, "interestExpense": {}, "incomeBeforeTax": 3492000, "incomeTaxExpense": 1017000, "minorityInterest": {}, "netIncomeFromContinuingOps": 2475000, "discontinuedOperations": {}, "extraordinaryItems": {}, "effectOfAccountingCharges": {}, "otherItems": {}, "netIncome": 2475000, "netIncomeApplicableToCommonShares": 2475000}, {"maxAge": 1, "endDate": "2019-09-30", "totalRevenue": 4950000, "costOfRevenue": 57000, "grossProfit": 4893000, "researchDevelopment": {}, "sellingGeneralAdministrative": 175000, "nonRecurring": {}, "otherOperatingExpenses": 1006000, "totalOperatingExpenses": 1063000, "operatingIncome": 3887000, "totalOtherIncomeExpenseNet": 100000, "ebit": 3887000, "interestExpense": {}, "incomeBeforeTax": 3987000, "incomeTaxExpense": 1161000, "minorityInterest": {}, "netIncomeFromContinuingOps": 2826000, "discontinuedOperations": {}, "extraordinaryItems": {}, "effectOfAccountingCharges": {}, "otherItems": {}, "netIncome": 2826000, "netIncomeApplicableToCommonShares": 2826000}], "maxAge": 86400}, "cashflowStatementHistoryQuarterly": {"cashflowStatements": [{"maxAge": 1, "endDate": "2020-06-30", "netIncome": 85000, "changeToLiabilities": 0}, {"maxAge": 1, "endDate": "2020-03-31", "netIncome": 6709524, "changeToLiabilities": 0}, {"maxAge": 1, "endDate": "2019-12-31", "netIncome": 2475000, "changeToLiabilities": 0}, {"maxAge": 1, "endDate": "2019-09-30", "netIncome": 2826000, "changeToLiabilities": 0}], "maxAge": 86400}, "insiderHolders": {"holders": [], "maxAge": 1}, "earnings": {"maxAge": 86400, "earningsChart": {"quarterly": [], "earningsDate": []}, "financialsChart": {"yearly": [{"date": 2017, "revenue": 23094829, "earnings": -11341766}, {"date": 2018, "revenue": 12092428, "earnings": -14358706}, {"date": 2019, "revenue": 11110000, "earnings": -4609225}, {"date": 2020, "revenue": 32842282, "earnings": 11826524}], "quarterly": [{"date": "3Q2019", "revenue": 4950000, "earnings": 2826000}, {"date": "4Q2019", "revenue": 5500000, "earnings": 2475000}, {"date": "1Q2020", "revenue": 22292282, "earnings": 6709524}, {"date": "2Q2020", "revenue": 200000, "earnings": 85000}]}, "financialCurrency": "INR"}, "calendarEvents": {"maxAge": 1, "earnings": {"earningsDate": []}}, "price": {"maxAge": 1, "regularMarketChangePercent": 0.036437213, "regularMarketChange": 0.089999914, "regularMarketTime": "2021-04-30 15:02:29", "priceHint": 4, "regularMarketPrice": 2.56, "regularMarketDayHigh": 2.59, "regularMarketDayLow": 2.35, "regularMarketVolume": 4981, "averageDailyVolume10Day": 4794, "averageDailyVolume3Month": 12048, "regularMarketPreviousClose": 2.47, "regularMarketSource": "FREE_REALTIME", "regularMarketOpen": 2.47, "exchange": "BSE", "exchangeName": "BSE", "exchangeDataDelayedBy": 0, "marketState": "CLOSED", "quoteType": "EQUITY", "symbol": "PADMALAYAT.BO", "underlyingSymbol": null, "shortName": "PADMALAYA TELEFILMS LTD.", "longName": "Padmalaya Telefilms Limited", "currency": "INR", "quoteSourceName": "Delayed Quote", "currencySymbol": "\u20b9", "fromCurrency": null, "toCurrency": null, "lastMarket": null, "marketCap": 43520000}, "balanceSheetHistory": {"balanceSheetStatements": [{"maxAge": 1, "endDate": "2020-03-31", "cash": 210389, "netReceivables": 78170181, "inventory": 131313770, "otherCurrentAssets": 3269986, "totalCurrentAssets": 214116011, "otherAssets": 12380000, "totalAssets": 226496011, "accountsPayable": 2156478, "otherCurrentLiab": 36510337, "otherLiab": 1914863, "totalCurrentLiabilities": 53993653, "totalLiab": 55908516, "commonStock": 169976000, "retainedEarnings": -755997208, "capitalSurplus": 756608703, "totalStockholderEquity": 170587495, "netTangibleAssets": 170587495}, {"maxAge": 1, "endDate": "2019-03-31", "cash": 18820, "netReceivables": 90928242, "inventory": 131313770, "otherCurrentAssets": 3269986, "totalCurrentAssets": 226682503, "otherAssets": 128000, "totalAssets": 226810503, "accountsPayable": 2156478, "otherCurrentLiab": 53602619, "otherLiab": 2755641, "totalCurrentLiabilities": 65293891, "totalLiab": 68049532, "commonStock": 169976000, "retainedEarnings": -767823732, "treasuryStock": -11215029, "capitalSurplus": 756608703, "otherStockholderEquity": -11215029, "totalStockholderEquity": 158760971, "netTangibleAssets": 158760971}, {"maxAge": 1, "endDate": "2018-03-31", "cash": 1081211, "netReceivables": 90928242, "inventory": 131313770, "otherCurrentAssets": 3269986, "totalCurrentAssets": 227744894, "otherAssets": 128000, "totalAssets": 227872894, "accountsPayable": 2156478, "otherCurrentLiab": 47669819, "otherLiab": 5100417, "totalCurrentLiabilities": 59402282, "totalLiab": 64502699, "commonStock": 169976000, "retainedEarnings": -763214508, "treasuryStock": -6605805, "capitalSurplus": 756608703, "otherStockholderEquity": -6605805, "totalStockholderEquity": 163370195, "netTangibleAssets": 163370195}, {"maxAge": 1, "endDate": "2017-03-31", "cash": 52720, "netReceivables": 90928242, "inventory": 131313770, "otherCurrentAssets": 3269986, "totalCurrentAssets": 226716403, "propertyPlantEquipment": 14338897, "otherAssets": 128000, "totalAssets": 241183300, "accountsPayable": 2156478, "otherCurrentLiab": 49526407, "otherLiab": 2163529, "totalCurrentLiabilities": 61290870, "totalLiab": 63454399, "commonStock": 169976000, "retainedEarnings": -748855802, "capitalSurplus": 756608703, "totalStockholderEquity": 177728901, "netTangibleAssets": 177728901}], "maxAge": 86400}, "earningsTrend": {"trend": [{"maxAge": 1, "period": "0q", "endDate": null, "growth": {}, "earningsEstimate": {"avg": 0.0, "low": 0.0, "high": 0.0, "yearAgoEps": {}, "numberOfAnalysts": 0, "growth": {}}, "revenueEstimate": {"avg": 0, "low": 0, "high": 0, "numberOfAnalysts": 0, "yearAgoRevenue": {}, "growth": {}}, "epsTrend": {"current": 0.0, "7daysAgo": 0.0, "30daysAgo": 0.0, "60daysAgo": 0.0, "90daysAgo": 0.0}, "epsRevisions": {"upLast7days": 0, "upLast30days": 0, "downLast30days": 0, "downLast90days": {}}}, {"maxAge": 1, "period": "+1q", "endDate": null, "growth": {}, "earningsEstimate": {"avg": 0.0, "low": 0.0, "high": 0.0, "yearAgoEps": {}, "numberOfAnalysts": 0, "growth": {}}, "revenueEstimate": {"avg": 0, "low": 0, "high": 0, "numberOfAnalysts": 0, "yearAgoRevenue": {}, "growth": {}}, "epsTrend": {"current": 0.0, "7daysAgo": 0.0, "30daysAgo": 0.0, "60daysAgo": 0.0, "90daysAgo": 0.0}, "epsRevisions": {"upLast7days": 0, "upLast30days": 0, "downLast30days": 0, "downLast90days": {}}}, {"maxAge": 1, "period": "0y", "endDate": null, "growth": {}, "earningsEstimate": {"avg": 0.0, "low": 0.0, "high": 0.0, "yearAgoEps": {}, "numberOfAnalysts": 0, "growth": {}}, "revenueEstimate": {"avg": 0, "low": 0, "high": 0, "numberOfAnalysts": 0, "yearAgoRevenue": {}, "growth": {}}, "epsTrend": {"current": 0.0, "7daysAgo": 0.0, "30daysAgo": 0.0, "60daysAgo": 0.0, "90daysAgo": 0.0}, "epsRevisions": {"upLast7days": 0, "upLast30days": 0, "downLast30days": 0, "downLast90days": {}}}, {"maxAge": 1, "period": "+1y", "endDate": null, "growth": {}, "earningsEstimate": {"avg": 0.0, "low": 0.0, "high": 0.0, "yearAgoEps": {}, "numberOfAnalysts": 0, "growth": {}}, "revenueEstimate": {"avg": 0, "low": 0, "high": 0, "numberOfAnalysts": 0, "yearAgoRevenue": {}, "growth": {}}, "epsTrend": {"current": 0.0, "7daysAgo": 0.0, "30daysAgo": 0.0, "60daysAgo": 0.0, "90daysAgo": 0.0}, "epsRevisions": {"upLast7days": 0, "upLast30days": 0, "downLast30days": 0, "downLast90days": {}}}, {"maxAge": 1, "period": "+5y", "endDate": null, "growth": {}, "earningsEstimate": {"avg": {}, "low": {}, "high": {}, "yearAgoEps": {}, "numberOfAnalysts": {}, "growth": {}}, "revenueEstimate": {"avg": {}, "low": {}, "high": {}, "numberOfAnalysts": {}, "yearAgoRevenue": {}, "growth": {}}, "epsTrend": {"current": {}, "7daysAgo": {}, "30daysAgo": {}, "60daysAgo": {}, "90daysAgo": {}}, "epsRevisions": {"upLast7days": {}, "upLast30days": {}, "downLast30days": {}, "downLast90days": {}}}, {"maxAge": 1, "period": "-5y", "endDate": null, "growth": {}, "earningsEstimate": {"avg": {}, "low": {}, "high": {}, "yearAgoEps": {}, "numberOfAnalysts": {}, "growth": {}}, "revenueEstimate": {"avg": {}, "low": {}, "high": {}, "numberOfAnalysts": {}, "yearAgoRevenue": {}, "growth": {}}, "epsTrend": {"current": {}, "7daysAgo": {}, "30daysAgo": {}, "60daysAgo": {}, "90daysAgo": {}}, "epsRevisions": {"upLast7days": {}, "upLast30days": {}, "downLast30days": {}, "downLast90days": {}}}], "maxAge": 1}, "financialData": {"maxAge": 86400, "currentPrice": 2.56, "recommendationKey": "none", "grossProfits": 31197282, "financialCurrency": "INR"}}}