{"PALASHSECU.NS": {"assetProfile": {"address1": "Birla Building", "address2": "5th Floor 9/1, R.N. Mukherjee Road", "city": "Kolkata", "zip": "700001", "country": "India", "phone": "91 33 2243 0497", "fax": "91 33 2248 6369", "website": "http://www.birla-sugar.com/Our-Companies/About-Us-PALASH-SECURITIES-LIMITED", "industry": "Packaged Foods", "sector": "Consumer Defensive", "longBusinessSummary": "Palash Securities Limited, an investment company, engages in food processing business in India and internationally. It operates through two segments, Food Processing Business and Investing Business. The company offers canned fruits and vegetables, jams jellies, marmalades, juices, tomato ketchups/purees/sauces, vegetable sauces, and squashes, as well as breakfast cereals, such as cornflakes, chocos, white oats, etc. It also invests and deals in shares and securities; and immovable properties. The company was incorporated in 2015 and is headquartered in Kolkata, India.", "companyOfficers": [{"maxAge": 1, "name": "Mr. Chand Bihari Patodia", "age": 72, "title": "MD & Director", "yearBorn": 1948, "fiscalYear": 2020, "totalPay": 0, "exercisedValue": 0, "unexercisedValue": 0}, {"maxAge": 1, "name": "Mr. Deepak Kumar Sharma", "title": "CFO & Compliance Officer", "fiscalYear": 2020, "totalPay": 0, "exercisedValue": 0, "unexercisedValue": 0}, {"maxAge": 1, "name": "Ms. Mayuri  Raja", "title": "Company Sec.", "fiscalYear": 2020, "totalPay": 0, "exercisedValue": 0, "unexercisedValue": 0}], "compensationAsOfEpochDate": "2020-12-31 05:30:00", "maxAge": 86400}, "cashflowStatementHistory": {"cashflowStatements": [{"maxAge": 1, "endDate": "2020-03-31", "netIncome": -19353000, "depreciation": 3155000, "changeToNetincome": 6726000, "changeToAccountReceivables": -19297000, "changeToLiabilities": 46708000, "changeToInventory": -71649000, "changeToOperatingActivities": -10331000, "totalCashFromOperatingActivities": -64041000, "capitalExpenditures": -12324000, "investments": -21533000, "totalCashflowsFromInvestingActivities": -33607000, "netBorrowings": 45576000, "otherCashflowsFromFinancingActivities": -6138000, "totalCashFromFinancingActivities": 39438000, "changeInCash": -58210000}, {"maxAge": 1, "endDate": "2019-03-31", "netIncome": 56272000, "depreciation": 1696000, "changeToNetincome": 5186000, "changeToAccountReceivables": -12081000, "changeToLiabilities": 12053000, "changeToInventory": -10593000, "changeToOperatingActivities": 9587000, "totalCashFromOperatingActivities": 62120000, "capitalExpenditures": -433000, "investments": 50000000, "totalCashflowsFromInvestingActivities": 49567000, "netBorrowings": -19099000, "otherCashflowsFromFinancingActivities": -5485000, "totalCashFromFinancingActivities": -24584000, "changeInCash": 87103000}, {"maxAge": 1, "endDate": "2018-03-31", "netIncome": 51854000, "depreciation": 1765000, "changeToNetincome": -63733000, "changeToAccountReceivables": -6439000, "changeToLiabilities": -7479000, "changeToInventory": 3498000, "changeToOperatingActivities": 274911000, "totalCashFromOperatingActivities": 254377000, "capitalExpenditures": -1278000, "investments": 48681000, "otherCashflowsFromInvestingActivities": 91431000, "totalCashflowsFromInvestingActivities": 138834000, "netBorrowings": -363623000, "otherCashflowsFromFinancingActivities": -18188000, "totalCashFromFinancingActivities": -381811000, "changeInCash": 11380000}, {"maxAge": 1, "endDate": "2017-03-31", "netIncome": 38304000, "depreciation": 1759000, "changeToNetincome": -91660000, "changeToAccountReceivables": 24814000, "changeToLiabilities": 11169000, "changeToInventory": 7313000, "changeToOperatingActivities": -5666000, "totalCashFromOperatingActivities": -13967000, "capitalExpenditures": -5829000, "investments": -51243000, "otherCashflowsFromInvestingActivities": 92666000, "totalCashflowsFromInvestingActivities": 35594000, "netBorrowings": 5715000, "otherCashflowsFromFinancingActivities": -1327000, "totalCashFromFinancingActivities": 4388000, "changeInCash": 31662000}], "maxAge": 86400}, "institutionOwnership": {"ownershipList": [], "maxAge": 1}, "majorHoldersBreakdown": {"maxAge": 1, "insidersPercentHeld": 0.71078, "institutionsPercentHeld": 0.02903, "institutionsFloatPercentHeld": 0.10038, "institutionsCount": 1}, "balanceSheetHistoryQuarterly": {"balanceSheetStatements": [{"maxAge": 1, "endDate": "2020-12-31", "totalStockholderEquity": 2057878000, "netTangibleAssets": 2057878000}, {"maxAge": 1, "endDate": "2020-09-30", "cash": 72997000, "netReceivables": 176344000, "inventory": 224311000, "otherCurrentAssets": 55828000, "totalCurrentAssets": 529480000, "longTermInvestments": 1790430000, "propertyPlantEquipment": 29605000, "otherAssets": 4046000, "totalAssets": 2353561000, "accountsPayable": 98944000, "otherCurrentLiab": 16020000, "longTermDebt": 23505000, "otherLiab": 29832000, "totalCurrentLiabilities": 242346000, "totalLiab": 295683000, "commonStock": 100031000, "treasuryStock": 1957847000, "otherStockholderEquity": 1957847000, "totalStockholderEquity": 2057878000, "netTangibleAssets": 2057878000}, {"maxAge": 1, "endDate": "2020-06-30", "totalStockholderEquity": 1620397000, "netTangibleAssets": 1620397000}, {"maxAge": 1, "endDate": "2020-03-31", "cash": 72492000, "netReceivables": 167205000, "inventory": 205431000, "otherCurrentAssets": 43313000, "totalCurrentAssets": 1824188000, "longTermInvestments": 80000, "propertyPlantEquipment": 28658000, "otherAssets": 4154000, "totalAssets": 1857080000, "accountsPayable": 97913000, "otherCurrentLiab": 13735000, "longTermDebt": 23044000, "otherLiab": 14000000, "totalCurrentLiabilities": 198136000, "totalLiab": 236683000, "commonStock": 100031000, "retainedEarnings": 330099000, "treasuryStock": 1190267000, "otherStockholderEquity": 1190267000, "totalStockholderEquity": 1620397000, "netTangibleAssets": 1620397000}], "maxAge": 86400}, "indexTrend": {"maxAge": 1, "symbol": "SP5", "peRatio": 19.7411, "pegRatio": 1.34172, "estimates": [{"period": "0q", "growth": 0.549}, {"period": "+1q", "growth": 0.431}, {"period": "0y", "growth": 0.305}, {"period": "+1y", "growth": 0.109}, {"period": "+5y", "growth": 0.120865}, {"period": "-5y"}]}, "defaultKeyStatistics": {"maxAge": 1, "priceHint": 2, "enterpriseValue": 614372096, "profitMargins": -0.101789996, "floatShares": 2124489, "sharesOutstanding": 10003100, "heldPercentInsiders": 0.71078, "heldPercentInstitutions": 0.02903, "beta": 1.06791, "category": null, "bookValue": 204.764, "priceToBook": 0.26152056, "fundFamily": null, "legalType": null, "lastFiscalYearEnd": "2020-03-31 05:30:00", "nextFiscalYearEnd": "2022-03-31 05:30:00", "mostRecentQuarter": "2020-12-31 05:30:00", "netIncomeToCommon": -54674000, "trailingEps": -5.441, "lastSplitFactor": null, "enterpriseToRevenue": 1.144, "enterpriseToEbitda": -16.58}, "summaryProfile": {"address1": "Birla Building", "address2": "5th Floor 9/1, R.N. Mukherjee Road", "city": "Kolkata", "zip": "700001", "country": "India", "phone": "91 33 2243 0497", "fax": "91 33 2248 6369", "website": "http://www.birla-sugar.com/Our-Companies/About-Us-PALASH-SECURITIES-LIMITED", "industry": "Packaged Foods", "sector": "Consumer Defensive", "longBusinessSummary": "Palash Securities Limited, an investment company, engages in food processing business in India and internationally. It operates through two segments, Food Processing Business and Investing Business. The company offers canned fruits and vegetables, jams jellies, marmalades, juices, tomato ketchups/purees/sauces, vegetable sauces, and squashes, as well as breakfast cereals, such as cornflakes, chocos, white oats, etc. It also invests and deals in shares and securities; and immovable properties. The company was incorporated in 2015 and is headquartered in Kolkata, India.", "companyOfficers": [], "maxAge": 86400}, "netSharePurchaseActivity": {"maxAge": 1, "period": "6m", "buyInfoCount": 0, "buyInfoShares": 0, "sellInfoCount": 0, "netInfoCount": 0, "netInfoShares": 0, "netPercentInsiderShares": 0.0, "totalInsiderShares": 7120836}, "insiderTransactions": {"transactions": [{"maxAge": 1, "shares": 1189, "value": 710, "filerUrl": "", "transactionText": "Acquisition at price 0.60 per share.", "filerName": "Deepshikha Trading Co Pvt Ltd", "filerRelation": "Promoter", "moneyText": "", "startDate": "2021-03-04", "ownership": "D"}, {"maxAge": 1, "shares": 23423, "value": 14161, "filerUrl": "", "transactionText": "Acquisition at price 0.60 per share.", "filerName": "Deepshikha Trading Co Pvt Ltd", "filerRelation": "Promoter", "moneyText": "", "startDate": "2021-03-03", "ownership": "D"}, {"maxAge": 1, "shares": 8692, "value": 5219, "filerUrl": "", "transactionText": "Acquisition at price 0.60 per share.", "filerName": "Sonali Commercial Ltd", "filerRelation": "Promoter", "moneyText": "", "startDate": "2021-03-02", "ownership": "D"}, {"maxAge": 1, "shares": 34061, "value": 20348, "filerUrl": "", "transactionText": "Acquisition at price 0.60 per share.", "filerName": "Sonali Commercial Ltd", "filerRelation": "Promoter", "moneyText": "", "startDate": "2021-02-26", "ownership": "D"}, {"maxAge": 1, "shares": 46609, "value": 28575, "filerUrl": "", "transactionText": "Acquisition at price 0.61 per share.", "filerName": "Sonali Commercial Ltd", "filerRelation": "Promoter", "moneyText": "", "startDate": "2021-02-24", "ownership": "D"}, {"maxAge": 1, "shares": 2708, "value": 1632, "filerUrl": "", "transactionText": "Acquisition at price 0.60 per share.", "filerName": "Sonali Commercial Ltd", "filerRelation": "Promoter", "moneyText": "", "startDate": "2021-02-22", "ownership": "D"}, {"maxAge": 1, "shares": 19270, "value": 11625, "filerUrl": "", "transactionText": "Acquisition at price 0.60 per share.", "filerName": "Sonali Commercial Ltd", "filerRelation": "Promoter", "moneyText": "", "startDate": "2021-02-18", "ownership": "D"}, {"maxAge": 1, "shares": 492, "value": 282, "filerUrl": "", "transactionText": "Acquisition at price 0.57 per share.", "filerName": "Sonali Commercial Ltd", "filerRelation": "Promoter", "moneyText": "", "startDate": "2020-12-15", "ownership": "D"}, {"maxAge": 1, "shares": 3469, "filerUrl": "", "transactionText": "", "filerName": "Sonali Commercial Ltd", "filerRelation": "Promoter", "moneyText": "", "startDate": "2020-12-11", "ownership": "D"}, {"maxAge": 1, "shares": 5710, "value": 3175, "filerUrl": "", "transactionText": "Acquisition at price 0.56 per share.", "filerName": "Sonali Commercial Ltd", "filerRelation": "Promoter", "moneyText": "", "startDate": "2020-12-10", "ownership": "D"}, {"maxAge": 1, "shares": 52, "value": 22, "filerUrl": "", "transactionText": "Acquisition at price 0.43 per share.", "filerName": "Sonali Commercial Ltd", "filerRelation": "Promoter", "moneyText": "", "startDate": "2020-11-19", "ownership": "D"}, {"maxAge": 1, "shares": 3937, "value": 1628, "filerUrl": "", "transactionText": "Acquisition at price 0.41 per share.", "filerName": "Sonali Commercial Ltd", "filerRelation": "Promoter", "moneyText": "", "startDate": "2020-11-18", "ownership": "D"}, {"maxAge": 1, "shares": 78919, "filerUrl": "", "transactionText": "", "filerName": "Sonali Commercial Ltd", "filerRelation": "Promoter", "moneyText": "", "startDate": "2020-03-20", "ownership": "D"}, {"maxAge": 1, "shares": 19805, "filerUrl": "", "transactionText": "", "filerName": "Sonali Commercial Ltd", "filerRelation": "Promoter", "moneyText": "", "startDate": "2020-03-19", "ownership": "D"}, {"maxAge": 1, "shares": 93756, "filerUrl": "", "transactionText": "", "filerName": "Deepshikha Trading Co Pvt Ltd", "filerRelation": "Promoter", "moneyText": "", "startDate": "2020-03-18", "ownership": "D"}, {"maxAge": 1, "shares": 31276, "filerUrl": "", "transactionText": "", "filerName": "Sonali Commercial Ltd", "filerRelation": "Promoter", "moneyText": "", "startDate": "2020-03-18", "ownership": "D"}, {"maxAge": 1, "shares": 2214, "filerUrl": "", "transactionText": "", "filerName": "Deepshikha Trading Co Pvt Ltd", "filerRelation": "Promoter", "moneyText": "", "startDate": "2020-03-17", "ownership": "D"}, {"maxAge": 1, "shares": 9030, "filerUrl": "", "transactionText": "", "filerName": "Deepshikha Trading Co Pvt Ltd", "filerRelation": "Promoter", "moneyText": "", "startDate": "2020-03-13", "ownership": "D"}, {"maxAge": 1, "shares": 381345, "filerUrl": "", "transactionText": "", "filerName": "Deepshikha Trading Co Pvt Ltd", "filerRelation": "Promoter", "moneyText": "", "startDate": "2018-05-09", "ownership": "D"}], "maxAge": 1}, "quoteType": {"exchange": "NSI", "quoteType": "EQUITY", "symbol": "PALASHSECU.NS", "underlyingSymbol": "PALASHSECU.NS", "shortName": "PALASH SECURITIES", "longName": "Palash Securities Limited", "firstTradeDateEpochUtc": "2017-07-31 09:15:00", "timeZoneFullName": "Asia/Kolkata", "timeZoneShortName": "IST", "uuid": "18635a34-7869-3c4c-b768-874e49caa33b", "gmtOffSetMilliseconds": 19800000, "maxAge": 1}, "incomeStatementHistory": {"incomeStatementHistory": [{"maxAge": 1, "endDate": "2020-03-31", "totalRevenue": 460405000, "costOfRevenue": 213788000, "grossProfit": 246617000, "researchDevelopment": {}, "sellingGeneralAdministrative": 95533000, "nonRecurring": {}, "otherOperatingExpenses": 157739000, "totalOperatingExpenses": 470215000, "operatingIncome": -9810000, "totalOtherIncomeExpenseNet": -6136000, "ebit": -9810000, "interestExpense": -7133000, "incomeBeforeTax": -15946000, "incomeTaxExpense": 3407000, "minorityInterest": {}, "netIncomeFromContinuingOps": -19353000, "discontinuedOperations": {}, "extraordinaryItems": {}, "effectOfAccountingCharges": {}, "otherItems": {}, "netIncome": -19353000, "netIncomeApplicableToCommonShares": -19353000}, {"maxAge": 1, "endDate": "2019-03-31", "totalRevenue": 457132000, "costOfRevenue": 181674000, "grossProfit": 275458000, "researchDevelopment": {}, "sellingGeneralAdministrative": 65941000, "nonRecurring": {}, "otherOperatingExpenses": 143577000, "totalOperatingExpenses": 392888000, "operatingIncome": 64244000, "totalOtherIncomeExpenseNet": -3428000, "ebit": 64244000, "interestExpense": -6033000, "incomeBeforeTax": 60816000, "incomeTaxExpense": 4544000, "minorityInterest": {}, "netIncomeFromContinuingOps": 56272000, "discontinuedOperations": {}, "extraordinaryItems": {}, "effectOfAccountingCharges": {}, "otherItems": {}, "netIncome": 56272000, "netIncomeApplicableToCommonShares": 56272000}, {"maxAge": 1, "endDate": "2018-03-31", "totalRevenue": 429794000, "costOfRevenue": 156358000, "grossProfit": 273436000, "researchDevelopment": {}, "sellingGeneralAdministrative": 56989000, "nonRecurring": {}, "otherOperatingExpenses": 127308000, "totalOperatingExpenses": 342420000, "operatingIncome": 87374000, "totalOtherIncomeExpenseNet": -34237000, "ebit": 87374000, "interestExpense": -28974000, "incomeBeforeTax": 53137000, "incomeTaxExpense": 1283000, "minorityInterest": {}, "netIncomeFromContinuingOps": 51854000, "discontinuedOperations": {}, "extraordinaryItems": {}, "effectOfAccountingCharges": {}, "otherItems": {}, "netIncome": 51854000, "netIncomeApplicableToCommonShares": 50524000}, {"maxAge": 1, "endDate": "2017-03-31", "totalRevenue": 466882000, "costOfRevenue": 182966000, "grossProfit": 283916000, "researchDevelopment": {}, "sellingGeneralAdministrative": 59708000, "nonRecurring": {}, "otherOperatingExpenses": 135226000, "totalOperatingExpenses": 379658000, "operatingIncome": 87224000, "totalOtherIncomeExpenseNet": -48164000, "ebit": 87224000, "interestExpense": -51247000, "incomeBeforeTax": 39060000, "incomeTaxExpense": 756000, "minorityInterest": {}, "netIncomeFromContinuingOps": 38304000, "discontinuedOperations": {}, "extraordinaryItems": {}, "effectOfAccountingCharges": {}, "otherItems": {}, "netIncome": 38304000, "netIncomeApplicableToCommonShares": 36974000}], "maxAge": 86400}, "fundOwnership": {"ownershipList": [], "maxAge": 1}, "summaryDetail": {"maxAge": 1, "priceHint": 2, "previousClose": 53.1, "open": 53.45, "dayLow": 50.85, "dayHigh": 54.25, "regularMarketPreviousClose": 53.1, "regularMarketOpen": 53.45, "regularMarketDayLow": 50.85, "regularMarketDayHigh": 54.25, "payoutRatio": 0.0, "beta": 1.06791, "volume": 3501, "regularMarketVolume": 3501, "averageVolume": 9951, "averageVolume10days": 770, "averageDailyVolume10Day": 770, "bid": 0.0, "ask": 0.0, "bidSize": 0, "askSize": 0, "marketCap": 524569376, "fiftyTwoWeekLow": 17.1, "fiftyTwoWeekHigh": 61.8, "priceToSalesTrailing12Months": 0.97664803, "fiftyDayAverage": 47.84394, "twoHundredDayAverage": 39.990715, "currency": "INR", "fromCurrency": null, "lastMarket": null, "algorithm": null, "tradeable": false}, "incomeStatementHistoryQuarterly": {"incomeStatementHistory": [{"maxAge": 1, "endDate": "2020-12-31", "totalRevenue": 172869000, "costOfRevenue": 126908000, "grossProfit": 45961000, "researchDevelopment": {}, "sellingGeneralAdministrative": 63975000, "nonRecurring": {}, "otherOperatingExpenses": {}, "totalOperatingExpenses": 191605000, "operatingIncome": -18736000, "totalOtherIncomeExpenseNet": -3312000, "ebit": -18736000, "interestExpense": -3356000, "incomeBeforeTax": -22048000, "incomeTaxExpense": 894000, "minorityInterest": {}, "netIncomeFromContinuingOps": -22942000, "discontinuedOperations": {}, "extraordinaryItems": {}, "effectOfAccountingCharges": {}, "otherItems": {}, "netIncome": -22942000, "netIncomeApplicableToCommonShares": -22942000}, {"maxAge": 1, "endDate": "2020-09-30", "totalRevenue": 177157000, "costOfRevenue": 102020000, "grossProfit": 75137000, "researchDevelopment": {}, "sellingGeneralAdministrative": 63519000, "nonRecurring": {}, "otherOperatingExpenses": {}, "totalOperatingExpenses": 166518000, "operatingIncome": 10639000, "totalOtherIncomeExpenseNet": -3366000, "ebit": 10639000, "interestExpense": -3696000, "incomeBeforeTax": 7273000, "incomeTaxExpense": 841000, "minorityInterest": {}, "netIncomeFromContinuingOps": 6432000, "discontinuedOperations": {}, "extraordinaryItems": {}, "effectOfAccountingCharges": {}, "otherItems": {}, "netIncome": 6432000, "netIncomeApplicableToCommonShares": 6432000}, {"maxAge": 1, "endDate": "2020-06-30", "totalRevenue": 54978000, "costOfRevenue": 28695000, "grossProfit": 26283000, "researchDevelopment": {}, "sellingGeneralAdministrative": 43098000, "nonRecurring": {}, "otherOperatingExpenses": {}, "totalOperatingExpenses": 72668000, "operatingIncome": -17690000, "totalOtherIncomeExpenseNet": -2377000, "ebit": -17690000, "interestExpense": -2813000, "incomeBeforeTax": -20067000, "incomeTaxExpense": 1130000, "minorityInterest": {}, "netIncomeFromContinuingOps": -21197000, "discontinuedOperations": {}, "extraordinaryItems": {}, "effectOfAccountingCharges": {}, "otherItems": {}, "netIncome": -21197000, "netIncomeApplicableToCommonShares": -21197000}, {"maxAge": 1, "endDate": "2020-03-31", "totalRevenue": 132211000, "costOfRevenue": 10267000, "grossProfit": 121944000, "researchDevelopment": {}, "sellingGeneralAdministrative": -23160000, "nonRecurring": {}, "otherOperatingExpenses": 157739000, "totalOperatingExpenses": 145723000, "operatingIncome": -13512000, "totalOtherIncomeExpenseNet": -2950000, "ebit": -13512000, "interestExpense": -1998000, "incomeBeforeTax": -16462000, "incomeTaxExpense": 505000, "minorityInterest": {}, "netIncomeFromContinuingOps": -16967000, "discontinuedOperations": {}, "extraordinaryItems": {}, "effectOfAccountingCharges": {}, "otherItems": {}, "netIncome": -16967000, "netIncomeApplicableToCommonShares": -16967000}], "maxAge": 86400}, "cashflowStatementHistoryQuarterly": {"cashflowStatements": [{"maxAge": 1, "endDate": "2020-12-31", "netIncome": -22942000, "changeToLiabilities": 0}, {"maxAge": 1, "endDate": "2020-09-30", "netIncome": 6432000, "changeToLiabilities": 0}, {"maxAge": 1, "endDate": "2020-06-30", "netIncome": -21197000, "changeToLiabilities": 0}, {"maxAge": 1, "endDate": "2020-03-31", "netIncome": -16967000, "changeToLiabilities": 0}], "maxAge": 86400}, "insiderHolders": {"holders": [{"maxAge": 1, "name": "Deepshikha Trading Co Pvt Ltd", "relation": "Promoter", "url": "", "transactionDescription": "Acquisition", "latestTransDate": "2021-03-04", "positionDirect": 688741, "positionDirectDate": "2021-03-04"}, {"maxAge": 1, "name": "Sonali Commercial Ltd", "relation": "Promoter", "url": "", "transactionDescription": "Acquisition", "latestTransDate": "2021-03-02", "positionDirect": 512658, "positionDirectDate": "2021-03-02"}], "maxAge": 1}, "calendarEvents": {"maxAge": 1, "earnings": {"earningsDate": []}}, "upgradeDowngradeHistory": {"history": [], "maxAge": 86400}, "price": {"maxAge": 1, "regularMarketChangePercent": 0.008474591, "regularMarketChange": 0.45000076, "regularMarketTime": "2021-04-30 15:29:47", "priceHint": 2, "regularMarketPrice": 53.55, "regularMarketDayHigh": 54.25, "regularMarketDayLow": 50.85, "regularMarketVolume": 3501, "averageDailyVolume10Day": 770, "averageDailyVolume3Month": 9951, "regularMarketPreviousClose": 53.1, "regularMarketSource": "FREE_REALTIME", "regularMarketOpen": 53.45, "exchange": "NSI", "exchangeName": "NSE", "exchangeDataDelayedBy": 15, "marketState": "CLOSED", "quoteType": "EQUITY", "symbol": "PALASHSECU.NS", "underlyingSymbol": null, "shortName": "PALASH SECURITIES", "longName": "Palash Securities Limited", "currency": "INR", "quoteSourceName": "Delayed Quote", "currencySymbol": "\u20b9", "fromCurrency": null, "lastMarket": null, "marketCap": 524569376}, "balanceSheetHistory": {"balanceSheetStatements": [{"maxAge": 1, "endDate": "2020-03-31", "cash": 72492000, "netReceivables": 167205000, "inventory": 205431000, "otherCurrentAssets": 43313000, "totalCurrentAssets": 1824188000, "longTermInvestments": 80000, "propertyPlantEquipment": 28658000, "otherAssets": 4154000, "totalAssets": 1857080000, "accountsPayable": 97913000, "otherCurrentLiab": 13735000, "longTermDebt": 23044000, "otherLiab": 14000000, "totalCurrentLiabilities": 198136000, "totalLiab": 236683000, "commonStock": 100031000, "retainedEarnings": 330099000, "treasuryStock": 1190267000, "otherStockholderEquity": 1190267000, "totalStockholderEquity": 1620397000, "netTangibleAssets": 1620397000}, {"maxAge": 1, "endDate": "2019-03-31", "cash": 132817000, "netReceivables": 147947000, "inventory": 133782000, "otherCurrentAssets": 19424000, "totalCurrentAssets": 2621608000, "longTermInvestments": 80000, "propertyPlantEquipment": 25936000, "otherAssets": 4469000, "totalAssets": 2652093000, "accountsPayable": 52331000, "otherCurrentLiab": 7735000, "longTermDebt": 21692000, "otherLiab": 16544000, "totalCurrentLiabilities": 100229000, "totalLiab": 138465000, "commonStock": 100031000, "retainedEarnings": 349906000, "treasuryStock": 2063691000, "otherStockholderEquity": 2063691000, "totalStockholderEquity": 2513628000, "netTangibleAssets": 2513628000}, {"maxAge": 1, "endDate": "2018-03-31", "cash": 48820000, "netReceivables": 151758000, "inventory": 123189000, "otherCurrentAssets": 14081000, "totalCurrentAssets": 337981000, "longTermInvestments": 343094000, "propertyPlantEquipment": 31668000, "otherAssets": 270000, "totalAssets": 713013000, "accountsPayable": 44390000, "otherCurrentLiab": 7554000, "otherLiab": 19684000, "totalCurrentLiabilities": 110433000, "totalLiab": 130117000, "commonStock": 100031000, "retainedEarnings": 300799000, "treasuryStock": 169066000, "otherStockholderEquity": 169066000, "totalStockholderEquity": 569896000, "netTangibleAssets": 569896000}, {"maxAge": 1, "endDate": "2017-03-31", "cash": 37441000, "netReceivables": 430346000, "inventory": 126687000, "otherCurrentAssets": 6138000, "totalCurrentAssets": 600689000, "longTermInvestments": 391775000, "propertyPlantEquipment": 32154000, "otherAssets": 587000, "totalAssets": 1025205000, "accountsPayable": 51869000, "otherCurrentLiab": 6100000, "otherLiab": 8781000, "totalCurrentLiabilities": 485362000, "totalLiab": 494143000, "commonStock": 100031000, "retainedEarnings": 248965000, "treasuryStock": 169066000, "otherStockholderEquity": 169066000, "totalStockholderEquity": 518062000, "netTangibleAssets": 518062000}], "maxAge": 86400}, "financialData": {"maxAge": 86400, "currentPrice": 53.55, "recommendationKey": "none", "totalCash": 72997000, "totalCashPerShare": 7.286, "ebitda": -37055000, "totalDebt": 150887008, "totalRevenue": 537112000, "debtToEquity": 7.332, "revenuePerShare": 53.453, "grossProfits": 246617000, "revenueGrowth": 0.288, "grossMargins": 0.48828998, "ebitdaMargins": -0.06899, "operatingMargins": -0.073359996, "profitMargins": -0.101789996, "financialCurrency": "INR"}}}