{"PANACHE.BO": {"cashflowStatementHistory": {"cashflowStatements": [{"maxAge": 1, "endDate": "2020-03-31", "netIncome": 1622286, "depreciation": 181523, "changeToNetincome": -1550709, "changeToAccountReceivables": -25969804, "changeToLiabilities": 34871094, "changeToInventory": -22371738, "changeToOperatingActivities": 2264772, "totalCashFromOperatingActivities": -10926542, "capitalExpenditures": -571431, "otherCashflowsFromInvestingActivities": 2782057, "totalCashflowsFromInvestingActivities": -6954999, "dividendsPaid": -759975, "netBorrowings": 1000000, "otherCashflowsFromFinancingActivities": -746076, "totalCashFromFinancingActivities": -506051, "changeInCash": -18387592}, {"maxAge": 1, "endDate": "2019-03-31", "netIncome": -3666436, "depreciation": 125887, "changeToNetincome": -3440019, "changeToAccountReceivables": 88134703, "changeToLiabilities": -81284397, "changeToInventory": 1314984, "changeToOperatingActivities": -10872077, "totalCashFromOperatingActivities": -9238037, "capitalExpenditures": -571431, "investments": 8784000, "otherCashflowsFromInvestingActivities": 3949369, "totalCashflowsFromInvestingActivities": 11030643, "dividendsPaid": -1519950, "netBorrowings": 1000000, "otherCashflowsFromFinancingActivities": -312430, "totalCashFromFinancingActivities": -1832380, "changeInCash": -39774}, {"maxAge": 1, "endDate": "2018-03-31", "netIncome": 6329265, "depreciation": 125887, "changeToNetincome": -1367290, "changeToAccountReceivables": -40303695, "changeToLiabilities": 9458032, "changeToInventory": 32476740, "changeToOperatingActivities": -945753, "totalCashFromOperatingActivities": 6684690, "capitalExpenditures": -571431, "investments": 2159451, "otherCashflowsFromInvestingActivities": 1618982, "totalCashflowsFromInvestingActivities": -5061882, "dividendsPaid": -1519950, "netBorrowings": 1000000, "otherCashflowsFromFinancingActivities": -371984, "totalCashFromFinancingActivities": -1891934, "changeInCash": -269126}, {"maxAge": 1, "endDate": "2017-03-31", "netIncome": 3129498, "depreciation": 125887, "changeToNetincome": -1367290, "changeToAccountReceivables": -40303695, "changeToLiabilities": 0, "changeToInventory": 32476740, "changeToOperatingActivities": -945753, "totalCashFromOperatingActivities": 6684690, "capitalExpenditures": -571431, "investments": 2159451, "otherCashflowsFromInvestingActivities": 1618982, "totalCashflowsFromInvestingActivities": -5061882, "dividendsPaid": -1519950, "netBorrowings": 1000000, "otherCashflowsFromFinancingActivities": -371984, "totalCashFromFinancingActivities": -1891934, "changeInCash": -269126}], "maxAge": 86400}, "institutionOwnership": {"ownershipList": [], "maxAge": 1}, "balanceSheetHistoryQuarterly": {"balanceSheetStatements": [{"maxAge": 1, "endDate": "2020-06-30", "totalStockholderEquity": 34477000, "netTangibleAssets": 34463000}, {"maxAge": 1, "endDate": "2020-03-31", "cash": 729134, "netReceivables": 100041594, "inventory": 22371738, "otherCurrentAssets": 7010430, "totalCurrentAssets": 130743414, "propertyPlantEquipment": 491440, "intangibleAssets": 14366, "otherAssets": 851046, "deferredLongTermAssetCharges": 685491, "totalAssets": 132100266, "accountsPayable": 73650598, "otherCurrentLiab": 751380, "otherLiab": 306332, "totalCurrentLiabilities": 97317395, "totalLiab": 97623727, "commonStock": 43900000, "retainedEarnings": 4153332, "treasuryStock": -13576793, "otherStockholderEquity": -13576793, "totalStockholderEquity": 34476539, "netTangibleAssets": 34462173}, {"maxAge": 1, "endDate": "2019-12-31", "totalStockholderEquity": 35154000, "netTangibleAssets": 34678000}, {"maxAge": 1, "endDate": "2019-09-30", "cash": 2257000, "netReceivables": 54936000, "inventory": 23192000, "otherCurrentAssets": 12286000, "totalCurrentAssets": 92671000, "longTermInvestments": 1249000, "propertyPlantEquipment": 477000, "intangibleAssets": 476000, "otherAssets": 27457000, "totalAssets": 122330000, "accountsPayable": 83062000, "otherCurrentLiab": 4101000, "otherLiab": 13000, "totalCurrentLiabilities": 87163000, "totalLiab": 87176000, "commonStock": 43900000, "treasuryStock": -8746000, "otherStockholderEquity": -8746000, "totalStockholderEquity": 35154000, "netTangibleAssets": 34678000}], "maxAge": 86400}, "indexTrend": {"maxAge": 1, "symbol": "SP5", "peRatio": 19.7411, "pegRatio": 1.34172, "estimates": [{"period": "0q", "growth": 0.549}, {"period": "+1q", "growth": 0.431}, {"period": "0y", "growth": 0.305}, {"period": "+1y", "growth": 0.109}, {"period": "+5y", "growth": 0.120865}, {"period": "-5y"}]}, "insiderTransactions": {"transactions": [{"maxAge": 1, "shares": 125000, "filerUrl": "", "transactionText": "", "filerName": "Rambhai (Nikit D)", "filerRelation": "UNREPORTED", "moneyText": "", "startDate": "2016-04-07", "ownership": "D"}, {"maxAge": 1, "shares": 125000, "filerUrl": "", "transactionText": "", "filerName": "Rambhia (Amit D)", "filerRelation": "UNREPORTED", "moneyText": "", "startDate": "2016-04-07", "ownership": "D"}, {"maxAge": 1, "shares": 40000, "filerUrl": "", "transactionText": "", "filerName": "Rambhia (Devchand Lalji)", "filerRelation": "UNREPORTED", "moneyText": "", "startDate": "2016-04-07", "ownership": "D"}], "maxAge": 1}, "quoteType": {"exchange": "BSE", "quoteType": "EQUITY", "symbol": "PANACHE.BO", "underlyingSymbol": "PANACHE.BO", "shortName": "Panache Innovations Limited", "longName": "Panache Innovations Limited", "firstTradeDateEpochUtc": "2016-11-16 09:15:00", "timeZoneFullName": "Asia/Kolkata", "timeZoneShortName": "IST", "uuid": "64866aa7-94b6-3ff6-bba9-71bfd7e50076", "gmtOffSetMilliseconds": 19800000, "maxAge": 1}, "incomeStatementHistory": {"incomeStatementHistory": [{"maxAge": 1, "endDate": "2020-03-31", "totalRevenue": 151242676, "costOfRevenue": 128226608, "grossProfit": 23016068, "researchDevelopment": {}, "sellingGeneralAdministrative": 14672493, "nonRecurring": {}, "otherOperatingExpenses": 8170353, "totalOperatingExpenses": 151277011, "operatingIncome": -34335, "totalOtherIncomeExpenseNet": 1451334, "ebit": -34335, "interestExpense": -901016, "incomeBeforeTax": 1416999, "incomeTaxExpense": -205287, "minorityInterest": {}, "netIncomeFromContinuingOps": 1622286, "discontinuedOperations": {}, "extraordinaryItems": {}, "effectOfAccountingCharges": {}, "otherItems": {}, "netIncome": 1622286, "netIncomeApplicableToCommonShares": 1641440}, {"maxAge": 1, "endDate": "2019-03-31", "totalRevenue": 103147041, "costOfRevenue": 97794068, "grossProfit": 5352973, "researchDevelopment": {}, "sellingGeneralAdministrative": 4302663, "nonRecurring": {}, "otherOperatingExpenses": 6998147, "totalOperatingExpenses": 109220765, "operatingIncome": -6073724, "totalOtherIncomeExpenseNet": 2830827, "ebit": -6073724, "interestExpense": -1292, "incomeBeforeTax": -3242897, "incomeTaxExpense": 423539, "minorityInterest": {}, "netIncomeFromContinuingOps": -3666436, "discontinuedOperations": {}, "extraordinaryItems": {}, "effectOfAccountingCharges": {}, "otherItems": {}, "netIncome": -3666436, "netIncomeApplicableToCommonShares": -3666436}, {"maxAge": 1, "endDate": "2018-03-31", "totalRevenue": 400844399, "costOfRevenue": 380700920, "grossProfit": 20143479, "researchDevelopment": {}, "sellingGeneralAdministrative": 9358838, "nonRecurring": {}, "otherOperatingExpenses": 5101759, "totalOperatingExpenses": 395287404, "operatingIncome": 5556995, "totalOtherIncomeExpenseNet": 1512647, "ebit": 5556995, "interestExpense": -34424, "incomeBeforeTax": 7069642, "incomeTaxExpense": 740377, "minorityInterest": {}, "netIncomeFromContinuingOps": 6329265, "discontinuedOperations": {}, "extraordinaryItems": {}, "effectOfAccountingCharges": {}, "otherItems": {}, "netIncome": 6329265, "netIncomeApplicableToCommonShares": 6329265}, {"maxAge": 1, "endDate": "2017-03-31", "totalRevenue": 112063172, "costOfRevenue": 101477484, "grossProfit": 10585688, "researchDevelopment": {}, "sellingGeneralAdministrative": 5558754, "nonRecurring": {}, "otherOperatingExpenses": 3111339, "totalOperatingExpenses": 110269914, "operatingIncome": 1793258, "totalOtherIncomeExpenseNet": 2002876, "ebit": 1793258, "interestExpense": -1609, "incomeBeforeTax": 3796134, "incomeTaxExpense": 666636, "minorityInterest": {}, "netIncomeFromContinuingOps": 3129498, "discontinuedOperations": {}, "extraordinaryItems": {}, "effectOfAccountingCharges": {}, "otherItems": {}, "netIncome": 3129498, "netIncomeApplicableToCommonShares": 3129498}], "maxAge": 86400}, "fundOwnership": {"ownershipList": [], "maxAge": 1}, "summaryDetail": {"maxAge": 1, "priceHint": 2, "previousClose": 15.3, "open": 15.3, "dayLow": 15.3, "dayHigh": 15.3, "regularMarketPreviousClose": 15.3, "regularMarketOpen": 15.3, "regularMarketDayLow": 15.3, "regularMarketDayHigh": 15.3, "trailingPE": 1092.8572, "volume": 1, "regularMarketVolume": 1, "averageVolume": 1579, "averageVolume10days": 73, "averageDailyVolume10Day": 73, "bid": 14.97, "ask": 15.3, "bidSize": 0, "askSize": 0, "marketCap": 67167000, "fiftyTwoWeekLow": 15.3, "fiftyTwoWeekHigh": 29.75, "fiftyDayAverage": 19.115152, "twoHundredDayAverage": 20.477942, "trailingAnnualDividendRate": 0.25, "trailingAnnualDividendYield": 0.016339868, "currency": "INR", "fromCurrency": null, "lastMarket": null, "algorithm": null, "tradeable": false}, "incomeStatementHistoryQuarterly": {"incomeStatementHistory": [{"maxAge": 1, "endDate": "2020-06-30", "totalRevenue": 14425000, "costOfRevenue": 12977000, "grossProfit": 1448000, "researchDevelopment": {}, "sellingGeneralAdministrative": 1824000, "nonRecurring": {}, "otherOperatingExpenses": 1037000, "totalOperatingExpenses": 15877000, "operatingIncome": -1452000, "totalOtherIncomeExpenseNet": 43000, "ebit": -1452000, "interestExpense": -540000, "incomeBeforeTax": -1409000, "incomeTaxExpense": 4000, "minorityInterest": {}, "netIncomeFromContinuingOps": -1413000, "discontinuedOperations": {}, "extraordinaryItems": {}, "effectOfAccountingCharges": {}, "otherItems": {}, "netIncome": -1413000, "netIncomeApplicableToCommonShares": -1413000}, {"maxAge": 1, "endDate": "2020-03-31", "totalRevenue": 43948676, "costOfRevenue": 37913608, "grossProfit": 6035068, "researchDevelopment": {}, "sellingGeneralAdministrative": 4852493, "nonRecurring": {}, "otherOperatingExpenses": 2036353, "totalOperatingExpenses": 44821011, "operatingIncome": -872335, "totalOtherIncomeExpenseNet": -863666, "ebit": -872335, "interestExpense": -811016, "incomeBeforeTax": -1736001, "incomeTaxExpense": -980287, "minorityInterest": {}, "netIncomeFromContinuingOps": -755714, "discontinuedOperations": {}, "extraordinaryItems": {}, "effectOfAccountingCharges": {}, "otherItems": {}, "netIncome": -755714, "netIncomeApplicableToCommonShares": -736560}, {"maxAge": 1, "endDate": "2019-12-31", "totalRevenue": 46947000, "costOfRevenue": 38372000, "grossProfit": 8575000, "researchDevelopment": {}, "sellingGeneralAdministrative": 4672000, "nonRecurring": {}, "otherOperatingExpenses": 3088000, "totalOperatingExpenses": 46196000, "operatingIncome": 751000, "totalOtherIncomeExpenseNet": 752000, "ebit": 751000, "interestExpense": -90000, "incomeBeforeTax": 1503000, "incomeTaxExpense": 380000, "minorityInterest": {}, "netIncomeFromContinuingOps": 1123000, "discontinuedOperations": {}, "extraordinaryItems": {}, "effectOfAccountingCharges": {}, "otherItems": {}, "netIncome": 1123000, "netIncomeApplicableToCommonShares": 1123000}, {"maxAge": 1, "endDate": "2019-09-30", "totalRevenue": 42608000, "costOfRevenue": 35389000, "grossProfit": 7219000, "researchDevelopment": {}, "sellingGeneralAdministrative": 4211000, "nonRecurring": {}, "otherOperatingExpenses": 2493000, "totalOperatingExpenses": 42191000, "operatingIncome": 417000, "totalOtherIncomeExpenseNet": 868000, "ebit": 417000, "interestExpense": -90000, "incomeBeforeTax": 1285000, "incomeTaxExpense": 180000, "minorityInterest": {}, "netIncomeFromContinuingOps": 1105000, "discontinuedOperations": {}, "extraordinaryItems": {}, "effectOfAccountingCharges": {}, "otherItems": {}, "netIncome": 1105000, "netIncomeApplicableToCommonShares": 1105000}], "maxAge": 86400}, "cashflowStatementHistoryQuarterly": {"cashflowStatements": [{"maxAge": 1, "endDate": "2020-06-30", "netIncome": -1413000, "changeToLiabilities": 0}, {"maxAge": 1, "endDate": "2020-03-31", "netIncome": -755714, "changeToLiabilities": 0}, {"maxAge": 1, "endDate": "2019-12-31", "netIncome": 1123000, "changeToLiabilities": 0}, {"maxAge": 1, "endDate": "2019-09-30", "netIncome": 1105000, "changeToLiabilities": 0}], "maxAge": 86400}, "insiderHolders": {"holders": [{"maxAge": 1, "name": "Rambhai (Nikit D)", "relation": "UNREPORTED", "url": "", "transactionDescription": "Other", "latestTransDate": "2016-04-07", "positionDirect": 425000, "positionDirectDate": "2016-04-07"}, {"maxAge": 1, "name": "Rambhia (Amit D)", "relation": "UNREPORTED", "url": "", "transactionDescription": "Other", "latestTransDate": "2016-04-07", "positionDirect": 425100, "positionDirectDate": "2016-04-07"}, {"maxAge": 1, "name": "Rambhia (Devchand Lalji)", "relation": "UNREPORTED", "url": "", "transactionDescription": "Other", "latestTransDate": "2016-04-07", "positionDirect": 500000, "positionDirectDate": "2016-04-07"}], "maxAge": 1}, "calendarEvents": {"maxAge": 1, "earnings": {"earningsDate": []}}, "upgradeDowngradeHistory": {"history": [], "maxAge": 86400}, "price": {"maxAge": 1, "regularMarketChangePercent": 0.0, "regularMarketChange": 0.0, "regularMarketTime": "2021-04-30 15:02:07", "priceHint": 2, "regularMarketPrice": 15.3, "regularMarketDayHigh": 15.3, "regularMarketDayLow": 15.3, "regularMarketVolume": 1, "averageDailyVolume10Day": 73, "averageDailyVolume3Month": 1579, "regularMarketPreviousClose": 15.3, "regularMarketSource": "FREE_REALTIME", "regularMarketOpen": 15.3, "exchange": "BSE", "exchangeName": "BSE", "exchangeDataDelayedBy": 0, "marketState": "CLOSED", "quoteType": "EQUITY", "symbol": "PANACHE.BO", "underlyingSymbol": null, "shortName": "Panache Innovations Limited", "longName": "Panache Innovations Limited", "currency": "INR", "quoteSourceName": "Delayed Quote", "currencySymbol": "\u20b9", "fromCurrency": null, "lastMarket": null, "marketCap": 67167000}, "balanceSheetHistory": {"balanceSheetStatements": [{"maxAge": 1, "endDate": "2020-03-31", "cash": 729134, "netReceivables": 100041594, "inventory": 22371738, "otherCurrentAssets": 7010430, "totalCurrentAssets": 130743414, "propertyPlantEquipment": 491440, "intangibleAssets": 14366, "otherAssets": 851046, "deferredLongTermAssetCharges": 685491, "totalAssets": 132100266, "accountsPayable": 73650598, "otherCurrentLiab": 751380, "otherLiab": 306332, "totalCurrentLiabilities": 97317395, "totalLiab": 97623727, "commonStock": 43900000, "retainedEarnings": 4153332, "treasuryStock": -13576793, "otherStockholderEquity": -13576793, "totalStockholderEquity": 34476539, "netTangibleAssets": 34462173}, {"maxAge": 1, "endDate": "2019-03-31", "cash": 510445, "netReceivables": 64670393, "otherCurrentAssets": 6881001, "totalCurrentAssets": 72061839, "longTermInvestments": 1055600, "propertyPlantEquipment": 9865, "intangibleAssets": 523000, "otherAssets": 88493, "deferredLongTermAssetCharges": 11645, "totalAssets": 73738797, "accountsPayable": 38315415, "otherCurrentLiab": 403931, "otherLiab": -1, "totalCurrentLiabilities": 39107051, "totalLiab": 39107050, "commonStock": 43900000, "retainedEarnings": 3447242, "treasuryStock": -12715495, "otherStockholderEquity": -12715495, "totalStockholderEquity": 34631747, "netTangibleAssets": 34108747}, {"maxAge": 1, "endDate": "2018-03-31", "cash": 621620, "netReceivables": 129474887, "inventory": 1314984, "otherCurrentAssets": 7418953, "totalCurrentAssets": 139112002, "longTermInvestments": 10280600, "propertyPlantEquipment": 12752, "intangibleAssets": 646000, "otherAssets": 21039801, "deferredLongTermAssetCharges": -91917, "totalAssets": 171091155, "accountsPayable": 119599812, "otherCurrentLiab": 2093511, "otherLiab": 91918, "totalCurrentLiabilities": 131750279, "totalLiab": 131750279, "commonStock": 43900000, "retainedEarnings": 8946058, "treasuryStock": -13505182, "otherStockholderEquity": -13505182, "totalStockholderEquity": 39340876, "netTangibleAssets": 38694876}, {"maxAge": 1, "endDate": "2017-03-31", "cash": 890746, "netReceivables": 101911244, "inventory": 33791724, "otherCurrentAssets": 687010, "totalCurrentAssets": 137280724, "longTermInvestments": 13451556, "propertyPlantEquipment": 15639, "intangibleAssets": 700000, "otherAssets": 477319, "totalAssets": 151925238, "accountsPayable": 109925187, "otherCurrentLiab": 3268286, "otherLiab": 98312, "deferredLongTermLiab": 449318, "totalCurrentLiabilities": 115990712, "totalLiab": 116089024, "commonStock": 43900000, "retainedEarnings": 4446168, "treasuryStock": -12509954, "otherStockholderEquity": -12509954, "totalStockholderEquity": 35836214, "netTangibleAssets": 35136214}], "maxAge": 86400}, "financialData": {"maxAge": 86400, "currentPrice": 15.3, "recommendationKey": "none", "grossProfits": 23016068, "financialCurrency": "INR"}}}