{"PANACHE.NS": {"assetProfile": {"address1": "Unit No. 002", "address2": "Ground Floor Raheja Plaza \u00e2\u0080\u0093 1, LBS Marg Ghatkopar West", "city": "Mumbai", "zip": "400086", "country": "India", "phone": "91 22 2500 7002", "website": "http://www.panachedigilife.com", "industry": "Communication Equipment", "sector": "Technology", "longBusinessSummary": "Panache Digilife Limited manufactures, distributes, sells, and services information, communication and technology, and internet of thing devices in India and internationally. The company provides smart compute devices, such as squair, clair, flair AIO, air, desair, and desktop PCs, as well as laptops and NUCs; and POS terminals, thermal printers, cash drawers, and touch monitors, as well as consumer light-emitting diode televisions, commercial signage displays, and AV solutions. It also offers smart education solutions, such as OPS, IFPD, AI4YOUTH, and squair PCs for classroom learning and teaching; healthy living solutions, including Aquatatva that provides healthy water, and IoT ready smart metering solution to monitor water consumption patterns remotely; and electronic signature solutions, such as signature pads, pen displays, multi authentication devices, and pen tablets. In addition, the company provides queue management system, a branch of automation system that dynamically manages the customer queues in real time. The company was formerly known as Vardhaman Technology Limited and changed its name to Panache Digilife Limited in February 2017. Panache Digilife Limited was incorporated in 2007 and is based in Mumbai, India.", "fullTimeEmployees": 142, "companyOfficers": [{"maxAge": 1, "name": "Mr. Amit Devchand Rambhia", "age": 46, "title": "Chairman & MD", "yearBorn": 1974, "fiscalYear": 2020, "totalPay": 3850000, "exercisedValue": 0, "unexercisedValue": 0}, {"maxAge": 1, "name": "Mr. Vishal  Lalan", "title": "Chief Exec. Officer", "fiscalYear": 2020, "totalPay": 4216286, "exercisedValue": 0, "unexercisedValue": 0}, {"maxAge": 1, "name": "Mr. Nikit Devchand Rambhia", "age": 42, "title": "Joint MD & Exec. Director", "yearBorn": 1978, "fiscalYear": 2020, "totalPay": 3850000, "exercisedValue": 0, "unexercisedValue": 0}, {"maxAge": 1, "name": "Mr. Nitesh Manilal Savla", "age": 40, "title": "Chief Financial Officer", "yearBorn": 1980, "fiscalYear": 2020, "totalPay": 1476912, "exercisedValue": 0, "unexercisedValue": 0}, {"maxAge": 1, "name": "Ms. Jinkle Ashok Khimsaria", "age": 26, "title": "Compliance Officer & Company Sec.", "yearBorn": 1994, "fiscalYear": 2020, "totalPay": 687304, "exercisedValue": 0, "unexercisedValue": 0}, {"maxAge": 1, "name": "Mr. Devchand Lalji Rambhia", "age": 72, "title": "Whole-Time Director", "yearBorn": 1948, "fiscalYear": 2020, "totalPay": 1375000, "exercisedValue": 0, "unexercisedValue": 0}, {"maxAge": 1, "name": "Akash  Sutane", "age": 47, "title": "Chief Technology Officer", "yearBorn": 1973, "fiscalYear": 2017, "exercisedValue": 0, "unexercisedValue": 0}, {"maxAge": 1, "name": "Vikesh  Shah", "age": 40, "title": "National Sales Mang.", "yearBorn": 1980, "exercisedValue": 0, "unexercisedValue": 0}, {"maxAge": 1, "name": "Deepa  Rambhia", "age": 44, "title": "Fin. Head", "yearBorn": 1976, "exercisedValue": 0, "unexercisedValue": 0}], "compensationAsOfEpochDate": "2020-12-31 05:30:00", "maxAge": 86400}, "cashflowStatementHistory": {"cashflowStatements": [{"maxAge": 1, "endDate": "2020-03-31", "netIncome": -29347189, "depreciation": 12161388, "changeToNetincome": 68805717, "changeToAccountReceivables": 190794525, "changeToLiabilities": -145832003, "changeToInventory": -19280187, "changeToOperatingActivities": -13086793, "totalCashFromOperatingActivities": 65687054, "capitalExpenditures": -231963605, "investments": -6517902, "otherCashflowsFromInvestingActivities": 6862094, "totalCashflowsFromInvestingActivities": -233416487, "dividendsPaid": -900000, "netBorrowings": 165154141, "otherCashflowsFromFinancingActivities": -27966257, "totalCashFromFinancingActivities": 136287884, "changeInCash": -31441549}, {"maxAge": 1, "endDate": "2019-03-31", "netIncome": 37155186, "depreciation": 1960098, "changeToNetincome": 15721133, "changeToAccountReceivables": -153821842, "changeToLiabilities": 7006545, "changeToInventory": 47215479, "changeToOperatingActivities": -10934488, "totalCashFromOperatingActivities": -54452861, "capitalExpenditures": -11954171, "investments": 8905108, "otherCashflowsFromInvestingActivities": 4275315, "totalCashflowsFromInvestingActivities": 1804664, "dividendsPaid": -900000, "netBorrowings": 1584742, "otherCashflowsFromFinancingActivities": -17662087, "totalCashFromFinancingActivities": -16977345, "changeInCash": -69625543}, {"maxAge": 1, "endDate": "2018-03-31", "netIncome": 48590471, "depreciation": 1507728, "changeToNetincome": 14230087, "changeToAccountReceivables": -54896193, "changeToLiabilities": 128775266, "changeToInventory": -151690821, "changeToOperatingActivities": -55569246, "totalCashFromOperatingActivities": -67767743, "capitalExpenditures": -2104368, "investments": -7542348, "otherCashflowsFromInvestingActivities": 4805841, "totalCashflowsFromInvestingActivities": -6294343, "dividendsPaid": -1800000, "netBorrowings": -53873986, "otherCashflowsFromFinancingActivities": -16951499, "totalCashFromFinancingActivities": 73174515, "changeInCash": -887571, "issuanceOfStock": 145800000}, {"maxAge": 1, "endDate": "2017-03-31", "netIncome": 44245046, "depreciation": 1507728, "changeToNetincome": 14230087, "changeToAccountReceivables": -54896193, "changeToLiabilities": 0, "changeToInventory": -151690821, "changeToOperatingActivities": -55569246, "totalCashFromOperatingActivities": -67767743, "capitalExpenditures": -2104368, "investments": -7542348, "otherCashflowsFromInvestingActivities": 4805841, "totalCashflowsFromInvestingActivities": -6294343, "dividendsPaid": -1800000, "netBorrowings": -53873986, "otherCashflowsFromFinancingActivities": -16951499, "totalCashFromFinancingActivities": 73174515, "changeInCash": -887571, "issuanceOfStock": 145800000}], "maxAge": 86400}, "institutionOwnership": {"ownershipList": [], "maxAge": 1}, "majorHoldersBreakdown": {"maxAge": 1}, "balanceSheetHistoryQuarterly": {"balanceSheetStatements": [{"maxAge": 1, "endDate": "2020-09-30", "cash": 20804000, "netReceivables": 336946000, "inventory": 267847000, "otherCurrentAssets": 59402000, "totalCurrentAssets": 684999000, "longTermInvestments": 7033000, "propertyPlantEquipment": 277557000, "intangibleAssets": 51000, "otherAssets": 32737000, "deferredLongTermAssetCharges": 4382000, "totalAssets": 1002377000, "accountsPayable": 179895000, "otherCurrentLiab": 40487000, "longTermDebt": 161248000, "otherLiab": 6428000, "totalCurrentLiabilities": 519662000, "totalLiab": 694042000, "commonStock": 120000000, "treasuryStock": 188335000, "otherStockholderEquity": 188335000, "totalStockholderEquity": 308335000, "netTangibleAssets": 308284000}, {"maxAge": 1, "endDate": "2020-06-30", "totalStockholderEquity": 291746061, "netTangibleAssets": 291651618}, {"maxAge": 1, "endDate": "2020-03-31", "cash": 18981532, "netReceivables": 425932390, "inventory": 274250580, "otherCurrentAssets": 39219430, "totalCurrentAssets": 773558051, "longTermInvestments": 6586752, "propertyPlantEquipment": 284375137, "intangibleAssets": 94443, "otherAssets": 29815121, "totalAssets": 1094429504, "accountsPayable": 320103359, "otherCurrentLiab": 29380336, "longTermDebt": 137845447, "otherLiab": 5900855, "deferredLongTermLiab": 1614892, "totalCurrentLiabilities": 652233156, "totalLiab": 802683443, "commonStock": 120000000, "retainedEarnings": 99184666, "treasuryStock": 4761395, "capitalSurplus": 67800000, "otherStockholderEquity": 4761395, "totalStockholderEquity": 291746061, "netTangibleAssets": 291651618}, {"maxAge": 1, "endDate": "2019-12-31", "totalStockholderEquity": 280730000, "netTangibleAssets": 280530000}], "maxAge": 86400}, "indexTrend": {"maxAge": 1, "symbol": "SP5", "peRatio": 19.7411, "pegRatio": 1.34172, "estimates": [{"period": "0q", "growth": 0.549}, {"period": "+1q", "growth": 0.431}, {"period": "0y", "growth": 0.305}, {"period": "+1y", "growth": 0.109}, {"period": "+5y", "growth": 0.120865}, {"period": "-5y"}]}, "defaultKeyStatistics": {"maxAge": 1, "priceHint": 2, "enterpriseValue": 1130582528, "profitMargins": 0.0324, "floatShares": 1828223, "sharesOutstanding": 12000000, "beta": 0.722612, "category": null, "bookValue": 25.892, "priceToBook": 2.218832, "fundFamily": null, "legalType": null, "lastFiscalYearEnd": "2020-03-31 05:30:00", "nextFiscalYearEnd": "2022-03-31 05:30:00", "mostRecentQuarter": "2020-09-30 05:30:00", "earningsQuarterlyGrowth": 0.233, "netIncomeToCommon": 28701496, "trailingEps": 2.21, "lastSplitFactor": "2:1", "lastSplitDate": "2019-07-18 05:30:00", "enterpriseToRevenue": 1.38, "enterpriseToEbitda": 11.761}, "summaryProfile": {"address1": "Unit No. 002", "address2": "Ground Floor Raheja Plaza \u00e2\u0080\u0093 1, LBS Marg Ghatkopar West", "city": "Mumbai", "zip": "400086", "country": "India", "phone": "91 22 2500 7002", "website": "http://www.panachedigilife.com", "industry": "Communication Equipment", "sector": "Technology", "longBusinessSummary": "Panache Digilife Limited manufactures, distributes, sells, and services information, communication and technology, and internet of thing devices in India and internationally. The company provides smart compute devices, such as squair, clair, flair AIO, air, desair, and desktop PCs, as well as laptops and NUCs; and POS terminals, thermal printers, cash drawers, and touch monitors, as well as consumer light-emitting diode televisions, commercial signage displays, and AV solutions. It also offers smart education solutions, such as OPS, IFPD, AI4YOUTH, and squair PCs for classroom learning and teaching; healthy living solutions, including Aquatatva that provides healthy water, and IoT ready smart metering solution to monitor water consumption patterns remotely; and electronic signature solutions, such as signature pads, pen displays, multi authentication devices, and pen tablets. In addition, the company provides queue management system, a branch of automation system that dynamically manages the customer queues in real time. The company was formerly known as Vardhaman Technology Limited and changed its name to Panache Digilife Limited in February 2017. Panache Digilife Limited was incorporated in 2007 and is based in Mumbai, India.", "fullTimeEmployees": 142, "companyOfficers": [], "maxAge": 86400}, "netSharePurchaseActivity": {"maxAge": 1, "period": "6m", "buyInfoCount": 0, "buyInfoShares": 0, "sellInfoCount": 0, "netInfoCount": 0, "netInfoShares": 0, "totalInsiderShares": 0}, "quoteType": {"exchange": "NSI", "quoteType": "EQUITY", "symbol": "PANACHE.NS", "underlyingSymbol": "PANACHE.NS", "shortName": "Panache Digilife Limited", "longName": "Panache Digilife Limited", "firstTradeDateEpochUtc": "2017-04-28 09:00:00", "timeZoneFullName": "Asia/Kolkata", "timeZoneShortName": "IST", "uuid": "9eada0ea-73ab-33e6-a945-632adbea3d8a", "gmtOffSetMilliseconds": 19800000, "maxAge": 1}, "incomeStatementHistory": {"incomeStatementHistory": [{"maxAge": 1, "endDate": "2020-03-31", "totalRevenue": 712839610, "costOfRevenue": 562480637, "grossProfit": 150358973, "researchDevelopment": {}, "sellingGeneralAdministrative": 60450163, "nonRecurring": {}, "otherOperatingExpenses": 20211968, "totalOperatingExpenses": 655414493, "operatingIncome": 57425117, "totalOtherIncomeExpenseNet": -29620468, "ebit": 57425117, "interestExpense": -28383023, "incomeBeforeTax": 27804649, "incomeTaxExpense": 8717153, "minorityInterest": {}, "netIncomeFromContinuingOps": 19087496, "discontinuedOperations": -48434685, "extraordinaryItems": {}, "effectOfAccountingCharges": {}, "otherItems": {}, "netIncome": -29347189, "netIncomeApplicableToCommonShares": -29347189}, {"maxAge": 1, "endDate": "2019-03-31", "totalRevenue": 935548906, "costOfRevenue": 780112407, "grossProfit": 155436499, "researchDevelopment": {}, "sellingGeneralAdministrative": 50099158, "nonRecurring": {}, "otherOperatingExpenses": 29288128, "totalOperatingExpenses": 861459791, "operatingIncome": 74089115, "totalOtherIncomeExpenseNet": -19276977, "ebit": 74089115, "interestExpense": -19678643, "incomeBeforeTax": 54812138, "incomeTaxExpense": 17656952, "minorityInterest": {}, "netIncomeFromContinuingOps": 37155186, "discontinuedOperations": -48434685, "extraordinaryItems": {}, "effectOfAccountingCharges": {}, "otherItems": {}, "netIncome": 37155186, "netIncomeApplicableToCommonShares": 37155186}, {"maxAge": 1, "endDate": "2018-03-31", "totalRevenue": 1025025724, "costOfRevenue": 889598887, "grossProfit": 135426837, "researchDevelopment": {}, "sellingGeneralAdministrative": 38219565, "nonRecurring": {}, "otherOperatingExpenses": 22834502, "totalOperatingExpenses": 952200619, "operatingIncome": 72825105, "totalOtherIncomeExpenseNet": -10484453, "ebit": 72825105, "interestExpense": -11638020, "incomeBeforeTax": 62340652, "incomeTaxExpense": 13750181, "minorityInterest": {}, "netIncomeFromContinuingOps": 48590471, "discontinuedOperations": -48434685, "extraordinaryItems": {}, "effectOfAccountingCharges": {}, "otherItems": {}, "netIncome": 48590471, "netIncomeApplicableToCommonShares": 48590471}, {"maxAge": 1, "endDate": "2017-03-31", "totalRevenue": 789417577, "costOfRevenue": 659945465, "grossProfit": 129472112, "researchDevelopment": {}, "sellingGeneralAdministrative": 28623221, "nonRecurring": {}, "otherOperatingExpenses": 27245597, "totalOperatingExpenses": 717389412, "operatingIncome": 72028165, "totalOtherIncomeExpenseNet": -18579930, "ebit": 72028165, "interestExpense": -17866413, "incomeBeforeTax": 53448235, "incomeTaxExpense": 9203189, "minorityInterest": {}, "netIncomeFromContinuingOps": 44245046, "discontinuedOperations": -48434685, "extraordinaryItems": {}, "effectOfAccountingCharges": {}, "otherItems": {}, "netIncome": 44245046, "netIncomeApplicableToCommonShares": 44245046}], "maxAge": 86400}, "fundOwnership": {"ownershipList": [], "maxAge": 1}, "summaryDetail": {"maxAge": 1, "priceHint": 2, "previousClose": 57.7, "open": 58.3, "dayLow": 56.6, "dayHigh": 58.45, "regularMarketPreviousClose": 57.7, "regularMarketOpen": 58.3, "regularMarketDayLow": 56.6, "regularMarketDayHigh": 58.45, "dividendRate": 0.25, "dividendYield": 0.0044, "exDividendDate": "2020-09-21 05:30:00", "payoutRatio": 0.1163, "beta": 0.722612, "trailingPE": 25.995476, "volume": 11120, "regularMarketVolume": 11120, "averageVolume": 62247, "averageVolume10days": 30456, "averageDailyVolume10Day": 30456, "bid": 0.0, "ask": 0.0, "marketCap": 689400000, "fiftyTwoWeekLow": 33.3, "fiftyTwoWeekHigh": 79.65, "priceToSalesTrailing12Months": 0.8417833, "fiftyDayAverage": 52.67576, "twoHundredDayAverage": 45.7975, "trailingAnnualDividendRate": 0.25, "trailingAnnualDividendYield": 0.0043327557, "currency": "INR", "fromCurrency": null, "lastMarket": null, "algorithm": null, "tradeable": false}, "incomeStatementHistoryQuarterly": {"incomeStatementHistory": [{"maxAge": 1, "endDate": "2020-09-30", "totalRevenue": 153093000, "costOfRevenue": 117208000, "grossProfit": 35885000, "researchDevelopment": {}, "sellingGeneralAdministrative": 9944000, "nonRecurring": {}, "otherOperatingExpenses": 4730000, "totalOperatingExpenses": 135584000, "operatingIncome": 17509000, "totalOtherIncomeExpenseNet": -10181000, "ebit": 17509000, "interestExpense": -10191000, "incomeBeforeTax": 7328000, "incomeTaxExpense": 1850000, "minorityInterest": {}, "netIncomeFromContinuingOps": 5478000, "discontinuedOperations": {}, "extraordinaryItems": {}, "effectOfAccountingCharges": {}, "otherItems": {}, "netIncome": 5478000, "netIncomeApplicableToCommonShares": 5478000}, {"maxAge": 1, "endDate": "2020-06-30", "totalRevenue": 204988000, "costOfRevenue": 163470000, "grossProfit": 41518000, "researchDevelopment": {}, "sellingGeneralAdministrative": 8169000, "nonRecurring": {}, "otherOperatingExpenses": 730000, "totalOperatingExpenses": 176064000, "operatingIncome": 28924000, "totalOtherIncomeExpenseNet": -12991000, "ebit": 28924000, "interestExpense": -13841000, "incomeBeforeTax": 15933000, "incomeTaxExpense": 4332000, "minorityInterest": {}, "netIncomeFromContinuingOps": 11601000, "discontinuedOperations": {}, "extraordinaryItems": {}, "effectOfAccountingCharges": {}, "otherItems": {}, "netIncome": 11601000, "netIncomeApplicableToCommonShares": 11601000}, {"maxAge": 1, "endDate": "2020-03-31", "totalRevenue": 328569000, "costOfRevenue": 284682000, "grossProfit": 43887000, "researchDevelopment": {}, "sellingGeneralAdministrative": 15027000, "nonRecurring": {}, "otherOperatingExpenses": 9189000, "totalOperatingExpenses": 312867000, "operatingIncome": 15702000, "totalOtherIncomeExpenseNet": 38734000, "ebit": 15702000, "interestExpense": -9455000, "incomeBeforeTax": 54436000, "incomeTaxExpense": 2727000, "minorityInterest": {}, "netIncomeFromContinuingOps": 51709000, "discontinuedOperations": -48435000, "extraordinaryItems": {}, "effectOfAccountingCharges": {}, "otherItems": {}, "netIncome": 3274000, "netIncomeApplicableToCommonShares": 3274000}, {"maxAge": 1, "endDate": "2019-12-31", "totalRevenue": 133948000, "costOfRevenue": 88935000, "grossProfit": 45013000, "researchDevelopment": {}, "sellingGeneralAdministrative": 15731000, "nonRecurring": {}, "otherOperatingExpenses": 5379000, "totalOperatingExpenses": 112863000, "operatingIncome": 21085000, "totalOtherIncomeExpenseNet": -9564000, "ebit": 21085000, "interestExpense": -6718000, "incomeBeforeTax": 11521000, "incomeTaxExpense": 3726000, "minorityInterest": {}, "netIncomeFromContinuingOps": 7795000, "discontinuedOperations": -48435000, "extraordinaryItems": {}, "effectOfAccountingCharges": {}, "otherItems": {}, "netIncome": 7795000, "netIncomeApplicableToCommonShares": 7795000}], "maxAge": 86400}, "cashflowStatementHistoryQuarterly": {"cashflowStatements": [{"maxAge": 1, "endDate": "2020-09-30", "netIncome": 5478000, "changeToLiabilities": 0}, {"maxAge": 1, "endDate": "2020-06-30", "netIncome": 11601000, "changeToLiabilities": 0}, {"maxAge": 1, "endDate": "2020-03-31", "netIncome": 3274000, "changeToLiabilities": 0}, {"maxAge": 1, "endDate": "2019-12-31", "netIncome": 7795000, "changeToLiabilities": 0}], "maxAge": 86400}, "insiderHolders": {"holders": [], "maxAge": 1}, "calendarEvents": {"maxAge": 1, "earnings": {"earningsDate": []}, "exDividendDate": "2020-09-21 05:30:00"}, "upgradeDowngradeHistory": {"history": [], "maxAge": 86400}, "price": {"maxAge": 1, "regularMarketChangePercent": -0.0043327557, "regularMarketChange": -0.25, "regularMarketTime": "2021-04-30 15:29:58", "priceHint": 2, "regularMarketPrice": 57.45, "regularMarketDayHigh": 58.45, "regularMarketDayLow": 56.6, "regularMarketVolume": 11120, "averageDailyVolume10Day": 30456, "averageDailyVolume3Month": 62247, "regularMarketPreviousClose": 57.7, "regularMarketSource": "FREE_REALTIME", "regularMarketOpen": 58.3, "exchange": "NSI", "exchangeName": "NSE", "exchangeDataDelayedBy": 15, "marketState": "CLOSED", "quoteType": "EQUITY", "symbol": "PANACHE.NS", "underlyingSymbol": null, "shortName": "Panache Digilife Limited", "longName": "Panache Digilife Limited", "currency": "INR", "quoteSourceName": "Delayed Quote", "currencySymbol": "\u20b9", "fromCurrency": null, "lastMarket": null, "marketCap": 689400000}, "balanceSheetHistory": {"balanceSheetStatements": [{"maxAge": 1, "endDate": "2020-03-31", "cash": 18981532, "netReceivables": 425932390, "inventory": 274250580, "otherCurrentAssets": 39219430, "totalCurrentAssets": 773558051, "longTermInvestments": 6586752, "propertyPlantEquipment": 284375137, "intangibleAssets": 94443, "otherAssets": 29815121, "totalAssets": 1094429504, "accountsPayable": 320103359, "otherCurrentLiab": 29380336, "longTermDebt": 137845447, "otherLiab": 5900855, "deferredLongTermLiab": 1614892, "totalCurrentLiabilities": 652233156, "totalLiab": 802683443, "commonStock": 120000000, "retainedEarnings": 99184666, "treasuryStock": 4761395, "capitalSurplus": 67800000, "otherStockholderEquity": 4761395, "totalStockholderEquity": 291746061, "netTangibleAssets": 291651618}, {"maxAge": 1, "endDate": "2019-03-31", "cash": 48102689, "netReceivables": 666700623, "inventory": 254970393, "otherCurrentAssets": 18073469, "totalCurrentAssets": 991290306, "longTermInvestments": 280248, "propertyPlantEquipment": 17671733, "intangibleAssets": 204780, "otherAssets": 57794191, "totalAssets": 1067241258, "accountsPayable": 466026996, "otherCurrentLiab": 12006161, "longTermDebt": 2591197, "otherLiab": 7427113, "deferredLongTermLiab": 2356251, "totalCurrentLiabilities": 734511399, "totalLiab": 744529709, "commonStock": 60000000, "retainedEarnings": 132356551, "treasuryStock": 2554998, "capitalSurplus": 127800000, "otherStockholderEquity": 2554998, "totalStockholderEquity": 322711549, "netTangibleAssets": 322506769}, {"maxAge": 1, "endDate": "2018-03-31", "cash": 14062336, "shortTermInvestments": 9055108, "netReceivables": 517591208, "inventory": 302185872, "otherCurrentAssets": 19462721, "totalCurrentAssets": 863004277, "propertyPlantEquipment": 7179389, "intangibleAssets": 262986, "otherAssets": 36275002, "totalAssets": 906721654, "accountsPayable": 459020451, "otherCurrentLiab": 20517541, "longTermDebt": 5801943, "otherLiab": 7086750, "deferredLongTermLiab": 4846307, "totalCurrentLiabilities": 610126155, "totalLiab": 623014848, "commonStock": 60000000, "retainedEarnings": 96286364, "treasuryStock": -379558, "capitalSurplus": 127800000, "otherStockholderEquity": -379558, "totalStockholderEquity": 283706806, "netTangibleAssets": 283443820}, {"maxAge": 1, "endDate": "2017-03-31", "cash": 9609775, "shortTermInvestments": 1512760, "netReceivables": 431537400, "inventory": 150495051, "otherCurrentAssets": 4830153, "totalCurrentAssets": 599327436, "propertyPlantEquipment": 6304534, "intangibleAssets": 172973, "otherAssets": 29747223, "totalAssets": 635552166, "accountsPayable": 330245185, "otherCurrentLiab": 25783012, "longTermDebt": 87529380, "otherLiab": 4203177, "deferredLongTermLiab": 1084040, "totalCurrentLiabilities": 452449065, "totalLiab": 544181622, "commonStock": 42000000, "retainedEarnings": 49806056, "treasuryStock": -435512, "otherStockholderEquity": -435512, "totalStockholderEquity": 91370544, "netTangibleAssets": 91197571}], "maxAge": 86400}, "financialData": {"maxAge": 86400, "currentPrice": 57.45, "recommendationKey": "none", "totalCash": 20804000, "totalCashPerShare": 1.747, "ebitda": 96132680, "totalDebt": 467232000, "quickRatio": 0.68, "currentRatio": 1.318, "totalRevenue": 818975616, "debtToEquity": 151.534, "revenuePerShare": 68.208, "returnOnAssets": 0.05368, "returnOnEquity": 0.097449996, "grossProfits": 150358973, "freeCashflow": -146875936, "operatingCashflow": 28680054, "earningsGrowth": 0.243, "revenueGrowth": 0.307, "grossMargins": 0.20031, "ebitdaMargins": 0.11738, "operatingMargins": 0.101210006, "profitMargins": 0.0324, "financialCurrency": "INR"}}}