{"PANAENERG.BO": {"recommendationTrend": {"trend": [{"period": "0m", "strongBuy": 0, "buy": 0, "hold": 0, "sell": 0, "strongSell": 0}, {"period": "-1m", "strongBuy": 0, "buy": 0, "hold": 0, "sell": 0, "strongSell": 0}, {"period": "-2m", "strongBuy": 0, "buy": 0, "hold": 0, "sell": 0, "strongSell": 0}, {"period": "-3m", "strongBuy": 0, "buy": 0, "hold": 0, "sell": 0, "strongSell": 0}], "maxAge": 86400}, "cashflowStatementHistory": {"cashflowStatements": [{"maxAge": 1, "endDate": "2020-03-31", "netIncome": 31520000, "depreciation": 30750000, "changeToNetincome": -24591000, "changeToAccountReceivables": -14140000, "changeToLiabilities": 633000, "changeToInventory": -65433000, "changeToOperatingActivities": 16758000, "totalCashFromOperatingActivities": -23611000, "capitalExpenditures": -24413000, "investments": -109639000, "otherCashflowsFromInvestingActivities": 30700000, "totalCashflowsFromInvestingActivities": -100948000, "dividendsPaid": -34868000, "netBorrowings": -8754000, "otherCashflowsFromFinancingActivities": -314000, "totalCashFromFinancingActivities": -43936000, "changeInCash": -168495000}, {"maxAge": 1, "endDate": "2019-03-31", "netIncome": 46128000, "depreciation": 26728000, "changeToNetincome": -39287000, "changeToAccountReceivables": 21767000, "changeToLiabilities": -6508000, "changeToInventory": -8181000, "changeToOperatingActivities": 38628000, "totalCashFromOperatingActivities": 80236000, "capitalExpenditures": -61457000, "investments": 129104000, "otherCashflowsFromInvestingActivities": 31819000, "totalCashflowsFromInvestingActivities": 99466000, "dividendsPaid": -52500000, "netBorrowings": -8754000, "otherCashflowsFromFinancingActivities": -11279000, "totalCashFromFinancingActivities": -63779000, "changeInCash": 115923000}, {"maxAge": 1, "endDate": "2018-03-31", "netIncome": 97974000, "depreciation": 23017000, "changeToNetincome": -59646000, "changeToAccountReceivables": 27367000, "changeToLiabilities": -11615000, "changeToInventory": 25175000, "changeToOperatingActivities": -119878000, "totalCashFromOperatingActivities": -16892000, "capitalExpenditures": -29244000, "investments": 48858000, "otherCashflowsFromInvestingActivities": 34749000, "totalCashflowsFromInvestingActivities": 54665000, "dividendsPaid": -41250000, "netBorrowings": -8754000, "otherCashflowsFromFinancingActivities": -8639000, "totalCashFromFinancingActivities": -49889000, "changeInCash": -12116000}, {"maxAge": 1, "endDate": "2017-03-31", "netIncome": 62715000, "depreciation": 21191000, "changeToNetincome": -42715000, "changeToAccountReceivables": 286311000, "changeToLiabilities": 290000, "changeToInventory": -39774000, "changeToOperatingActivities": 43100000, "totalCashFromOperatingActivities": 331760000, "capitalExpenditures": -14410000, "investments": -210866000, "otherCashflowsFromInvestingActivities": 34631000, "totalCashflowsFromInvestingActivities": -190467000, "dividendsPaid": -52500000, "netBorrowings": -8754000, "otherCashflowsFromFinancingActivities": -11439000, "totalCashFromFinancingActivities": -63939000, "changeInCash": 77354000}], "maxAge": 86400}, "institutionOwnership": {"maxAge": 1, "ownershipList": []}, "balanceSheetHistoryQuarterly": {"balanceSheetStatements": [{"maxAge": 1, "endDate": "2020-06-30", "totalStockholderEquity": 990818000, "netTangibleAssets": 987900000}, {"maxAge": 1, "endDate": "2020-03-31", "cash": 53884000, "shortTermInvestments": 420714000, "netReceivables": 67092000, "inventory": 363041000, "otherCurrentAssets": 86257000, "totalCurrentAssets": 998419000, "propertyPlantEquipment": 226044000, "intangibleAssets": 2918000, "otherAssets": 79257000, "totalAssets": 1306638000, "accountsPayable": 83074000, "otherCurrentLiab": 27341000, "otherLiab": 8939000, "totalCurrentLiabilities": 288250000, "totalLiab": 315820000, "commonStock": 75000000, "retainedEarnings": 847136000, "treasuryStock": -24131000, "capitalSurplus": 92813000, "otherStockholderEquity": -24131000, "totalStockholderEquity": 990818000, "netTangibleAssets": 987900000}, {"maxAge": 1, "endDate": "2019-12-31", "totalStockholderEquity": 1007682000, "netTangibleAssets": 1004634000}, {"maxAge": 1, "endDate": "2019-09-30", "cash": 500666000, "netReceivables": 74178000, "inventory": 351508000, "otherCurrentAssets": 55615000, "totalCurrentAssets": 981967000, "propertyPlantEquipment": 237092000, "intangibleAssets": 3048000, "otherAssets": 76781000, "totalAssets": 1298888000, "accountsPayable": 72224000, "otherCurrentLiab": 155378000, "otherLiab": 7027000, "totalCurrentLiabilities": 262556000, "totalLiab": 291206000, "commonStock": 75000000, "treasuryStock": 932682000, "otherStockholderEquity": 932682000, "totalStockholderEquity": 1007682000, "netTangibleAssets": 1004634000}], "maxAge": 86400}, "earningsHistory": {"history": [{"maxAge": 1, "epsActual": {}, "epsEstimate": {}, "epsDifference": {}, "surprisePercent": {}, "quarter": {}, "period": "-4q"}, {"maxAge": 1, "epsActual": {}, "epsEstimate": {}, "epsDifference": {}, "surprisePercent": {}, "quarter": {}, "period": "-3q"}, {"maxAge": 1, "epsActual": {}, "epsEstimate": {}, "epsDifference": {}, "surprisePercent": {}, "quarter": {}, "period": "-2q"}, {"maxAge": 1, "epsActual": {}, "epsEstimate": {}, "epsDifference": {}, "surprisePercent": {}, "quarter": {}, "period": "-1q"}], "maxAge": 86400}, "indexTrend": {"maxAge": 1, "symbol": "SP5", "peRatio": 19.7411, "pegRatio": 1.34172, "estimates": [{"period": "0q", "growth": 0.549}, {"period": "+1q", "growth": 0.431}, {"period": "0y", "growth": 0.305}, {"period": "+1y", "growth": 0.109}, {"period": "+5y", "growth": 0.120859005}, {"period": "-5y"}]}, "industryTrend": {"maxAge": 1, "symbol": null, "estimates": []}, "insiderTransactions": {"transactions": [{"maxAge": 1, "shares": 211994, "filerUrl": "", "transactionText": "", "filerName": "AKL Investments Pvt Ltd", "filerRelation": "Promoter", "moneyText": "", "startDate": "2012-05-29", "ownership": "D"}, {"maxAge": 1, "shares": 100000, "filerUrl": "", "transactionText": "", "filerName": "Lakhanpal (Ajai K)", "filerRelation": "Chairman of the Board", "moneyText": "", "startDate": "2012-05-29", "ownership": "D"}, {"maxAge": 1, "shares": 217150, "filerUrl": "", "transactionText": "", "filerName": "Lakhanpal Ltd", "filerRelation": "Promoter", "moneyText": "", "startDate": "2012-05-29", "ownership": "D"}, {"maxAge": 1, "shares": 529144, "filerUrl": "", "transactionText": "", "filerName": "Panasonic Corporation", "filerRelation": "Promoter", "moneyText": "", "startDate": "2012-05-29", "ownership": "D"}], "maxAge": 1}, "quoteType": {"exchange": "BSE", "quoteType": "EQUITY", "symbol": "PANAENERG.BO", "underlyingSymbol": "PANAENERG.BO", "shortName": "PANASONIC ENERGY INDIA COMPANY", "longName": "Panasonic Energy India Co. Ltd.", "firstTradeDateEpochUtc": "2000-02-16 09:15:00", "timeZoneFullName": "Asia/Kolkata", "timeZoneShortName": "IST", "uuid": "d7013948-789b-39ab-aa5a-8f0af53fa3fb", "messageBoardId": null, "gmtOffSetMilliseconds": 19800000, "maxAge": 1}, "incomeStatementHistory": {"incomeStatementHistory": [{"maxAge": 1, "endDate": "2020-03-31", "totalRevenue": 2035314000, "costOfRevenue": 1233419000, "grossProfit": 801895000, "researchDevelopment": {}, "sellingGeneralAdministrative": 518997000, "nonRecurring": {}, "otherOperatingExpenses": 230670000, "totalOperatingExpenses": 2014728000, "operatingIncome": 20586000, "totalOtherIncomeExpenseNet": 31370000, "ebit": 20586000, "interestExpense": -2156000, "incomeBeforeTax": 51956000, "incomeTaxExpense": 20436000, "minorityInterest": {}, "netIncomeFromContinuingOps": 31520000, "discontinuedOperations": {}, "extraordinaryItems": {}, "effectOfAccountingCharges": {}, "otherItems": {}, "netIncome": 31520000, "netIncomeApplicableToCommonShares": 31520000}, {"maxAge": 1, "endDate": "2019-03-31", "totalRevenue": 2074635000, "costOfRevenue": 1264942000, "grossProfit": 809693000, "researchDevelopment": {}, "sellingGeneralAdministrative": 497328000, "nonRecurring": {}, "otherOperatingExpenses": 261982000, "totalOperatingExpenses": 2051941000, "operatingIncome": 22694000, "totalOtherIncomeExpenseNet": 35780000, "ebit": 22694000, "interestExpense": -486000, "incomeBeforeTax": 58474000, "incomeTaxExpense": 12346000, "minorityInterest": {}, "netIncomeFromContinuingOps": 46128000, "discontinuedOperations": {}, "extraordinaryItems": {}, "effectOfAccountingCharges": {}, "otherItems": {}, "netIncome": 46128000, "netIncomeApplicableToCommonShares": 46128000}, {"maxAge": 1, "endDate": "2018-03-31", "totalRevenue": 2057355000, "costOfRevenue": 1211172000, "grossProfit": 846183000, "researchDevelopment": {}, "sellingGeneralAdministrative": 470225000, "nonRecurring": {}, "otherOperatingExpenses": 253549000, "totalOperatingExpenses": 1958677000, "operatingIncome": 98678000, "totalOtherIncomeExpenseNet": 38109000, "ebit": 98678000, "interestExpense": -241000, "incomeBeforeTax": 136787000, "incomeTaxExpense": 38813000, "minorityInterest": {}, "netIncomeFromContinuingOps": 97974000, "discontinuedOperations": {}, "extraordinaryItems": {}, "effectOfAccountingCharges": {}, "otherItems": {}, "netIncome": 97974000, "netIncomeApplicableToCommonShares": 97974000}, {"maxAge": 1, "endDate": "2017-03-31", "totalRevenue": 2083601000, "costOfRevenue": 1324121000, "grossProfit": 759480000, "researchDevelopment": {}, "sellingGeneralAdministrative": 429545000, "nonRecurring": {}, "otherOperatingExpenses": 251009000, "totalOperatingExpenses": 2026508000, "operatingIncome": 57093000, "totalOtherIncomeExpenseNet": 41924000, "ebit": 57093000, "interestExpense": -751000, "incomeBeforeTax": 99017000, "incomeTaxExpense": 36302000, "minorityInterest": {}, "netIncomeFromContinuingOps": 62715000, "discontinuedOperations": {}, "extraordinaryItems": {}, "effectOfAccountingCharges": {}, "otherItems": {}, "netIncome": 62715000, "netIncomeApplicableToCommonShares": 62715000}], "maxAge": 86400}, "fundOwnership": {"maxAge": 1, "ownershipList": []}, "summaryDetail": {"maxAge": 1, "priceHint": 2, "previousClose": 209.2, "open": 209.7, "dayLow": 203.05, "dayHigh": 212.6, "regularMarketPreviousClose": 209.2, "regularMarketOpen": 209.7, "regularMarketDayLow": 203.05, "regularMarketDayHigh": 212.6, "volume": 6639, "regularMarketVolume": 6639, "averageVolume": 11875, "averageVolume10days": 5860, "averageDailyVolume10Day": 5860, "bid": 206.15, "ask": 211.0, "bidSize": 0, "askSize": 0, "marketCap": 1546124928, "fiftyTwoWeekLow": 91.0, "fiftyTwoWeekHigh": 278.85, "fiftyDayAverage": 235.45143, "twoHundredDayAverage": 198.07664, "trailingAnnualDividendRate": 4.0, "trailingAnnualDividendYield": 0.019120459, "currency": "INR", "fromCurrency": null, "toCurrency": null, "lastMarket": null, "algorithm": null, "tradeable": false}, "sectorTrend": {"maxAge": 1, "symbol": null, "estimates": []}, "incomeStatementHistoryQuarterly": {"incomeStatementHistory": [{"maxAge": 1, "endDate": "2020-06-30", "totalRevenue": 338325000, "costOfRevenue": 225261000, "grossProfit": 113064000, "researchDevelopment": {}, "sellingGeneralAdministrative": 105272000, "nonRecurring": {}, "otherOperatingExpenses": 50099000, "totalOperatingExpenses": 387817000, "operatingIncome": -49492000, "totalOtherIncomeExpenseNet": 7229000, "ebit": -49492000, "interestExpense": -1546000, "incomeBeforeTax": -42263000, "incomeTaxExpense": -10449000, "minorityInterest": {}, "netIncomeFromContinuingOps": -31814000, "discontinuedOperations": {}, "extraordinaryItems": {}, "effectOfAccountingCharges": {}, "otherItems": {}, "netIncome": -31814000, "netIncomeApplicableToCommonShares": -31814000}, {"maxAge": 1, "endDate": "2020-03-31", "totalRevenue": 433926000, "costOfRevenue": 241186000, "grossProfit": 192740000, "researchDevelopment": {}, "sellingGeneralAdministrative": 213859000, "nonRecurring": {}, "otherOperatingExpenses": -18673000, "totalOperatingExpenses": 444675000, "operatingIncome": -10749000, "totalOtherIncomeExpenseNet": 5242000, "ebit": -10749000, "interestExpense": -688000, "incomeBeforeTax": -5507000, "incomeTaxExpense": 3434000, "minorityInterest": {}, "netIncomeFromContinuingOps": -8941000, "discontinuedOperations": {}, "extraordinaryItems": {}, "effectOfAccountingCharges": {}, "otherItems": {}, "netIncome": -8941000, "netIncomeApplicableToCommonShares": -8941000}, {"maxAge": 1, "endDate": "2019-12-31", "totalRevenue": 570323000, "costOfRevenue": 359165000, "grossProfit": 211158000, "researchDevelopment": {}, "sellingGeneralAdministrative": 105526000, "nonRecurring": {}, "otherOperatingExpenses": 94532000, "totalOperatingExpenses": 567787000, "operatingIncome": 2536000, "totalOtherIncomeExpenseNet": 8912000, "ebit": 2536000, "interestExpense": -542000, "incomeBeforeTax": 11448000, "incomeTaxExpense": 4868000, "minorityInterest": {}, "netIncomeFromContinuingOps": 6580000, "discontinuedOperations": {}, "extraordinaryItems": {}, "effectOfAccountingCharges": {}, "otherItems": {}, "netIncome": 6580000, "netIncomeApplicableToCommonShares": 6580000}, {"maxAge": 1, "endDate": "2019-09-30", "totalRevenue": 551905000, "costOfRevenue": 348065000, "grossProfit": 203840000, "researchDevelopment": {}, "sellingGeneralAdministrative": 102602000, "nonRecurring": {}, "otherOperatingExpenses": 83856000, "totalOperatingExpenses": 542052000, "operatingIncome": 9853000, "totalOtherIncomeExpenseNet": 7458000, "ebit": 9853000, "interestExpense": -554000, "incomeBeforeTax": 17311000, "incomeTaxExpense": 4145000, "minorityInterest": {}, "netIncomeFromContinuingOps": 13166000, "discontinuedOperations": {}, "extraordinaryItems": {}, "effectOfAccountingCharges": {}, "otherItems": {}, "netIncome": 13166000, "netIncomeApplicableToCommonShares": 13166000}], "maxAge": 86400}, "cashflowStatementHistoryQuarterly": {"cashflowStatements": [{"maxAge": 1, "endDate": "2020-06-30", "netIncome": -31814000, "changeToLiabilities": 0}, {"maxAge": 1, "endDate": "2020-03-31", "netIncome": -8941000, "changeToLiabilities": 0}, {"maxAge": 1, "endDate": "2019-12-31", "netIncome": 6580000, "changeToLiabilities": 0}, {"maxAge": 1, "endDate": "2019-09-30", "netIncome": 13166000, "changeToLiabilities": 0}], "maxAge": 86400}, "insiderHolders": {"holders": [{"maxAge": 1, "name": "AKL Investments Pvt Ltd", "relation": "Promoter", "url": "", "transactionDescription": "Sale", "latestTransDate": "2012-05-29", "positionDirect": 0, "positionDirectDate": "2012-05-29"}, {"maxAge": 1, "name": "Lakhanpal (Ajai K)", "relation": "Chairman of the Board", "url": "", "transactionDescription": "Sale", "latestTransDate": "2012-05-29", "positionDirect": 0, "positionDirectDate": "2012-05-29"}, {"maxAge": 1, "name": "Lakhanpal Ltd", "relation": "Promoter", "url": "", "transactionDescription": "Sale", "latestTransDate": "2012-05-29", "positionDirect": 0, "positionDirectDate": "2012-05-29"}, {"maxAge": 1, "name": "Panasonic Corporation", "relation": "Promoter", "url": "", "transactionDescription": "Acquisition", "latestTransDate": "2012-05-29", "positionDirect": 4354144, "positionDirectDate": "2012-05-29"}], "maxAge": 1}, "earnings": {"maxAge": 86400, "earningsChart": {"quarterly": [], "earningsDate": []}, "financialsChart": {"yearly": [{"date": 2017, "revenue": 2083601000, "earnings": 62715000}, {"date": 2018, "revenue": 2057355000, "earnings": 97974000}, {"date": 2019, "revenue": 2074635000, "earnings": 46128000}, {"date": 2020, "revenue": 2035314000, "earnings": 31520000}], "quarterly": [{"date": "3Q2019", "revenue": 551905000, "earnings": 13166000}, {"date": "4Q2019", "revenue": 570323000, "earnings": 6580000}, {"date": "1Q2020", "revenue": 433926000, "earnings": -8941000}, {"date": "2Q2020", "revenue": 338325000, "earnings": -31814000}]}, "financialCurrency": "INR"}, "calendarEvents": {"maxAge": 1, "earnings": {"earningsDate": []}}, "price": {"maxAge": 1, "regularMarketChangePercent": -0.014579365, "regularMarketChange": -3.050003, "regularMarketTime": "2021-04-30 15:29:57", "priceHint": 2, "regularMarketPrice": 206.15, "regularMarketDayHigh": 212.6, "regularMarketDayLow": 203.05, "regularMarketVolume": 6639, "averageDailyVolume10Day": 5860, "averageDailyVolume3Month": 11875, "regularMarketPreviousClose": 209.2, "regularMarketSource": "FREE_REALTIME", "regularMarketOpen": 209.7, "exchange": "BSE", "exchangeName": "BSE", "exchangeDataDelayedBy": 0, "marketState": "CLOSED", "quoteType": "EQUITY", "symbol": "PANAENERG.BO", "underlyingSymbol": null, "shortName": "PANASONIC ENERGY INDIA COMPANY", "longName": "Panasonic Energy India Co. Ltd.", "currency": "INR", "quoteSourceName": "Delayed Quote", "currencySymbol": "\u20b9", "fromCurrency": null, "toCurrency": null, "lastMarket": null, "marketCap": 1546124928}, "balanceSheetHistory": {"balanceSheetStatements": [{"maxAge": 1, "endDate": "2020-03-31", "cash": 53884000, "shortTermInvestments": 420714000, "netReceivables": 67092000, "inventory": 363041000, "otherCurrentAssets": 86257000, "totalCurrentAssets": 998419000, "propertyPlantEquipment": 226044000, "intangibleAssets": 2918000, "otherAssets": 79257000, "totalAssets": 1306638000, "accountsPayable": 83074000, "otherCurrentLiab": 27341000, "otherLiab": 8939000, "totalCurrentLiabilities": 288250000, "totalLiab": 315820000, "commonStock": 75000000, "retainedEarnings": 847136000, "treasuryStock": -24131000, "capitalSurplus": 92813000, "otherStockholderEquity": -24131000, "totalStockholderEquity": 990818000, "netTangibleAssets": 987900000}, {"maxAge": 1, "endDate": "2019-03-31", "cash": 222379000, "shortTermInvestments": 312856000, "netReceivables": 75330000, "inventory": 297608000, "otherCurrentAssets": 63455000, "totalCurrentAssets": 976904000, "propertyPlantEquipment": 210061000, "intangibleAssets": 2484000, "otherAssets": 76798000, "totalAssets": 1266247000, "accountsPayable": 81674000, "otherCurrentLiab": 20350000, "otherLiab": 8961000, "totalCurrentLiabilities": 247804000, "totalLiab": 256765000, "commonStock": 75000000, "retainedEarnings": 851783000, "treasuryStock": -10114000, "capitalSurplus": 92813000, "otherStockholderEquity": -10114000, "totalStockholderEquity": 1009482000, "netTangibleAssets": 1006998000}, {"maxAge": 1, "endDate": "2018-03-31", "cash": 106456000, "shortTermInvestments": 438931000, "netReceivables": 118570000, "inventory": 289427000, "otherCurrentAssets": 117649000, "totalCurrentAssets": 1075072000, "propertyPlantEquipment": 183947000, "intangibleAssets": 2261000, "otherAssets": 69878000, "totalAssets": 1331158000, "accountsPayable": 89332000, "otherCurrentLiab": 16724000, "otherLiab": 13465000, "totalCurrentLiabilities": 291924000, "totalLiab": 305389000, "commonStock": 75000000, "retainedEarnings": 868948000, "treasuryStock": -10992000, "capitalSurplus": 92813000, "otherStockholderEquity": -10992000, "totalStockholderEquity": 1025769000, "netTangibleAssets": 1023508000}, {"maxAge": 1, "endDate": "2017-03-31", "cash": 118572000, "shortTermInvestments": 494165000, "netReceivables": 87205000, "inventory": 314601000, "otherCurrentAssets": 62677000, "totalCurrentAssets": 1081247000, "propertyPlantEquipment": 177598000, "intangibleAssets": 1371000, "otherAssets": 57956000, "totalAssets": 1318172000, "accountsPayable": 70337000, "otherCurrentLiab": 54652000, "otherLiab": 26930000, "totalCurrentLiabilities": 312077000, "totalLiab": 339007000, "commonStock": 75000000, "retainedEarnings": 820622000, "treasuryStock": -9270000, "capitalSurplus": 92813000, "otherStockholderEquity": -9270000, "totalStockholderEquity": 979165000, "netTangibleAssets": 977794000}], "maxAge": 86400}, "earningsTrend": {"trend": [{"maxAge": 1, "period": "0q", "endDate": null, "growth": {}, "earningsEstimate": {"avg": 0.0, "low": 0.0, "high": 0.0, "yearAgoEps": {}, "numberOfAnalysts": 0, "growth": {}}, "revenueEstimate": {"avg": 0, "low": 0, "high": 0, "numberOfAnalysts": 0, "yearAgoRevenue": {}, "growth": {}}, "epsTrend": {"current": 0.0, "7daysAgo": 0.0, "30daysAgo": 0.0, "60daysAgo": 0.0, "90daysAgo": 0.0}, "epsRevisions": {"upLast7days": 0, "upLast30days": 0, "downLast30days": 0, "downLast90days": {}}}, {"maxAge": 1, "period": "+1q", "endDate": null, "growth": {}, "earningsEstimate": {"avg": 0.0, "low": 0.0, "high": 0.0, "yearAgoEps": {}, "numberOfAnalysts": 0, "growth": {}}, "revenueEstimate": {"avg": 0, "low": 0, "high": 0, "numberOfAnalysts": 0, "yearAgoRevenue": {}, "growth": {}}, "epsTrend": {"current": 0.0, "7daysAgo": 0.0, "30daysAgo": 0.0, "60daysAgo": 0.0, "90daysAgo": 0.0}, "epsRevisions": {"upLast7days": 0, "upLast30days": 0, "downLast30days": 0, "downLast90days": {}}}, {"maxAge": 1, "period": "0y", "endDate": null, "growth": {}, "earningsEstimate": {"avg": 0.0, "low": 0.0, "high": 0.0, "yearAgoEps": {}, "numberOfAnalysts": 0, "growth": {}}, "revenueEstimate": {"avg": 0, "low": 0, "high": 0, "numberOfAnalysts": 0, "yearAgoRevenue": {}, "growth": {}}, "epsTrend": {"current": 0.0, "7daysAgo": 0.0, "30daysAgo": 0.0, "60daysAgo": 0.0, "90daysAgo": 0.0}, "epsRevisions": {"upLast7days": 0, "upLast30days": 0, "downLast30days": 0, "downLast90days": {}}}, {"maxAge": 1, "period": "+1y", "endDate": null, "growth": {}, "earningsEstimate": {"avg": 0.0, "low": 0.0, "high": 0.0, "yearAgoEps": {}, "numberOfAnalysts": 0, "growth": {}}, "revenueEstimate": {"avg": 0, "low": 0, "high": 0, "numberOfAnalysts": 0, "yearAgoRevenue": {}, "growth": {}}, "epsTrend": {"current": 0.0, "7daysAgo": 0.0, "30daysAgo": 0.0, "60daysAgo": 0.0, "90daysAgo": 0.0}, "epsRevisions": {"upLast7days": 0, "upLast30days": 0, "downLast30days": 0, "downLast90days": {}}}, {"maxAge": 1, "period": "+5y", "endDate": null, "growth": 0.23, "earningsEstimate": {"avg": {}, "low": {}, "high": {}, "yearAgoEps": {}, "numberOfAnalysts": {}, "growth": {}}, "revenueEstimate": {"avg": {}, "low": {}, "high": {}, "numberOfAnalysts": {}, "yearAgoRevenue": {}, "growth": {}}, "epsTrend": {"current": {}, "7daysAgo": {}, "30daysAgo": {}, "60daysAgo": {}, "90daysAgo": {}}, "epsRevisions": {"upLast7days": {}, "upLast30days": {}, "downLast30days": {}, "downLast90days": {}}}, {"maxAge": 1, "period": "-5y", "endDate": null, "growth": {}, "earningsEstimate": {"avg": {}, "low": {}, "high": {}, "yearAgoEps": {}, "numberOfAnalysts": {}, "growth": {}}, "revenueEstimate": {"avg": {}, "low": {}, "high": {}, "numberOfAnalysts": {}, "yearAgoRevenue": {}, "growth": {}}, "epsTrend": {"current": {}, "7daysAgo": {}, "30daysAgo": {}, "60daysAgo": {}, "90daysAgo": {}}, "epsRevisions": {"upLast7days": {}, "upLast30days": {}, "downLast30days": {}, "downLast90days": {}}}], "maxAge": 1}, "financialData": {"maxAge": 86400, "currentPrice": 206.15, "targetHighPrice": 428.0, "targetLowPrice": 428.0, "targetMeanPrice": 428.0, "targetMedianPrice": 428.0, "recommendationKey": "none", "numberOfAnalystOpinions": 1, "grossProfits": 801895000, "financialCurrency": "INR"}}}