{"PANCARBON.BO": {"recommendationTrend": {"trend": [{"period": "0m", "strongBuy": 0, "buy": 0, "hold": 0, "sell": 0, "strongSell": 0}, {"period": "-1m", "strongBuy": 0, "buy": 0, "hold": 0, "sell": 0, "strongSell": 0}, {"period": "-2m", "strongBuy": 0, "buy": 0, "hold": 0, "sell": 0, "strongSell": 0}, {"period": "-3m", "strongBuy": 0, "buy": 0, "hold": 0, "sell": 0, "strongSell": 0}], "maxAge": 86400}, "cashflowStatementHistory": {"cashflowStatements": [{"maxAge": 1, "endDate": "2020-03-31", "netIncome": 169548130, "depreciation": 12412980, "changeToNetincome": -72864410, "changeToAccountReceivables": -395420, "changeToLiabilities": -11112020, "changeToInventory": -1126600, "totalCashFromOperatingActivities": 96462660, "capitalExpenditures": -1946000, "investments": -113950910, "otherCashflowsFromInvestingActivities": 71059150, "totalCashflowsFromInvestingActivities": -44485830, "dividendsPaid": -48000000, "otherCashflowsFromFinancingActivities": -9868800, "totalCashFromFinancingActivities": -57868800, "changeInCash": -5891970}, {"maxAge": 1, "endDate": "2019-03-31", "netIncome": 122982500, "depreciation": 13315100, "changeToNetincome": -64148730, "changeToAccountReceivables": -1222490, "changeToLiabilities": -1410040, "changeToInventory": 9654540, "totalCashFromOperatingActivities": 79170880, "capitalExpenditures": -4430980, "investments": -79993400, "otherCashflowsFromInvestingActivities": 62045120, "totalCashflowsFromInvestingActivities": -20842240, "dividendsPaid": -48000000, "otherCashflowsFromFinancingActivities": -9868800, "totalCashFromFinancingActivities": -57868800, "changeInCash": 459840}, {"maxAge": 1, "endDate": "2018-03-31", "netIncome": 123041540, "depreciation": 13270020, "changeToNetincome": -51957590, "changeToAccountReceivables": 23828750, "changeToLiabilities": -6699540, "changeToInventory": -10609140, "totalCashFromOperatingActivities": 90874040, "capitalExpenditures": -9456580, "investments": -89442010, "otherCashflowsFromInvestingActivities": 54297770, "totalCashflowsFromInvestingActivities": -42314630, "dividendsPaid": -57704750, "otherCashflowsFromFinancingActivities": -9868800, "totalCashFromFinancingActivities": -57704750, "changeInCash": -9145340}, {"maxAge": 1, "endDate": "2017-03-31", "netIncome": 160880140, "depreciation": 4964360, "changeToNetincome": -50562710, "changeToAccountReceivables": -13273100, "changeToLiabilities": -1177390, "changeToInventory": 3923260, "changeToOperatingActivities": -203100, "totalCashFromOperatingActivities": 104551460, "capitalExpenditures": -78084410, "investments": -15743090, "otherCashflowsFromInvestingActivities": 58313440, "totalCashflowsFromInvestingActivities": -34983380, "dividendsPaid": -57651540, "otherCashflowsFromFinancingActivities": -9868800, "totalCashFromFinancingActivities": -57651540, "changeInCash": 11916540}], "maxAge": 86400}, "institutionOwnership": {"maxAge": 1, "ownershipList": []}, "balanceSheetHistoryQuarterly": {"balanceSheetStatements": [{"maxAge": 1, "endDate": "2020-06-30", "totalStockholderEquity": 1134821680, "netTangibleAssets": 1134821680}, {"maxAge": 1, "endDate": "2020-03-31", "cash": 7678690, "shortTermInvestments": 841824310, "netReceivables": 34655880, "inventory": 24485930, "otherCurrentAssets": 8709300, "totalCurrentAssets": 917933810, "longTermInvestments": 195900000, "propertyPlantEquipment": 73045120, "otherAssets": 3338420, "totalAssets": 1190217350, "accountsPayable": 22383240, "otherCurrentLiab": 5933220, "otherLiab": 10554210, "totalCurrentLiabilities": 44841460, "totalLiab": 55395670, "commonStock": 48000000, "retainedEarnings": 1059821680, "capitalSurplus": 27000000, "totalStockholderEquity": 1134821680, "netTangibleAssets": 1134821680}, {"maxAge": 1, "endDate": "2019-12-31", "totalStockholderEquity": 1051640310, "netTangibleAssets": 1051640310}, {"maxAge": 1, "endDate": "2019-09-30", "cash": 909839570, "netReceivables": 36965530, "inventory": 27182970, "otherCurrentAssets": 6879570, "totalCurrentAssets": 980867640, "longTermInvestments": 49900000, "propertyPlantEquipment": 77316930, "otherAssets": 4581620, "totalAssets": 1112666190, "accountsPayable": 27805250, "otherCurrentLiab": 6514170, "otherLiab": 10591170, "totalCurrentLiabilities": 50434710, "totalLiab": 61025880, "commonStock": 48000000, "treasuryStock": 1003640310, "otherStockholderEquity": 1003640310, "totalStockholderEquity": 1051640310, "netTangibleAssets": 1051640310}], "maxAge": 86400}, "earningsHistory": {"history": [{"maxAge": 1, "epsActual": {}, "epsEstimate": {}, "epsDifference": {}, "surprisePercent": {}, "quarter": {}, "period": "-4q"}, {"maxAge": 1, "epsActual": {}, "epsEstimate": {}, "epsDifference": {}, "surprisePercent": {}, "quarter": {}, "period": "-3q"}, {"maxAge": 1, "epsActual": {}, "epsEstimate": {}, "epsDifference": {}, "surprisePercent": {}, "quarter": {}, "period": "-2q"}, {"maxAge": 1, "epsActual": {}, "epsEstimate": {}, "epsDifference": {}, "surprisePercent": {}, "quarter": {}, "period": "-1q"}], "maxAge": 86400}, "indexTrend": {"maxAge": 1, "symbol": "SP5", "peRatio": 19.7411, "pegRatio": 1.34172, "estimates": [{"period": "0q", "growth": 0.549}, {"period": "+1q", "growth": 0.431}, {"period": "0y", "growth": 0.305}, {"period": "+1y", "growth": 0.109}, {"period": "+5y", "growth": 0.120859005}, {"period": "-5y"}]}, "industryTrend": {"maxAge": 1, "symbol": null, "estimates": []}, "insiderTransactions": {"transactions": [{"maxAge": 1, "shares": 100, "filerUrl": "", "transactionText": "", "filerName": "Jiwarajka (Laxmidevi)", "filerRelation": "Promoter", "moneyText": "", "startDate": "2019-11-04", "ownership": "D"}, {"maxAge": 1, "shares": 2780, "filerUrl": "", "transactionText": "", "filerName": "Jiwarajka (Laxmidevi)", "filerRelation": "Promoter", "moneyText": "", "startDate": "2019-09-30", "ownership": "D"}], "maxAge": 1}, "quoteType": {"exchange": "BSE", "quoteType": "EQUITY", "symbol": "PANCARBON.BO", "underlyingSymbol": "PANCARBON.BO", "shortName": "PANASONIC CARBON INDIA CO.LTD.", "longName": "Panasonic Carbon India Co. Limited", "firstTradeDateEpochUtc": "2002-01-03 09:15:00", "timeZoneFullName": "Asia/Kolkata", "timeZoneShortName": "IST", "uuid": "7ef0eaa0-c3d9-3556-b6bc-97099336d280", "messageBoardId": null, "gmtOffSetMilliseconds": 19800000, "maxAge": 1}, "incomeStatementHistory": {"incomeStatementHistory": [{"maxAge": 1, "endDate": "2020-03-31", "totalRevenue": 460636250, "costOfRevenue": 134328590, "grossProfit": 326307660, "researchDevelopment": {}, "sellingGeneralAdministrative": 85098100, "nonRecurring": {}, "otherOperatingExpenses": 76669000, "totalOperatingExpenses": 308508670, "operatingIncome": 152127580, "totalOtherIncomeExpenseNet": 74127620, "ebit": 152127580, "interestExpense": {}, "incomeBeforeTax": 226255200, "incomeTaxExpense": 56707070, "minorityInterest": {}, "netIncomeFromContinuingOps": 169548130, "discontinuedOperations": {}, "extraordinaryItems": {}, "effectOfAccountingCharges": {}, "otherItems": {}, "netIncome": 169548130, "netIncomeApplicableToCommonShares": 169548130}, {"maxAge": 1, "endDate": "2019-03-31", "totalRevenue": 463868550, "costOfRevenue": 164420480, "grossProfit": 299448070, "researchDevelopment": {}, "sellingGeneralAdministrative": 82101990, "nonRecurring": {}, "otherOperatingExpenses": 93156830, "totalOperatingExpenses": 352994400, "operatingIncome": 110874150, "totalOtherIncomeExpenseNet": 64300730, "ebit": 110874150, "interestExpense": {}, "incomeBeforeTax": 175174880, "incomeTaxExpense": 52192380, "minorityInterest": {}, "netIncomeFromContinuingOps": 122982500, "discontinuedOperations": {}, "extraordinaryItems": {}, "effectOfAccountingCharges": {}, "otherItems": {}, "netIncome": 122982500, "netIncomeApplicableToCommonShares": 122982500}, {"maxAge": 1, "endDate": "2018-03-31", "totalRevenue": 448863500, "costOfRevenue": 149063650, "grossProfit": 299799850, "researchDevelopment": {}, "sellingGeneralAdministrative": 78790550, "nonRecurring": {}, "otherOperatingExpenses": 87585010, "totalOperatingExpenses": 328709230, "operatingIncome": 120154270, "totalOtherIncomeExpenseNet": 55116170, "ebit": 120154270, "interestExpense": {}, "incomeBeforeTax": 175270440, "incomeTaxExpense": 52228900, "minorityInterest": {}, "netIncomeFromContinuingOps": 123041540, "discontinuedOperations": {}, "extraordinaryItems": {}, "effectOfAccountingCharges": {}, "otherItems": {}, "netIncome": 123041540, "netIncomeApplicableToCommonShares": 123041540}, {"maxAge": 1, "endDate": "2017-03-31", "totalRevenue": 488663090, "costOfRevenue": 152245690, "grossProfit": 336417400, "researchDevelopment": {}, "sellingGeneralAdministrative": 74203130, "nonRecurring": {}, "otherOperatingExpenses": 85645550, "totalOperatingExpenses": 317058730, "operatingIncome": 171604360, "totalOtherIncomeExpenseNet": 73634490, "ebit": 171604360, "interestExpense": {}, "incomeBeforeTax": 245238850, "incomeTaxExpense": 84358710, "minorityInterest": {}, "netIncomeFromContinuingOps": 160880140, "discontinuedOperations": {}, "extraordinaryItems": {}, "effectOfAccountingCharges": {}, "otherItems": {}, "netIncome": 160880140, "netIncomeApplicableToCommonShares": 160880140}], "maxAge": 86400}, "fundOwnership": {"maxAge": 1, "ownershipList": []}, "summaryDetail": {"maxAge": 1, "priceHint": 2, "previousClose": 474.1, "open": 465.0, "dayLow": 457.0, "dayHigh": 474.0, "regularMarketPreviousClose": 474.1, "regularMarketOpen": 465.0, "regularMarketDayLow": 457.0, "regularMarketDayHigh": 474.0, "trailingPE": 13.46227, "volume": 3816, "regularMarketVolume": 3816, "averageVolume": 6711, "averageVolume10days": 4506, "averageDailyVolume10Day": 4506, "bid": 457.7, "ask": 463.0, "bidSize": 0, "askSize": 0, "marketCap": 2206799872, "fiftyTwoWeekLow": 226.05, "fiftyTwoWeekHigh": 548.75, "fiftyDayAverage": 469.89856, "twoHundredDayAverage": 415.89307, "trailingAnnualDividendRate": 10.0, "trailingAnnualDividendYield": 0.021092596, "currency": "INR", "fromCurrency": null, "toCurrency": null, "lastMarket": null, "algorithm": null, "tradeable": false}, "sectorTrend": {"maxAge": 1, "symbol": null, "estimates": []}, "incomeStatementHistoryQuarterly": {"incomeStatementHistory": [{"maxAge": 1, "endDate": "2020-06-30", "totalRevenue": 79206040, "costOfRevenue": 18261290, "grossProfit": 60944750, "researchDevelopment": {}, "sellingGeneralAdministrative": 19984630, "nonRecurring": {}, "otherOperatingExpenses": 18975430, "totalOperatingExpenses": 59816350, "operatingIncome": 19389690, "totalOtherIncomeExpenseNet": 20610460, "ebit": 19389690, "interestExpense": {}, "incomeBeforeTax": 40000150, "incomeTaxExpense": 10308790, "minorityInterest": {}, "netIncomeFromContinuingOps": 29691360, "discontinuedOperations": {}, "extraordinaryItems": {}, "effectOfAccountingCharges": {}, "otherItems": {}, "netIncome": 29691360, "netIncomeApplicableToCommonShares": 29691360}, {"maxAge": 1, "endDate": "2020-03-31", "totalRevenue": 101588660, "costOfRevenue": 38537740, "grossProfit": 63050920, "researchDevelopment": {}, "sellingGeneralAdministrative": 21674580, "nonRecurring": {}, "otherOperatingExpenses": -121370, "totalOperatingExpenses": 63246930, "operatingIncome": 38341730, "totalOtherIncomeExpenseNet": 11713810, "ebit": 38341730, "interestExpense": {}, "incomeBeforeTax": 50055540, "incomeTaxExpense": 12987160, "minorityInterest": {}, "netIncomeFromContinuingOps": 37068380, "discontinuedOperations": {}, "extraordinaryItems": {}, "effectOfAccountingCharges": {}, "otherItems": {}, "netIncome": 37068380, "netIncomeApplicableToCommonShares": 37068380}, {"maxAge": 1, "endDate": "2019-12-31", "totalRevenue": 125296930, "costOfRevenue": 31222520, "grossProfit": 94074410, "researchDevelopment": {}, "sellingGeneralAdministrative": 20946650, "nonRecurring": {}, "otherOperatingExpenses": 24373840, "totalOperatingExpenses": 79537010, "operatingIncome": 45759920, "totalOtherIncomeExpenseNet": 20435480, "ebit": 45759920, "interestExpense": {}, "incomeBeforeTax": 66195400, "incomeTaxExpense": 17275230, "minorityInterest": {}, "netIncomeFromContinuingOps": 48920170, "discontinuedOperations": {}, "extraordinaryItems": {}, "effectOfAccountingCharges": {}, "otherItems": {}, "netIncome": 48920170, "netIncomeApplicableToCommonShares": 48920170}, {"maxAge": 1, "endDate": "2019-09-30", "totalRevenue": 124457340, "costOfRevenue": 33639910, "grossProfit": 90817430, "researchDevelopment": {}, "sellingGeneralAdministrative": 20970810, "nonRecurring": {}, "otherOperatingExpenses": 27935850, "totalOperatingExpenses": 85726570, "operatingIncome": 38730770, "totalOtherIncomeExpenseNet": 21035240, "ebit": 38730770, "interestExpense": {}, "incomeBeforeTax": 59766010, "incomeTaxExpense": 11513960, "minorityInterest": {}, "netIncomeFromContinuingOps": 48252050, "discontinuedOperations": {}, "extraordinaryItems": {}, "effectOfAccountingCharges": {}, "otherItems": {}, "netIncome": 48252050, "netIncomeApplicableToCommonShares": 48252050}], "maxAge": 86400}, "cashflowStatementHistoryQuarterly": {"cashflowStatements": [{"maxAge": 1, "endDate": "2020-06-30", "netIncome": 29691360, "changeToLiabilities": 0}, {"maxAge": 1, "endDate": "2020-03-31", "netIncome": 37068380, "changeToLiabilities": 0}, {"maxAge": 1, "endDate": "2019-12-31", "netIncome": 48920170, "changeToLiabilities": 0}, {"maxAge": 1, "endDate": "2019-09-30", "netIncome": 48252050, "changeToLiabilities": 0}], "maxAge": 86400}, "insiderHolders": {"holders": [{"maxAge": 1, "name": "Jiwarajka (Laxmidevi)", "relation": "Promoter", "url": "", "transactionDescription": "Other", "latestTransDate": "2019-11-04", "positionDirect": 800, "positionDirectDate": "2019-11-04"}], "maxAge": 1}, "earnings": {"maxAge": 86400, "earningsChart": {"quarterly": [], "earningsDate": []}, "financialsChart": {"yearly": [{"date": 2017, "revenue": 488663090, "earnings": 160880140}, {"date": 2018, "revenue": 448863500, "earnings": 123041540}, {"date": 2019, "revenue": 463868550, "earnings": 122982500}, {"date": 2020, "revenue": 460636250, "earnings": 169548130}], "quarterly": [{"date": "3Q2019", "revenue": 124457340, "earnings": 48252050}, {"date": "4Q2019", "revenue": 125296930, "earnings": 48920170}, {"date": "1Q2020", "revenue": 101588660, "earnings": 37068380}, {"date": "2Q2020", "revenue": 79206040, "earnings": 29691360}]}, "financialCurrency": "INR"}, "calendarEvents": {"maxAge": 1, "earnings": {"earningsDate": []}}, "price": {"maxAge": 1, "regularMarketChangePercent": -0.030267889, "regularMarketChange": -14.350006, "regularMarketTime": "2021-04-30 15:29:57", "priceHint": 2, "regularMarketPrice": 459.75, "regularMarketDayHigh": 474.0, "regularMarketDayLow": 457.0, "regularMarketVolume": 3816, "averageDailyVolume10Day": 4506, "averageDailyVolume3Month": 6711, "regularMarketPreviousClose": 474.1, "regularMarketSource": "FREE_REALTIME", "regularMarketOpen": 465.0, "exchange": "BSE", "exchangeName": "BSE", "exchangeDataDelayedBy": 0, "marketState": "CLOSED", "quoteType": "EQUITY", "symbol": "PANCARBON.BO", "underlyingSymbol": null, "shortName": "PANASONIC CARBON INDIA CO.LTD.", "longName": "Panasonic Carbon India Co. Limited", "currency": "INR", "quoteSourceName": "Delayed Quote", "currencySymbol": "\u20b9", "fromCurrency": null, "toCurrency": null, "lastMarket": null, "marketCap": 2206799872}, "balanceSheetHistory": {"balanceSheetStatements": [{"maxAge": 1, "endDate": "2020-03-31", "cash": 7678690, "shortTermInvestments": 841824310, "netReceivables": 34655880, "inventory": 24485930, "otherCurrentAssets": 8709300, "totalCurrentAssets": 917933810, "longTermInvestments": 195900000, "propertyPlantEquipment": 73045120, "otherAssets": 3338420, "totalAssets": 1190217350, "accountsPayable": 22383240, "otherCurrentLiab": 5933220, "otherLiab": 10554210, "totalCurrentLiabilities": 44841460, "totalLiab": 55395670, "commonStock": 48000000, "retainedEarnings": 1059821680, "capitalSurplus": 27000000, "totalStockholderEquity": 1134821680, "netTangibleAssets": 1134821680}, {"maxAge": 1, "endDate": "2019-03-31", "cash": 13570650, "shortTermInvestments": 867982100, "netReceivables": 33833700, "inventory": 23359330, "otherCurrentAssets": 7710310, "totalCurrentAssets": 947346020, "longTermInvestments": 55264740, "propertyPlantEquipment": 83513390, "otherAssets": 4522620, "totalAssets": 1090646770, "accountsPayable": 34097930, "otherCurrentLiab": 3501370, "otherLiab": 13306820, "totalCurrentLiabilities": 51392660, "totalLiab": 64699480, "commonStock": 48000000, "retainedEarnings": 950947290, "capitalSurplus": 27000000, "totalStockholderEquity": 1025947290, "netTangibleAssets": 1025947290}, {"maxAge": 1, "endDate": "2018-03-31", "cash": 13110810, "shortTermInvestments": 823225590, "netReceivables": 33551610, "inventory": 32106870, "otherCurrentAssets": 7135470, "totalCurrentAssets": 909840710, "longTermInvestments": 20051500, "propertyPlantEquipment": 93321960, "otherAssets": 4921330, "totalAssets": 1028135500, "accountsPayable": 35170140, "otherCurrentLiab": 3239860, "otherLiab": 16956490, "totalCurrentLiabilities": 50144120, "totalLiab": 67100610, "commonStock": 48000000, "retainedEarnings": 886034890, "capitalSurplus": 27000000, "totalStockholderEquity": 961034890, "netTangibleAssets": 961034890}, {"maxAge": 1, "endDate": "2017-03-31", "cash": 22256150, "shortTermInvestments": 748850500, "netReceivables": 51673660, "inventory": 21497730, "otherCurrentAssets": 12829130, "totalCurrentAssets": 857813650, "longTermInvestments": 5010900, "propertyPlantEquipment": 98454100, "otherAssets": 4286620, "totalAssets": 965565270, "accountsPayable": 37831010, "otherCurrentLiab": 4031300, "otherLiab": 14648840, "totalCurrentLiabilities": 54105980, "totalLiab": 68754820, "commonStock": 48000000, "retainedEarnings": 821810450, "capitalSurplus": 27000000, "totalStockholderEquity": 896810450, "netTangibleAssets": 896810450}], "maxAge": 86400}, "earningsTrend": {"trend": [{"maxAge": 1, "period": "0q", "endDate": null, "growth": {}, "earningsEstimate": {"avg": 0.0, "low": 0.0, "high": 0.0, "yearAgoEps": {}, "numberOfAnalysts": 0, "growth": {}}, "revenueEstimate": {"avg": 0, "low": 0, "high": 0, "numberOfAnalysts": 0, "yearAgoRevenue": {}, "growth": {}}, "epsTrend": {"current": 0.0, "7daysAgo": 0.0, "30daysAgo": 0.0, "60daysAgo": 0.0, "90daysAgo": 0.0}, "epsRevisions": {"upLast7days": 0, "upLast30days": 0, "downLast30days": 0, "downLast90days": {}}}, {"maxAge": 1, "period": "+1q", "endDate": null, "growth": {}, "earningsEstimate": {"avg": 0.0, "low": 0.0, "high": 0.0, "yearAgoEps": {}, "numberOfAnalysts": 0, "growth": {}}, "revenueEstimate": {"avg": 0, "low": 0, "high": 0, "numberOfAnalysts": 0, "yearAgoRevenue": {}, "growth": {}}, "epsTrend": {"current": 0.0, "7daysAgo": 0.0, "30daysAgo": 0.0, "60daysAgo": 0.0, "90daysAgo": 0.0}, "epsRevisions": {"upLast7days": 0, "upLast30days": 0, "downLast30days": 0, "downLast90days": {}}}, {"maxAge": 1, "period": "0y", "endDate": null, "growth": {}, "earningsEstimate": {"avg": 0.0, "low": 0.0, "high": 0.0, "yearAgoEps": {}, "numberOfAnalysts": 0, "growth": {}}, "revenueEstimate": {"avg": 0, "low": 0, "high": 0, "numberOfAnalysts": 0, "yearAgoRevenue": {}, "growth": {}}, "epsTrend": {"current": 0.0, "7daysAgo": 0.0, "30daysAgo": 0.0, "60daysAgo": 0.0, "90daysAgo": 0.0}, "epsRevisions": {"upLast7days": 0, "upLast30days": 0, "downLast30days": 0, "downLast90days": {}}}, {"maxAge": 1, "period": "+1y", "endDate": null, "growth": {}, "earningsEstimate": {"avg": 0.0, "low": 0.0, "high": 0.0, "yearAgoEps": {}, "numberOfAnalysts": 0, "growth": {}}, "revenueEstimate": {"avg": 0, "low": 0, "high": 0, "numberOfAnalysts": 0, "yearAgoRevenue": {}, "growth": {}}, "epsTrend": {"current": 0.0, "7daysAgo": 0.0, "30daysAgo": 0.0, "60daysAgo": 0.0, "90daysAgo": 0.0}, "epsRevisions": {"upLast7days": 0, "upLast30days": 0, "downLast30days": 0, "downLast90days": {}}}, {"maxAge": 1, "period": "+5y", "endDate": null, "growth": {}, "earningsEstimate": {"avg": {}, "low": {}, "high": {}, "yearAgoEps": {}, "numberOfAnalysts": {}, "growth": {}}, "revenueEstimate": {"avg": {}, "low": {}, "high": {}, "numberOfAnalysts": {}, "yearAgoRevenue": {}, "growth": {}}, "epsTrend": {"current": {}, "7daysAgo": {}, "30daysAgo": {}, "60daysAgo": {}, "90daysAgo": {}}, "epsRevisions": {"upLast7days": {}, "upLast30days": {}, "downLast30days": {}, "downLast90days": {}}}, {"maxAge": 1, "period": "-5y", "endDate": null, "growth": {}, "earningsEstimate": {"avg": {}, "low": {}, "high": {}, "yearAgoEps": {}, "numberOfAnalysts": {}, "growth": {}}, "revenueEstimate": {"avg": {}, "low": {}, "high": {}, "numberOfAnalysts": {}, "yearAgoRevenue": {}, "growth": {}}, "epsTrend": {"current": {}, "7daysAgo": {}, "30daysAgo": {}, "60daysAgo": {}, "90daysAgo": {}}, "epsRevisions": {"upLast7days": {}, "upLast30days": {}, "downLast30days": {}, "downLast90days": {}}}], "maxAge": 1}, "financialData": {"maxAge": 86400, "currentPrice": 459.75, "targetHighPrice": 540.0, "targetLowPrice": 540.0, "targetMeanPrice": 540.0, "targetMedianPrice": 540.0, "recommendationKey": "none", "numberOfAnalystOpinions": 1, "grossProfits": 326307660, "financialCurrency": "INR"}}}