{"PANCHMAHQ.BO": {"cashflowStatementHistory": {"cashflowStatements": [{"maxAge": 1, "endDate": "2020-03-31", "netIncome": -322123000, "depreciation": 76286000, "changeToNetincome": 290207000, "changeToAccountReceivables": 20290000, "changeToLiabilities": -1965000, "changeToInventory": 7726000, "changeToOperatingActivities": -313000, "totalCashFromOperatingActivities": 70108000, "capitalExpenditures": -10027000, "investments": 18685000, "otherCashflowsFromInvestingActivities": 8058000, "totalCashflowsFromInvestingActivities": 30643000, "netBorrowings": 29728000, "otherCashflowsFromFinancingActivities": -129688000, "totalCashFromFinancingActivities": -99960000, "changeInCash": 791000}, {"maxAge": 1, "endDate": "2019-03-31", "netIncome": 25585000, "depreciation": 76357000, "changeToNetincome": 140628000, "changeToAccountReceivables": 97697000, "changeToLiabilities": -165164000, "changeToInventory": -24544000, "changeToOperatingActivities": -7248000, "totalCashFromOperatingActivities": 143311000, "capitalExpenditures": -9452000, "investments": 751000, "otherCashflowsFromInvestingActivities": 9346000, "totalCashflowsFromInvestingActivities": 784000, "netBorrowings": -7648000, "otherCashflowsFromFinancingActivities": -136462000, "totalCashFromFinancingActivities": -144110000, "changeInCash": -16000}, {"maxAge": 1, "endDate": "2018-03-31", "netIncome": 5471000, "depreciation": 78365000, "changeToNetincome": 82151000, "changeToAccountReceivables": 61302000, "changeToLiabilities": -4872000, "changeToInventory": 35550000, "changeToOperatingActivities": -118465000, "totalCashFromOperatingActivities": 139502000, "capitalExpenditures": -26273000, "investments": 751000, "otherCashflowsFromInvestingActivities": 19663000, "totalCashflowsFromInvestingActivities": -6605000, "dividendsPaid": -196000, "netBorrowings": 4004000, "otherCashflowsFromFinancingActivities": -139456000, "totalCashFromFinancingActivities": -135648000, "changeInCash": -2752000}, {"maxAge": 1, "endDate": "2017-03-31", "netIncome": 2940000, "depreciation": 77808000, "changeToNetincome": 118130000, "changeToAccountReceivables": -189199000, "changeToLiabilities": 357617000, "changeToInventory": -276766000, "changeToOperatingActivities": -33508000, "totalCashFromOperatingActivities": 57022000, "capitalExpenditures": -9738000, "investments": 751000, "otherCashflowsFromInvestingActivities": 24579000, "totalCashflowsFromInvestingActivities": 14851000, "dividendsPaid": -1000, "netBorrowings": 74842000, "otherCashflowsFromFinancingActivities": -134821000, "totalCashFromFinancingActivities": -59980000, "changeInCash": 11893000}], "maxAge": 86400}, "institutionOwnership": {"ownershipList": [], "maxAge": 1}, "balanceSheetHistoryQuarterly": {"balanceSheetStatements": [{"maxAge": 1, "endDate": "2020-06-30", "totalStockholderEquity": 917353000, "netTangibleAssets": 917353000}, {"maxAge": 1, "endDate": "2020-03-31", "cash": 1005000, "netReceivables": 254301000, "inventory": 1308578000, "otherCurrentAssets": 102031000, "totalCurrentAssets": 1665915000, "longTermInvestments": 2000, "propertyPlantEquipment": 822642000, "otherAssets": 38750000, "totalAssets": 2527309000, "accountsPayable": 817250000, "shortLongTermDebt": 16792000, "otherCurrentLiab": 32977000, "longTermDebt": 85500000, "otherLiab": 4001000, "totalCurrentLiabilities": 1520455000, "totalLiab": 1609956000, "commonStock": 190782000, "retainedEarnings": -62272000, "treasuryStock": 17572000, "capitalSurplus": 771271000, "otherStockholderEquity": 17572000, "totalStockholderEquity": 917353000, "netTangibleAssets": 917353000}, {"maxAge": 1, "endDate": "2019-12-31", "totalStockholderEquity": 1220110000, "netTangibleAssets": 1220110000}, {"maxAge": 1, "endDate": "2019-09-30", "cash": 70189000, "netReceivables": 322742000, "inventory": 1381976000, "otherCurrentAssets": 102131000, "totalCurrentAssets": 1877038000, "longTermInvestments": 143000, "propertyPlantEquipment": 865137000, "otherAssets": 183258000, "deferredLongTermAssetCharges": 181691000, "totalAssets": 2925576000, "accountsPayable": 940846000, "shortLongTermDebt": 613263000, "otherCurrentLiab": 56179000, "longTermDebt": 85500000, "otherLiab": 4001000, "totalCurrentLiabilities": 1615965000, "totalLiab": 1705466000, "commonStock": 190831000, "treasuryStock": 1029279000, "otherStockholderEquity": 1029279000, "totalStockholderEquity": 1220110000, "netTangibleAssets": 1220110000}], "maxAge": 86400}, "indexTrend": {"maxAge": 1, "symbol": "SP5", "peRatio": 19.7411, "pegRatio": 1.34172, "estimates": [{"period": "0q", "growth": 0.549}, {"period": "+1q", "growth": 0.431}, {"period": "0y", "growth": 0.305}, {"period": "+1y", "growth": 0.109}, {"period": "+5y", "growth": 0.120859005}, {"period": "-5y"}]}, "insiderTransactions": {"transactions": [{"maxAge": 1, "shares": 168701, "filerUrl": "", "transactionText": "", "filerName": "Malhotra (Ashok)", "filerRelation": "Managing Director", "moneyText": "", "startDate": "2017-03-30", "ownership": "D"}, {"maxAge": 1, "shares": 181634, "filerUrl": "", "transactionText": "", "filerName": "Malhotra (Ashok)", "filerRelation": "Managing Director", "moneyText": "", "startDate": "2017-03-29", "ownership": "D"}, {"maxAge": 1, "shares": 325061, "filerUrl": "", "transactionText": "", "filerName": "Malhotra (Ashok)", "filerRelation": "Managing Director", "moneyText": "", "startDate": "2016-03-21", "ownership": "D"}, {"maxAge": 1, "shares": 3703760, "filerUrl": "", "transactionText": "", "filerName": "AMIL Enterprises Pvt. Ltd.", "filerRelation": "Promoter", "moneyText": "", "startDate": "2016-02-26", "ownership": "D"}, {"maxAge": 1, "shares": 3703760, "filerUrl": "", "transactionText": "", "filerName": "Honeyvick Enterprises Pvt. Ltd.", "filerRelation": "Promoter", "moneyText": "", "startDate": "2016-02-24", "ownership": "D"}, {"maxAge": 1, "shares": 101640, "filerUrl": "", "transactionText": "", "filerName": "Malhotra (Ashok)", "filerRelation": "Managing Director", "moneyText": "", "startDate": "2016-02-17", "ownership": "D"}, {"maxAge": 1, "shares": 83100, "filerUrl": "", "transactionText": "", "filerName": "Malhotra (Ashok)", "filerRelation": "Managing Director", "moneyText": "", "startDate": "2016-01-25", "ownership": "D"}, {"maxAge": 1, "shares": 94368, "filerUrl": "", "transactionText": "", "filerName": "Malhotra (Ashok)", "filerRelation": "Managing Director", "moneyText": "", "startDate": "2016-01-19", "ownership": "D"}, {"maxAge": 1, "shares": 54940, "filerUrl": "", "transactionText": "", "filerName": "Malhotra (Ashok)", "filerRelation": "Managing Director", "moneyText": "", "startDate": "2016-01-11", "ownership": "D"}, {"maxAge": 1, "shares": 58050, "filerUrl": "", "transactionText": "", "filerName": "Malhotra (Ashok)", "filerRelation": "Managing Director", "moneyText": "", "startDate": "2015-12-17", "ownership": "D"}, {"maxAge": 1, "shares": 54014, "filerUrl": "", "transactionText": "", "filerName": "Malhotra (Ashok)", "filerRelation": "Managing Director", "moneyText": "", "startDate": "2015-10-23", "ownership": "D"}, {"maxAge": 1, "shares": 63649, "filerUrl": "", "transactionText": "", "filerName": "AMIL Enterprises Pvt. Ltd.", "filerRelation": "Promoter", "moneyText": "", "startDate": "2015-06-03", "ownership": "D"}, {"maxAge": 1, "shares": 15000, "filerUrl": "", "transactionText": "", "filerName": "AMIL Enterprises Pvt. Ltd.", "filerRelation": "Promoter", "moneyText": "", "startDate": "2015-05-06", "ownership": "D"}, {"maxAge": 1, "shares": 1000, "filerUrl": "", "transactionText": "", "filerName": "AMIL Enterprises Pvt. Ltd.", "filerRelation": "Promoter", "moneyText": "", "startDate": "2015-05-05", "ownership": "D"}, {"maxAge": 1, "shares": 500, "filerUrl": "", "transactionText": "", "filerName": "AMIL Enterprises Pvt. Ltd.", "filerRelation": "Promoter", "moneyText": "", "startDate": "2015-05-04", "ownership": "D"}, {"maxAge": 1, "shares": 20000, "filerUrl": "", "transactionText": "", "filerName": "AMIL Enterprises Pvt. Ltd.", "filerRelation": "Promoter", "moneyText": "", "startDate": "2015-04-30", "ownership": "D"}, {"maxAge": 1, "shares": 5500, "filerUrl": "", "transactionText": "", "filerName": "AMIL Enterprises Pvt. Ltd.", "filerRelation": "Promoter", "moneyText": "", "startDate": "2015-04-28", "ownership": "D"}, {"maxAge": 1, "shares": 20000, "filerUrl": "", "transactionText": "", "filerName": "AMIL Enterprises Pvt. Ltd.", "filerRelation": "Promoter", "moneyText": "", "startDate": "2015-04-23", "ownership": "D"}, {"maxAge": 1, "shares": 1350, "filerUrl": "", "transactionText": "", "filerName": "AMIL Enterprises Pvt. Ltd.", "filerRelation": "Promoter", "moneyText": "", "startDate": "2015-04-22", "ownership": "D"}, {"maxAge": 1, "shares": 650, "filerUrl": "", "transactionText": "", "filerName": "AMIL Enterprises Pvt. Ltd.", "filerRelation": "Promoter", "moneyText": "", "startDate": "2015-04-21", "ownership": "D"}, {"maxAge": 1, "shares": 600, "filerUrl": "", "transactionText": "", "filerName": "AMIL Enterprises Pvt. Ltd.", "filerRelation": "Promoter", "moneyText": "", "startDate": "2015-04-20", "ownership": "D"}, {"maxAge": 1, "shares": 2500, "filerUrl": "", "transactionText": "", "filerName": "AMIL Enterprises Pvt. Ltd.", "filerRelation": "Promoter", "moneyText": "", "startDate": "2015-04-16", "ownership": "D"}, {"maxAge": 1, "shares": 12000, "filerUrl": "", "transactionText": "", "filerName": "AMIL Enterprises Pvt. Ltd.", "filerRelation": "Promoter", "moneyText": "", "startDate": "2015-04-13", "ownership": "D"}, {"maxAge": 1, "shares": 5500, "filerUrl": "", "transactionText": "", "filerName": "AMIL Enterprises Pvt. Ltd.", "filerRelation": "Promoter", "moneyText": "", "startDate": "2015-04-09", "ownership": "D"}, {"maxAge": 1, "shares": 1500, "filerUrl": "", "transactionText": "", "filerName": "AMIL Enterprises Pvt. Ltd.", "filerRelation": "Promoter", "moneyText": "", "startDate": "2015-04-08", "ownership": "D"}, {"maxAge": 1, "shares": 1700, "filerUrl": "", "transactionText": "", "filerName": "AMIL Enterprises Pvt. Ltd.", "filerRelation": "Promoter", "moneyText": "", "startDate": "2015-03-26", "ownership": "D"}, {"maxAge": 1, "shares": 12000, "filerUrl": "", "transactionText": "", "filerName": "Shah (Suchita)", "filerRelation": "UNREPORTED", "moneyText": "", "startDate": "2014-08-27", "ownership": "D"}, {"maxAge": 1, "shares": 14245, "filerUrl": "", "transactionText": "", "filerName": "Honeyvick Enterprises Pvt. Ltd.", "filerRelation": "Promoter", "moneyText": "", "startDate": "2014-08-27", "ownership": "D"}, {"maxAge": 1, "shares": 4575, "filerUrl": "", "transactionText": "", "filerName": "ICICI Bank Ltd", "filerRelation": "Institution- Corporation", "moneyText": "", "startDate": "2012-12-31", "ownership": "D"}, {"maxAge": 1, "shares": 86998, "filerUrl": "", "transactionText": "", "filerName": "AMIL Enterprises Pvt. Ltd.", "filerRelation": "Promoter", "moneyText": "", "startDate": "2012-08-17", "ownership": "D"}, {"maxAge": 1, "shares": 104052, "filerUrl": "", "transactionText": "", "filerName": "Malhotra (Ashok)", "filerRelation": "Managing Director", "moneyText": "", "startDate": "2012-07-13", "ownership": "D"}, {"maxAge": 1, "shares": 211281, "filerUrl": "", "transactionText": "", "filerName": "AMIL Enterprises Pvt. Ltd.", "filerRelation": "Promoter", "moneyText": "", "startDate": "2012-03-05", "ownership": "D"}, {"maxAge": 1, "shares": 120092, "filerUrl": "", "transactionText": "", "filerName": "AMIL Enterprises Pvt. Ltd.", "filerRelation": "Promoter", "moneyText": "", "startDate": "2011-12-09", "ownership": "D"}, {"maxAge": 1, "shares": 20440, "filerUrl": "", "transactionText": "", "filerName": "AMIL Enterprises Pvt. Ltd.", "filerRelation": "Promoter", "moneyText": "", "startDate": "2011-12-02", "ownership": "D"}], "maxAge": 1}, "quoteType": {"exchange": "BSE", "quoteType": "EQUITY", "symbol": "PANCHMAHQ.BO", "underlyingSymbol": "PANCHMAHQ.BO", "shortName": "PANCHMAHAL STEEL LTD.", "longName": "Panchmahal Steel Limited", "firstTradeDateEpochUtc": "2000-01-03 09:15:00", "timeZoneFullName": "Asia/Kolkata", "timeZoneShortName": "IST", "uuid": "7761f150-e946-3801-a666-5489919a3a30", "gmtOffSetMilliseconds": 19800000, "maxAge": 1}, "incomeStatementHistory": {"incomeStatementHistory": [{"maxAge": 1, "endDate": "2020-03-31", "totalRevenue": 3308113000, "costOfRevenue": 2355952000, "grossProfit": 952161000, "researchDevelopment": {}, "sellingGeneralAdministrative": 171333000, "nonRecurring": {}, "otherOperatingExpenses": 730590000, "totalOperatingExpenses": 3334017000, "operatingIncome": -25904000, "totalOtherIncomeExpenseNet": -126034000, "ebit": -25904000, "interestExpense": -83892000, "incomeBeforeTax": -151938000, "incomeTaxExpense": 170185000, "minorityInterest": {}, "netIncomeFromContinuingOps": -322123000, "discontinuedOperations": {}, "extraordinaryItems": {}, "effectOfAccountingCharges": {}, "otherItems": {}, "netIncome": -322123000, "netIncomeApplicableToCommonShares": -322123000}, {"maxAge": 1, "endDate": "2019-03-31", "totalRevenue": 4534246000, "costOfRevenue": 3113450000, "grossProfit": 1420796000, "researchDevelopment": {}, "sellingGeneralAdministrative": 188050000, "nonRecurring": {}, "otherOperatingExpenses": 1000423000, "totalOperatingExpenses": 4378280000, "operatingIncome": 155966000, "totalOtherIncomeExpenseNet": -117970000, "ebit": 155966000, "interestExpense": -82999000, "incomeBeforeTax": 37996000, "incomeTaxExpense": 12411000, "minorityInterest": {}, "netIncomeFromContinuingOps": 25585000, "discontinuedOperations": {}, "extraordinaryItems": {}, "effectOfAccountingCharges": {}, "otherItems": {}, "netIncome": 25585000, "netIncomeApplicableToCommonShares": 25585000}, {"maxAge": 1, "endDate": "2018-03-31", "totalRevenue": 3962599000, "costOfRevenue": 2717426000, "grossProfit": 1245173000, "researchDevelopment": {}, "sellingGeneralAdministrative": 195942000, "nonRecurring": {}, "otherOperatingExpenses": 880717000, "totalOperatingExpenses": 3872450000, "operatingIncome": 90149000, "totalOtherIncomeExpenseNet": -86250000, "ebit": 90149000, "interestExpense": -86722000, "incomeBeforeTax": 3899000, "incomeTaxExpense": -1572000, "minorityInterest": {}, "netIncomeFromContinuingOps": 5471000, "discontinuedOperations": {}, "extraordinaryItems": {}, "effectOfAccountingCharges": {}, "otherItems": {}, "netIncome": 5471000, "netIncomeApplicableToCommonShares": 5471000}, {"maxAge": 1, "endDate": "2017-03-31", "totalRevenue": 3297451000, "costOfRevenue": 1895620000, "grossProfit": 1401831000, "researchDevelopment": {}, "sellingGeneralAdministrative": 160853000, "nonRecurring": {}, "otherOperatingExpenses": 1058720000, "totalOperatingExpenses": 3192857000, "operatingIncome": 104594000, "totalOtherIncomeExpenseNet": -102076000, "ebit": 104594000, "interestExpense": -97283000, "incomeBeforeTax": 2518000, "incomeTaxExpense": -422000, "minorityInterest": {}, "netIncomeFromContinuingOps": 2940000, "discontinuedOperations": {}, "extraordinaryItems": {}, "effectOfAccountingCharges": {}, "otherItems": {}, "netIncome": 2940000, "netIncomeApplicableToCommonShares": 2940000}], "maxAge": 86400}, "fundOwnership": {"ownershipList": [], "maxAge": 1}, "summaryDetail": {"maxAge": 1, "priceHint": 2, "previousClose": 46.55, "open": 48.8, "dayLow": 44.5, "dayHigh": 48.8, "regularMarketPreviousClose": 46.55, "regularMarketOpen": 48.8, "regularMarketDayLow": 44.5, "regularMarketDayHigh": 48.8, "volume": 2660, "regularMarketVolume": 2660, "averageVolume": 3289, "averageVolume10days": 1761, "averageDailyVolume10Day": 1761, "bid": 44.9, "ask": 45.95, "bidSize": 0, "askSize": 0, "marketCap": 858523520, "fiftyTwoWeekLow": 15.0, "fiftyTwoWeekHigh": 48.8, "fiftyDayAverage": 34.74697, "twoHundredDayAverage": 28.34522, "currency": "INR", "fromCurrency": null, "lastMarket": null, "algorithm": null, "tradeable": false}, "incomeStatementHistoryQuarterly": {"incomeStatementHistory": [{"maxAge": 1, "endDate": "2020-06-30", "totalRevenue": 446720000, "costOfRevenue": 362757000, "grossProfit": 83963000, "researchDevelopment": {}, "sellingGeneralAdministrative": 34216000, "nonRecurring": {}, "otherOperatingExpenses": 55757000, "totalOperatingExpenses": 471402000, "operatingIncome": -24682000, "totalOtherIncomeExpenseNet": -26525000, "ebit": -24682000, "interestExpense": -29117000, "incomeBeforeTax": -51207000, "incomeTaxExpense": 0, "minorityInterest": {}, "netIncomeFromContinuingOps": -51207000, "discontinuedOperations": {}, "extraordinaryItems": {}, "effectOfAccountingCharges": {}, "otherItems": {}, "netIncome": -51207000, "netIncomeApplicableToCommonShares": -51207000}, {"maxAge": 1, "endDate": "2020-03-31", "totalRevenue": 733656000, "costOfRevenue": 204492000, "grossProfit": 529164000, "researchDevelopment": {}, "sellingGeneralAdministrative": 40415000, "nonRecurring": {}, "otherOperatingExpenses": 459431000, "totalOperatingExpenses": 723272000, "operatingIncome": 10384000, "totalOtherIncomeExpenseNet": -55179000, "ebit": 10384000, "interestExpense": -29117000, "incomeBeforeTax": -44795000, "incomeTaxExpense": 208909000, "minorityInterest": {}, "netIncomeFromContinuingOps": -253704000, "discontinuedOperations": {}, "extraordinaryItems": {}, "effectOfAccountingCharges": {}, "otherItems": {}, "netIncome": -253704000, "netIncomeApplicableToCommonShares": -253704000}, {"maxAge": 1, "endDate": "2019-12-31", "totalRevenue": 685200000, "costOfRevenue": 611020000, "grossProfit": 74180000, "researchDevelopment": {}, "sellingGeneralAdministrative": 42540000, "nonRecurring": {}, "otherOperatingExpenses": 68190000, "totalOperatingExpenses": 740980000, "operatingIncome": -55780000, "totalOtherIncomeExpenseNet": -24520000, "ebit": -55780000, "interestExpense": -33470000, "incomeBeforeTax": -80300000, "incomeTaxExpense": -27100000, "minorityInterest": {}, "netIncomeFromContinuingOps": -53200000, "discontinuedOperations": {}, "extraordinaryItems": {}, "effectOfAccountingCharges": {}, "otherItems": {}, "netIncome": -53200000, "netIncomeApplicableToCommonShares": -53200000}, {"maxAge": 1, "endDate": "2019-09-30", "totalRevenue": 829119000, "costOfRevenue": 653153000, "grossProfit": 175966000, "researchDevelopment": {}, "sellingGeneralAdministrative": 43339000, "nonRecurring": {}, "otherOperatingExpenses": 104043000, "totalOperatingExpenses": 819776000, "operatingIncome": 9343000, "totalOtherIncomeExpenseNet": -28143000, "ebit": 9343000, "interestExpense": -38348000, "incomeBeforeTax": -18800000, "incomeTaxExpense": -8951000, "minorityInterest": {}, "netIncomeFromContinuingOps": -9849000, "discontinuedOperations": {}, "extraordinaryItems": {}, "effectOfAccountingCharges": {}, "otherItems": {}, "netIncome": -9849000, "netIncomeApplicableToCommonShares": -9849000}], "maxAge": 86400}, "cashflowStatementHistoryQuarterly": {"cashflowStatements": [{"maxAge": 1, "endDate": "2020-06-30", "netIncome": -51207000, "changeToLiabilities": 0}, {"maxAge": 1, "endDate": "2020-03-31", "netIncome": -253704000, "changeToLiabilities": 0}, {"maxAge": 1, "endDate": "2019-12-31", "netIncome": -53200000, "changeToLiabilities": 0}, {"maxAge": 1, "endDate": "2019-09-30", "netIncome": -9849000, "changeToLiabilities": 0}], "maxAge": 86400}, "insiderHolders": {"holders": [{"maxAge": 1, "name": "AMIL Enterprises Pvt. Ltd.", "relation": "Promoter", "url": "", "transactionDescription": "Other", "latestTransDate": "2016-02-26", "positionDirect": 0, "positionDirectDate": "2016-02-26"}, {"maxAge": 1, "name": "Honeyvick Enterprises Pvt. Ltd.", "relation": "Promoter", "url": "", "transactionDescription": "Acquisition", "latestTransDate": "2016-02-24", "positionDirect": 10516005, "positionDirectDate": "2016-02-24"}, {"maxAge": 1, "name": "ICICI Bank Ltd", "relation": "Institution- Corporation", "url": "", "transactionDescription": "Sale", "latestTransDate": "2012-12-31", "positionDirect": 3194539, "positionDirectDate": "2012-12-31"}, {"maxAge": 1, "name": "Malhotra (Ashok)", "relation": "Managing Director", "url": "", "transactionDescription": "Acquisition", "latestTransDate": "2017-03-30", "positionDirect": 2459940, "positionDirectDate": "2017-03-30"}, {"maxAge": 1, "name": "Shah (Suchita)", "relation": "UNREPORTED", "url": "", "transactionDescription": "Sale", "latestTransDate": "2014-08-27", "positionDirect": 4101, "positionDirectDate": "2014-08-27"}], "maxAge": 1}, "calendarEvents": {"maxAge": 1, "earnings": {"earningsDate": []}}, "upgradeDowngradeHistory": {"history": [], "maxAge": 86400}, "price": {"maxAge": 1, "regularMarketChangePercent": -0.033297513, "regularMarketChange": -1.5499992, "regularMarketTime": "2021-04-30 14:44:05", "priceHint": 2, "regularMarketPrice": 45.0, "regularMarketDayHigh": 48.8, "regularMarketDayLow": 44.5, "regularMarketVolume": 2660, "averageDailyVolume10Day": 1761, "averageDailyVolume3Month": 3289, "regularMarketPreviousClose": 46.55, "regularMarketSource": "FREE_REALTIME", "regularMarketOpen": 48.8, "exchange": "BSE", "exchangeName": "BSE", "exchangeDataDelayedBy": 0, "marketState": "CLOSED", "quoteType": "EQUITY", "symbol": "PANCHMAHQ.BO", "underlyingSymbol": null, "shortName": "PANCHMAHAL STEEL LTD.", "longName": "Panchmahal Steel Limited", "currency": "INR", "quoteSourceName": "Delayed Quote", "currencySymbol": "\u20b9", "fromCurrency": null, "lastMarket": null, "marketCap": 858523520}, "balanceSheetHistory": {"balanceSheetStatements": [{"maxAge": 1, "endDate": "2020-03-31", "cash": 1005000, "netReceivables": 254301000, "inventory": 1308578000, "otherCurrentAssets": 102031000, "totalCurrentAssets": 1665915000, "longTermInvestments": 2000, "propertyPlantEquipment": 822642000, "otherAssets": 38750000, "totalAssets": 2527309000, "accountsPayable": 817250000, "shortLongTermDebt": 16792000, "otherCurrentLiab": 32977000, "longTermDebt": 85500000, "otherLiab": 4001000, "totalCurrentLiabilities": 1520455000, "totalLiab": 1609956000, "commonStock": 190782000, "retainedEarnings": -62272000, "treasuryStock": 17572000, "capitalSurplus": 771271000, "otherStockholderEquity": 17572000, "totalStockholderEquity": 917353000, "netTangibleAssets": 917353000}, {"maxAge": 1, "endDate": "2019-03-31", "cash": 214000, "netReceivables": 275611000, "inventory": 1316304000, "otherCurrentAssets": 126111000, "totalCurrentAssets": 1718240000, "longTermInvestments": 2000, "propertyPlantEquipment": 897132000, "otherAssets": 205493000, "deferredLongTermAssetCharges": 170212000, "totalAssets": 2820867000, "accountsPayable": 819215000, "shortLongTermDebt": 12300000, "otherCurrentLiab": 23032000, "longTermDebt": 85500000, "otherLiab": 3460000, "totalCurrentLiabilities": 1496866000, "totalLiab": 1585826000, "commonStock": 190782000, "retainedEarnings": 255415000, "treasuryStock": 17573000, "capitalSurplus": 771271000, "otherStockholderEquity": 17573000, "totalStockholderEquity": 1235041000, "netTangibleAssets": 1235041000}, {"maxAge": 1, "endDate": "2018-03-31", "cash": 230000, "netReceivables": 373025000, "inventory": 1291760000, "otherCurrentAssets": 201349000, "totalCurrentAssets": 1870504000, "longTermInvestments": 2000, "propertyPlantEquipment": 964177000, "otherAssets": 175745000, "deferredLongTermAssetCharges": 112075000, "totalAssets": 3010428000, "accountsPayable": 963841000, "shortLongTermDebt": 27300000, "otherCurrentLiab": 13000000, "longTermDebt": 85500000, "otherLiab": 3929000, "totalCurrentLiabilities": 1711544000, "totalLiab": 1800973000, "commonStock": 190782000, "retainedEarnings": 229830000, "treasuryStock": 17572000, "capitalSurplus": 771271000, "otherStockholderEquity": 17572000, "totalStockholderEquity": 1209455000, "netTangibleAssets": 1209455000}, {"maxAge": 1, "endDate": "2017-03-31", "cash": 354000, "netReceivables": 434657000, "inventory": 1327310000, "otherCurrentAssets": 124358000, "totalCurrentAssets": 1892456000, "longTermInvestments": 2000, "propertyPlantEquipment": 1016312000, "otherAssets": 201809000, "deferredLongTermAssetCharges": 110503000, "totalAssets": 3110579000, "accountsPayable": 1075977000, "shortLongTermDebt": 13800000, "otherCurrentLiab": 35046000, "longTermDebt": 85500000, "otherLiab": 5708000, "totalCurrentLiabilities": 1804718000, "totalLiab": 1895926000, "commonStock": 190782000, "retainedEarnings": 235027000, "treasuryStock": 17623000, "capitalSurplus": 771221000, "otherStockholderEquity": 17623000, "totalStockholderEquity": 1214653000, "netTangibleAssets": 1214653000}], "maxAge": 86400}, "financialData": {"maxAge": 86400, "currentPrice": 45.0, "recommendationKey": "none", "grossProfits": 952161000, "financialCurrency": "INR"}}}