{"PARAGONF.BO": {"cashflowStatementHistory": {"cashflowStatements": [{"maxAge": 1, "endDate": "2020-03-31", "netIncome": 15764000, "depreciation": 701000, "changeToNetincome": 1271000, "changeToLiabilities": 0, "changeToOperatingActivities": -27598000, "totalCashFromOperatingActivities": -7880000, "capitalExpenditures": -76000, "investments": -1760000, "totalCashflowsFromInvestingActivities": -1836000, "netBorrowings": 10747000, "totalCashFromFinancingActivities": 10747000, "changeInCash": 1031000}, {"maxAge": 1, "endDate": "2019-03-31", "netIncome": 11088000, "depreciation": 1047000, "changeToNetincome": -726000, "changeToLiabilities": 0, "changeToOperatingActivities": -7166000, "totalCashFromOperatingActivities": 5166000, "capitalExpenditures": -69000, "investments": 6567000, "otherCashflowsFromInvestingActivities": -1000, "totalCashflowsFromInvestingActivities": 6739000, "netBorrowings": -3226000, "totalCashFromFinancingActivities": -3226000, "changeInCash": 8680000}, {"maxAge": 1, "endDate": "2018-03-31", "netIncome": 20731135, "depreciation": 1453699, "changeToNetincome": -168451, "changeToLiabilities": 0, "changeToOperatingActivities": 19252140, "totalCashFromOperatingActivities": 41268523, "capitalExpenditures": -2207411, "investments": 11439037, "otherCashflowsFromInvestingActivities": -1000, "totalCashflowsFromInvestingActivities": 12260376, "netBorrowings": -70318207, "totalCashFromFinancingActivities": -70318207, "changeInCash": -16789308}, {"maxAge": 1, "endDate": "2017-03-31", "netIncome": 17673102, "depreciation": 1764060, "changeToNetincome": -7344674, "changeToLiabilities": 0, "changeToOperatingActivities": -34383222, "totalCashFromOperatingActivities": -22290734, "capitalExpenditures": -1673483, "investments": 6148307, "otherCashflowsFromInvestingActivities": -1000, "totalCashflowsFromInvestingActivities": 14474824, "netBorrowings": 7052108, "totalCashFromFinancingActivities": 7052108, "changeInCash": -763802}], "maxAge": 86400}, "institutionOwnership": {"maxAge": 1, "ownershipList": []}, "balanceSheetHistoryQuarterly": {"balanceSheetStatements": [{"maxAge": 1, "endDate": "2020-06-30", "totalStockholderEquity": 247454000, "netTangibleAssets": 247454000}, {"maxAge": 1, "endDate": "2020-03-31", "cash": 15066000, "netReceivables": 196529000, "otherCurrentAssets": 22677000, "totalCurrentAssets": 268044000, "propertyPlantEquipment": 1603000, "otherAssets": 4087000, "deferredLongTermAssetCharges": 3105000, "totalAssets": 273734000, "otherCurrentLiab": 146000, "otherLiab": 1000, "totalCurrentLiabilities": 26279000, "totalLiab": 26280000, "commonStock": 42500000, "retainedEarnings": 184047000, "treasuryStock": -4231000, "capitalSurplus": 25138000, "otherStockholderEquity": -4231000, "totalStockholderEquity": 247454000, "netTangibleAssets": 247454000}, {"maxAge": 1, "endDate": "2019-12-31", "totalStockholderEquity": 246514000, "netTangibleAssets": 246514000}, {"maxAge": 1, "endDate": "2019-09-30", "cash": 4799000, "netReceivables": 241385000, "totalCurrentAssets": 246184000, "longTermInvestments": 20818000, "propertyPlantEquipment": 1962000, "otherAssets": 962000, "totalAssets": 269926000, "longTermDebt": 7454000, "otherLiab": 15958000, "totalLiab": 23412000, "commonStock": 42500000, "treasuryStock": 204014000, "otherStockholderEquity": 204014000, "totalStockholderEquity": 246514000, "netTangibleAssets": 246514000}], "maxAge": 86400}, "indexTrend": {"maxAge": 1, "symbol": "SP5", "peRatio": 19.7411, "pegRatio": 1.34172, "estimates": [{"period": "0q", "growth": 0.549}, {"period": "+1q", "growth": 0.431}, {"period": "0y", "growth": 0.305}, {"period": "+1y", "growth": 0.109}, {"period": "+5y", "growth": 0.120859005}, {"period": "-5y"}]}, "insiderTransactions": {"transactions": [{"maxAge": 1, "shares": 11765, "filerUrl": "", "transactionText": "", "filerName": "Gupta (Shreya)", "filerRelation": "Additonal Director", "moneyText": "", "startDate": "2020-09-17", "ownership": "D"}, {"maxAge": 1, "shares": 181112, "filerUrl": "", "transactionText": "", "filerName": "Gupta (Shreya)", "filerRelation": "Additonal Director", "moneyText": "", "startDate": "2020-09-14", "ownership": "D"}], "maxAge": 1}, "quoteType": {"exchange": "BSE", "quoteType": "EQUITY", "symbol": "PARAGONF.BO", "underlyingSymbol": "PARAGONF.BO", "shortName": "PARAGON FINANCE LTD.", "longName": "Paragon Finance Limited", "firstTradeDateEpochUtc": "2003-02-19 09:15:00", "timeZoneFullName": "Asia/Kolkata", "timeZoneShortName": "IST", "uuid": "2740dc61-1127-3a0c-98b4-1a7d348f957e", "messageBoardId": null, "gmtOffSetMilliseconds": 19800000, "maxAge": 1}, "incomeStatementHistory": {"incomeStatementHistory": [{"maxAge": 1, "endDate": "2020-03-31", "totalRevenue": 43188000, "costOfRevenue": 0, "grossProfit": 43188000, "researchDevelopment": {}, "sellingGeneralAdministrative": 11355000, "nonRecurring": {}, "otherOperatingExpenses": 10957000, "totalOperatingExpenses": 23013000, "operatingIncome": 20175000, "totalOtherIncomeExpenseNet": -361000, "ebit": 0, "interestExpense": {}, "incomeBeforeTax": 19814000, "incomeTaxExpense": 4050000, "minorityInterest": {}, "netIncomeFromContinuingOps": 15764000, "discontinuedOperations": {}, "extraordinaryItems": {}, "effectOfAccountingCharges": {}, "otherItems": {}, "netIncome": 15764000, "netIncomeApplicableToCommonShares": 15764000}, {"maxAge": 1, "endDate": "2019-03-31", "totalRevenue": 39212000, "costOfRevenue": 0, "grossProfit": 39212000, "researchDevelopment": {}, "sellingGeneralAdministrative": 9187000, "nonRecurring": {}, "otherOperatingExpenses": 10729000, "totalOperatingExpenses": 20963000, "operatingIncome": 18249000, "totalOtherIncomeExpenseNet": -287000, "ebit": 0, "interestExpense": {}, "incomeBeforeTax": 17962000, "incomeTaxExpense": 6874000, "minorityInterest": {}, "netIncomeFromContinuingOps": 11088000, "discontinuedOperations": {}, "extraordinaryItems": {}, "effectOfAccountingCharges": {}, "otherItems": {}, "netIncome": 11088000, "netIncomeApplicableToCommonShares": 11088000}, {"maxAge": 1, "endDate": "2018-03-31", "totalRevenue": 44724397, "costOfRevenue": 2004201, "grossProfit": 42720196, "researchDevelopment": {}, "sellingGeneralAdministrative": 7467623, "nonRecurring": {}, "otherOperatingExpenses": 9426041, "totalOperatingExpenses": 20351564, "operatingIncome": 24372833, "totalOtherIncomeExpenseNet": 1560349, "ebit": 0, "interestExpense": {}, "incomeBeforeTax": 25933182, "incomeTaxExpense": 5202047, "minorityInterest": {}, "netIncomeFromContinuingOps": 20731135, "discontinuedOperations": {}, "extraordinaryItems": {}, "effectOfAccountingCharges": {}, "otherItems": {}, "netIncome": 20731135, "netIncomeApplicableToCommonShares": 20731135}, {"maxAge": 1, "endDate": "2017-03-31", "totalRevenue": 41411335, "costOfRevenue": 1821091, "grossProfit": 39590244, "researchDevelopment": {}, "sellingGeneralAdministrative": 7051832, "nonRecurring": {}, "otherOperatingExpenses": 16470233, "totalOperatingExpenses": 27107216, "operatingIncome": 14304119, "totalOtherIncomeExpenseNet": 8951337, "ebit": 0, "interestExpense": {}, "incomeBeforeTax": 23255456, "incomeTaxExpense": 5582354, "minorityInterest": {}, "netIncomeFromContinuingOps": 17673102, "discontinuedOperations": {}, "extraordinaryItems": {}, "effectOfAccountingCharges": {}, "otherItems": {}, "netIncome": 17673102, "netIncomeApplicableToCommonShares": 17673102}], "maxAge": 86400}, "fundOwnership": {"maxAge": 1, "ownershipList": []}, "summaryDetail": {"maxAge": 1, "priceHint": 2, "previousClose": 18.9, "open": 19.0, "dayLow": 17.25, "dayHigh": 19.0, "regularMarketPreviousClose": 18.9, "regularMarketOpen": 19.0, "regularMarketDayLow": 17.25, "regularMarketDayHigh": 19.0, "trailingPE": 5.1879916, "volume": 508, "regularMarketVolume": 508, "averageVolume": 1055, "averageVolume10days": 2094, "averageDailyVolume10Day": 2094, "bid": 17.7, "ask": 18.4, "bidSize": 0, "askSize": 0, "marketCap": 75650000, "fiftyTwoWeekLow": 8.76, "fiftyTwoWeekHigh": 23.6, "fiftyDayAverage": 19.282858, "twoHundredDayAverage": 15.504307, "currency": "INR", "fromCurrency": null, "toCurrency": null, "lastMarket": null, "algorithm": null, "tradeable": false}, "incomeStatementHistoryQuarterly": {"incomeStatementHistory": [{"maxAge": 1, "endDate": "2020-06-30", "totalRevenue": 10081000, "costOfRevenue": 0, "grossProfit": 10081000, "researchDevelopment": {}, "sellingGeneralAdministrative": 2545000, "nonRecurring": {}, "otherOperatingExpenses": 3200000, "totalOperatingExpenses": 5859000, "operatingIncome": 4222000, "totalOtherIncomeExpenseNet": -1000, "ebit": 0, "interestExpense": {}, "incomeBeforeTax": 4221000, "incomeTaxExpense": 821000, "minorityInterest": {}, "netIncomeFromContinuingOps": 3400000, "discontinuedOperations": {}, "extraordinaryItems": {}, "effectOfAccountingCharges": {}, "otherItems": {}, "netIncome": 3400000, "netIncomeApplicableToCommonShares": 3400000}, {"maxAge": 1, "endDate": "2020-03-31", "totalRevenue": 10757000, "costOfRevenue": 0, "grossProfit": 10757000, "researchDevelopment": {}, "sellingGeneralAdministrative": 3498000, "nonRecurring": {}, "otherOperatingExpenses": 5495000, "totalOperatingExpenses": 9185000, "operatingIncome": 1572000, "totalOtherIncomeExpenseNet": -362000, "ebit": 0, "interestExpense": {}, "incomeBeforeTax": 1210000, "incomeTaxExpense": -1649000, "minorityInterest": {}, "netIncomeFromContinuingOps": 2859000, "discontinuedOperations": {}, "extraordinaryItems": {}, "effectOfAccountingCharges": {}, "otherItems": {}, "netIncome": 2859000, "netIncomeApplicableToCommonShares": 2859000}, {"maxAge": 1, "endDate": "2019-12-31", "totalRevenue": 10574000, "costOfRevenue": 0, "grossProfit": 10574000, "researchDevelopment": {}, "sellingGeneralAdministrative": 2594000, "nonRecurring": {}, "otherOperatingExpenses": 1950000, "totalOperatingExpenses": 4717000, "operatingIncome": 5857000, "totalOtherIncomeExpenseNet": 1000, "ebit": 0, "interestExpense": {}, "incomeBeforeTax": 5858000, "incomeTaxExpense": 1948000, "minorityInterest": {}, "netIncomeFromContinuingOps": 3910000, "discontinuedOperations": {}, "extraordinaryItems": {}, "effectOfAccountingCharges": {}, "otherItems": {}, "netIncome": 3910000, "netIncomeApplicableToCommonShares": 3910000}, {"maxAge": 1, "endDate": "2019-09-30", "totalRevenue": 10955000, "costOfRevenue": 0, "grossProfit": 10955000, "researchDevelopment": {}, "sellingGeneralAdministrative": 3431000, "nonRecurring": {}, "otherOperatingExpenses": 1164000, "totalOperatingExpenses": 4755000, "operatingIncome": 6200000, "totalOtherIncomeExpenseNet": 0, "ebit": 0, "interestExpense": {}, "incomeBeforeTax": 6200000, "incomeTaxExpense": 1776000, "minorityInterest": {}, "netIncomeFromContinuingOps": 4424000, "discontinuedOperations": {}, "extraordinaryItems": {}, "effectOfAccountingCharges": {}, "otherItems": {}, "netIncome": 4424000, "netIncomeApplicableToCommonShares": 4424000}], "maxAge": 86400}, "cashflowStatementHistoryQuarterly": {"cashflowStatements": [{"maxAge": 1, "endDate": "2020-06-30", "netIncome": 3400000, "changeToLiabilities": 0}, {"maxAge": 1, "endDate": "2020-03-31", "netIncome": 2859000, "changeToLiabilities": 0}, {"maxAge": 1, "endDate": "2019-12-31", "netIncome": 3910000, "changeToLiabilities": 0}, {"maxAge": 1, "endDate": "2019-09-30", "netIncome": 4424000, "changeToLiabilities": 0}], "maxAge": 86400}, "insiderHolders": {"holders": [{"maxAge": 1, "name": "Gupta (Shreya)", "relation": "Additonal Director", "url": "", "transactionDescription": "Acquisition", "latestTransDate": "2020-09-17", "positionDirect": 371277, "positionDirectDate": "2020-09-17"}], "maxAge": 1}, "calendarEvents": {"maxAge": 1, "earnings": {"earningsDate": []}}, "price": {"maxAge": 1, "regularMarketChangePercent": -0.05820108, "regularMarketChange": -1.1000004, "regularMarketTime": "2021-04-30 15:13:58", "priceHint": 2, "regularMarketPrice": 17.8, "regularMarketDayHigh": 19.0, "regularMarketDayLow": 17.25, "regularMarketVolume": 508, "averageDailyVolume10Day": 2094, "averageDailyVolume3Month": 1055, "regularMarketPreviousClose": 18.9, "regularMarketSource": "FREE_REALTIME", "regularMarketOpen": 19.0, "exchange": "BSE", "exchangeName": "BSE", "exchangeDataDelayedBy": 0, "marketState": "CLOSED", "quoteType": "EQUITY", "symbol": "PARAGONF.BO", "underlyingSymbol": null, "shortName": "PARAGON FINANCE LTD.", "longName": "Paragon Finance Limited", "currency": "INR", "quoteSourceName": "Delayed Quote", "currencySymbol": "\u20b9", "fromCurrency": null, "toCurrency": null, "lastMarket": null, "marketCap": 75650000}, "balanceSheetHistory": {"balanceSheetStatements": [{"maxAge": 1, "endDate": "2020-03-31", "cash": 15066000, "netReceivables": 196529000, "otherCurrentAssets": 22677000, "totalCurrentAssets": 268044000, "propertyPlantEquipment": 1603000, "otherAssets": 4087000, "deferredLongTermAssetCharges": 3105000, "totalAssets": 273734000, "otherCurrentLiab": 146000, "otherLiab": 1000, "totalCurrentLiabilities": 26279000, "totalLiab": 26280000, "commonStock": 42500000, "retainedEarnings": 184047000, "treasuryStock": -4231000, "capitalSurplus": 25138000, "otherStockholderEquity": -4231000, "totalStockholderEquity": 247454000, "netTangibleAssets": 247454000}, {"maxAge": 1, "endDate": "2019-03-31", "cash": 14122000, "netReceivables": 181394000, "otherCurrentAssets": 11720000, "totalCurrentAssets": 251037000, "propertyPlantEquipment": 2228000, "otherAssets": 4344000, "deferredLongTermAssetCharges": 1381000, "totalAssets": 257609000, "otherCurrentLiab": 573000, "totalCurrentLiabilities": 15615000, "totalLiab": 15615000, "commonStock": 42500000, "retainedEarnings": 168283000, "treasuryStock": 6073000, "capitalSurplus": 25138000, "otherStockholderEquity": 6073000, "totalStockholderEquity": 241994000, "netTangibleAssets": 241994000}, {"maxAge": 1, "endDate": "2018-03-31", "cash": 6747890, "netReceivables": 171885962, "otherCurrentAssets": 11740261, "totalCurrentAssets": 190374113, "longTermInvestments": 45038245, "propertyPlantEquipment": 3735195, "otherAssets": 2922284, "deferredLongTermAssetCharges": 935644, "totalAssets": 242069837, "shortLongTermDebt": 1408833, "otherCurrentLiab": 2412148, "longTermDebt": 12113374, "otherLiab": 148168, "totalCurrentLiabilities": 7974424, "totalLiab": 20235966, "commonStock": 42500000, "retainedEarnings": 154196371, "capitalSurplus": 25137500, "totalStockholderEquity": 221833871, "netTangibleAssets": 221833871}, {"maxAge": 1, "endDate": "2017-03-31", "cash": 23537198, "netReceivables": 191053056, "otherCurrentAssets": 19582195, "totalCurrentAssets": 234172449, "longTermInvestments": 56477282, "propertyPlantEquipment": 5035033, "otherAssets": 3393353, "deferredLongTermAssetCharges": 680265, "totalAssets": 299078117, "shortLongTermDebt": 5986391, "otherCurrentLiab": 5255516, "longTermDebt": 66285170, "otherLiab": 167153, "totalCurrentLiabilities": 31523058, "totalLiab": 97975381, "commonStock": 42500000, "retainedEarnings": 133465236, "capitalSurplus": 25137500, "totalStockholderEquity": 201102736, "netTangibleAssets": 201102736}], "maxAge": 86400}, "financialData": {"maxAge": 86400, "currentPrice": 17.8, "recommendationKey": "none", "grossProfits": 43188000, "financialCurrency": "INR"}}}