{"PARACABLES.BO": {"recommendationTrend": {"trend": [{"period": "0m", "strongBuy": 0, "buy": 0, "hold": 0, "sell": 0, "strongSell": 0}, {"period": "-1m", "strongBuy": 0, "buy": 0, "hold": 0, "sell": 0, "strongSell": 0}, {"period": "-2m", "strongBuy": 0, "buy": 0, "hold": 0, "sell": 0, "strongSell": 0}, {"period": "-3m", "strongBuy": 0, "buy": 0, "hold": 0, "sell": 0, "strongSell": 0}], "maxAge": 86400}, "cashflowStatementHistory": {"cashflowStatements": [{"maxAge": 1, "endDate": "2020-03-31", "netIncome": 263466813, "depreciation": 107757777, "changeToNetincome": 45040959, "changeToAccountReceivables": 60489705, "changeToLiabilities": 59250654, "changeToInventory": -311476147, "changeToOperatingActivities": -95919338, "totalCashFromOperatingActivities": 131316054, "capitalExpenditures": -76984549, "investments": 145497, "otherCashflowsFromInvestingActivities": 22124565, "totalCashflowsFromInvestingActivities": -54319174, "netBorrowings": -138670051, "otherCashflowsFromFinancingActivities": -88315331, "totalCashFromFinancingActivities": -81108882, "changeInCash": -4112002, "issuanceOfStock": 145876500}, {"maxAge": 1, "endDate": "2019-03-31", "netIncome": 291596426, "depreciation": 84258426, "changeToNetincome": 42063429, "changeToAccountReceivables": -249091251, "changeToLiabilities": 119082833, "changeToInventory": -499863331, "changeToOperatingActivities": 34179111, "totalCashFromOperatingActivities": -175639648, "capitalExpenditures": -107663354, "investments": 849403, "otherCashflowsFromInvestingActivities": 26333536, "totalCashflowsFromInvestingActivities": -79561760, "netBorrowings": 65440701, "otherCashflowsFromFinancingActivities": -76814979, "totalCashFromFinancingActivities": 248045722, "changeInCash": -7155686, "issuanceOfStock": 259420000}, {"maxAge": 1, "endDate": "2018-03-31", "netIncome": 146929741, "depreciation": 90144519, "changeToNetincome": 25390772, "changeToAccountReceivables": -727593751, "changeToLiabilities": 722066322, "changeToInventory": -144821687, "changeToOperatingActivities": 86811732, "totalCashFromOperatingActivities": 201033621, "capitalExpenditures": -17616239, "investments": 849403, "otherCashflowsFromInvestingActivities": 30609143, "totalCashflowsFromInvestingActivities": 12992904, "netBorrowings": -136310307, "otherCashflowsFromFinancingActivities": -39926592, "totalCashFromFinancingActivities": -176230899, "changeInCash": 37795626, "issuanceOfStock": 92762250}, {"maxAge": 1, "endDate": "2017-03-31", "netIncome": 146258239, "depreciation": 95763674, "changeToNetincome": 264738657, "changeToAccountReceivables": 55997510, "changeToLiabilities": -373431012, "changeToInventory": 405692788, "changeToOperatingActivities": -76130841, "totalCashFromOperatingActivities": 520047885, "capitalExpenditures": -15911640, "investments": 118320, "otherCashflowsFromInvestingActivities": 32209236, "totalCashflowsFromInvestingActivities": 18461273, "netBorrowings": -346551882, "otherCashflowsFromFinancingActivities": -184015108, "totalCashFromFinancingActivities": -530566990, "changeInCash": 7942168, "issuanceOfStock": 92762250}], "maxAge": 86400}, "institutionOwnership": {"ownershipList": [], "maxAge": 1}, "balanceSheetHistoryQuarterly": {"balanceSheetStatements": [{"maxAge": 1, "endDate": "2020-06-30"}, {"maxAge": 1, "endDate": "2020-03-31", "cash": 15252769, "netReceivables": 2103859818, "inventory": 1089266548, "otherCurrentAssets": 303644796, "totalCurrentAssets": 3527153470, "longTermInvestments": 1, "propertyPlantEquipment": 1441850277, "intangibleAssets": 8943947, "otherAssets": 144680388, "totalAssets": 5122628083, "accountsPayable": 1092262225, "shortLongTermDebt": 103927272, "otherCurrentLiab": 65027549, "longTermDebt": 1852558369, "otherLiab": 24877869, "totalCurrentLiabilities": 1289216561, "totalLiab": 3301186977, "commonStock": 368267930, "retainedEarnings": -335579508, "treasuryStock": 22278726, "capitalSurplus": 1766473958, "otherStockholderEquity": 22278726, "totalStockholderEquity": 1821441106, "netTangibleAssets": 1812497159}, {"maxAge": 1, "endDate": "2019-12-31", "totalStockholderEquity": 1553179000, "netTangibleAssets": 1548043000}, {"maxAge": 1, "endDate": "2019-09-30", "cash": 148354000, "shortTermInvestments": 42494000, "netReceivables": 2425946000, "inventory": 760519000, "otherCurrentAssets": 144298000, "totalCurrentAssets": 3521611000, "longTermInvestments": 115212000, "propertyPlantEquipment": 1463295000, "intangibleAssets": 5136000, "otherAssets": 8330000, "totalAssets": 5113584000, "accountsPayable": 1209385000, "otherCurrentLiab": 311536000, "longTermDebt": 1852780000, "otherLiab": 165156000, "totalCurrentLiabilities": 1542469000, "totalLiab": 3560405000, "commonStock": 343568000, "treasuryStock": 1209611000, "otherStockholderEquity": 1209611000, "totalStockholderEquity": 1553179000, "netTangibleAssets": 1548043000}], "maxAge": 86400}, "earningsHistory": {"history": [{"maxAge": 1, "epsActual": {}, "epsEstimate": {}, "epsDifference": {}, "surprisePercent": {}, "quarter": {}, "period": "-4q"}, {"maxAge": 1, "epsActual": {}, "epsEstimate": {}, "epsDifference": {}, "surprisePercent": {}, "quarter": {}, "period": "-3q"}, {"maxAge": 1, "epsActual": {}, "epsEstimate": {}, "epsDifference": {}, "surprisePercent": {}, "quarter": {}, "period": "-2q"}, {"maxAge": 1, "epsActual": {}, "epsEstimate": {}, "epsDifference": {}, "surprisePercent": {}, "quarter": {}, "period": "-1q"}], "maxAge": 86400}, "indexTrend": {"maxAge": 1, "symbol": "SP5", "peRatio": 19.7411, "pegRatio": 1.34172, "estimates": [{"period": "0q", "growth": 0.549}, {"period": "+1q", "growth": 0.431}, {"period": "0y", "growth": 0.305}, {"period": "+1y", "growth": 0.109}, {"period": "+5y", "growth": 0.120865}, {"period": "-5y"}]}, "industryTrend": {"maxAge": 1, "symbol": null, "estimates": []}, "insiderTransactions": {"transactions": [{"maxAge": 1, "shares": 16696, "filerUrl": "", "transactionText": "", "filerName": "Aggarwal (Sandeep)", "filerRelation": "Promoter", "moneyText": "", "startDate": "2020-03-23", "ownership": "D"}, {"maxAge": 1, "shares": 24992, "filerUrl": "", "transactionText": "", "filerName": "Aggarwal (Sanjay)", "filerRelation": "Promoter", "moneyText": "", "startDate": "2020-03-20", "ownership": "D"}, {"maxAge": 1, "shares": 25000, "filerUrl": "", "transactionText": "", "filerName": "Aggarwal (Sandeep)", "filerRelation": "Promoter", "moneyText": "", "startDate": "2020-03-20", "ownership": "D"}, {"maxAge": 1, "shares": 7752, "filerUrl": "", "transactionText": "", "filerName": "Aggarwal (Sanjay)", "filerRelation": "Promoter", "moneyText": "", "startDate": "2020-03-18", "ownership": "D"}, {"maxAge": 1, "shares": 78054, "filerUrl": "", "transactionText": "", "filerName": "Aggarwal (Sandeep)", "filerRelation": "Promoter", "moneyText": "", "startDate": "2020-03-18", "ownership": "D"}, {"maxAge": 1, "shares": 102017, "filerUrl": "", "transactionText": "", "filerName": "Aggarwal (Sandeep)", "filerRelation": "Promoter", "moneyText": "", "startDate": "2020-03-17", "ownership": "D"}, {"maxAge": 1, "shares": 176376, "filerUrl": "", "transactionText": "", "filerName": "Aggarwal (Sanjay)", "filerRelation": "Promoter", "moneyText": "", "startDate": "2020-03-17", "ownership": "D"}, {"maxAge": 1, "shares": 3465000, "filerUrl": "", "transactionText": "", "filerName": "Paramount Telecables, Ltd", "filerRelation": "Promoter", "moneyText": "", "startDate": "2017-11-07", "ownership": "D"}, {"maxAge": 1, "shares": 6178000, "filerUrl": "", "transactionText": "", "filerName": "Aggarwal (Shashi)", "filerRelation": "Promoter", "moneyText": "", "startDate": "2017-11-07", "ownership": "D"}, {"maxAge": 1, "shares": 6178000, "filerUrl": "", "transactionText": "", "filerName": "Aggarwal (Archana)", "filerRelation": "Promoter", "moneyText": "", "startDate": "2017-11-07", "ownership": "D"}, {"maxAge": 1, "shares": 21331500, "filerUrl": "", "transactionText": "", "filerName": "Paramount Telecables, Ltd", "filerRelation": "Promoter", "moneyText": "", "startDate": "2013-03-30", "ownership": "D"}, {"maxAge": 1, "shares": 10875000, "filerUrl": "", "transactionText": "", "filerName": "April Investment & Finance Pvt Ltd", "filerRelation": "Promoter", "moneyText": "", "startDate": "2013-03-30", "ownership": "D"}, {"maxAge": 1, "shares": 12856, "filerUrl": "", "transactionText": "", "filerName": "Deutsche Securities Mauritius Ltd", "filerRelation": "UNREPORTED", "moneyText": "", "startDate": "2009-12-09", "ownership": "D"}], "maxAge": 1}, "quoteType": {"exchange": "BSE", "quoteType": "EQUITY", "symbol": "PARACABLES.BO", "underlyingSymbol": "PARACABLES.BO", "shortName": "PARAMOUNT COMMUNICATIONS LTD.", "longName": "Paramount Communications Limited", "firstTradeDateEpochUtc": "2002-07-01 09:15:00", "timeZoneFullName": "Asia/Kolkata", "timeZoneShortName": "IST", "uuid": "d8d8c6f7-5ca6-3d40-89a3-0a47bb31c0d8", "gmtOffSetMilliseconds": 19800000, "maxAge": 1}, "incomeStatementHistory": {"incomeStatementHistory": [{"maxAge": 1, "endDate": "2020-03-31", "totalRevenue": 6062029908, "costOfRevenue": 4563552856, "grossProfit": 1498477052, "researchDevelopment": {}, "sellingGeneralAdministrative": 251635183, "nonRecurring": {}, "otherOperatingExpenses": 794533327, "totalOperatingExpenses": 5720184774, "operatingIncome": 341845134, "totalOtherIncomeExpenseNet": -78378321, "ebit": 341845134, "interestExpense": -102298756, "incomeBeforeTax": 263466813, "incomeTaxExpense": 0, "minorityInterest": {}, "netIncomeFromContinuingOps": 263466813, "discontinuedOperations": {}, "extraordinaryItems": {}, "effectOfAccountingCharges": {}, "otherItems": {}, "netIncome": 263466813, "netIncomeApplicableToCommonShares": 263466813}, {"maxAge": 1, "endDate": "2019-03-31", "totalRevenue": 6144633022, "costOfRevenue": 4743964790, "grossProfit": 1400668232, "researchDevelopment": {}, "sellingGeneralAdministrative": 229374490, "nonRecurring": {}, "otherOperatingExpenses": 750046619, "totalOperatingExpenses": 5806310656, "operatingIncome": 338322366, "totalOtherIncomeExpenseNet": -46725940, "ebit": 338322366, "interestExpense": -76814979, "incomeBeforeTax": 291596426, "incomeTaxExpense": 0, "minorityInterest": {}, "netIncomeFromContinuingOps": 291596426, "discontinuedOperations": {}, "extraordinaryItems": {}, "effectOfAccountingCharges": {}, "otherItems": {}, "netIncome": 291596426, "netIncomeApplicableToCommonShares": 291596426}, {"maxAge": 1, "endDate": "2018-03-31", "totalRevenue": 4331562028, "costOfRevenue": 3524503744, "grossProfit": 807058284, "researchDevelopment": {}, "sellingGeneralAdministrative": 201297597, "nonRecurring": {}, "otherOperatingExpenses": 632650833, "totalOperatingExpenses": 4450702666, "operatingIncome": -119140638, "totalOtherIncomeExpenseNet": 266070379, "ebit": -119140638, "interestExpense": -41538597, "incomeBeforeTax": 146929741, "incomeTaxExpense": 0, "minorityInterest": {}, "netIncomeFromContinuingOps": 146929741, "discontinuedOperations": {}, "extraordinaryItems": {}, "effectOfAccountingCharges": {}, "otherItems": {}, "netIncome": 146929741, "netIncomeApplicableToCommonShares": 146929741}, {"maxAge": 1, "endDate": "2017-03-31", "totalRevenue": 3155368393, "costOfRevenue": 2859981754, "grossProfit": 295386639, "researchDevelopment": {}, "sellingGeneralAdministrative": 186557966, "nonRecurring": {}, "otherOperatingExpenses": 583107094, "totalOperatingExpenses": 3730505124, "operatingIncome": -575136731, "totalOtherIncomeExpenseNet": 721394970, "ebit": -575136731, "interestExpense": -190267676, "incomeBeforeTax": 146258239, "incomeTaxExpense": 0, "minorityInterest": {}, "netIncomeFromContinuingOps": 146258239, "discontinuedOperations": {}, "extraordinaryItems": {}, "effectOfAccountingCharges": {}, "otherItems": {}, "netIncome": 146258239, "netIncomeApplicableToCommonShares": 146258239}], "maxAge": 86400}, "fundOwnership": {"ownershipList": [], "maxAge": 1}, "summaryDetail": {"maxAge": 1, "priceHint": 2, "previousClose": 9.12, "open": 9.01, "dayLow": 8.66, "dayHigh": 9.15, "regularMarketPreviousClose": 9.12, "regularMarketOpen": 9.01, "regularMarketDayLow": 8.66, "regularMarketDayHigh": 9.15, "trailingPE": 7.233871, "volume": 27377, "regularMarketVolume": 27377, "averageVolume": 77437, "averageVolume10days": 24062, "averageDailyVolume10Day": 24062, "bid": 9.03, "ask": 9.06, "bidSize": 0, "askSize": 0, "marketCap": 1540902528, "fiftyTwoWeekLow": 5.0, "fiftyTwoWeekHigh": 11.68, "fiftyDayAverage": 8.439091, "twoHundredDayAverage": 7.4546323, "currency": "INR", "fromCurrency": null, "lastMarket": null, "algorithm": null, "tradeable": false}, "sectorTrend": {"maxAge": 1, "symbol": null, "estimates": []}, "incomeStatementHistoryQuarterly": {"incomeStatementHistory": [{"maxAge": 1, "endDate": "2020-06-30", "totalRevenue": 850152000, "costOfRevenue": 684863000, "grossProfit": 165289000, "researchDevelopment": {}, "sellingGeneralAdministrative": 42049000, "nonRecurring": {}, "otherOperatingExpenses": 103673000, "totalOperatingExpenses": 852805000, "operatingIncome": -2653000, "totalOtherIncomeExpenseNet": -13442000, "ebit": -2653000, "interestExpense": -21583000, "incomeBeforeTax": -16095000, "incomeTaxExpense": 0, "minorityInterest": {}, "netIncomeFromContinuingOps": -16095000, "discontinuedOperations": {}, "extraordinaryItems": {}, "effectOfAccountingCharges": {}, "otherItems": {}, "netIncome": -16095000, "netIncomeApplicableToCommonShares": -16095000}, {"maxAge": 1, "endDate": "2020-03-31", "totalRevenue": 1337492908, "costOfRevenue": 1013228856, "grossProfit": 324264052, "researchDevelopment": {}, "sellingGeneralAdministrative": 89277183, "nonRecurring": {}, "otherOperatingExpenses": 141824327, "totalOperatingExpenses": 1269315774, "operatingIncome": 68177134, "totalOtherIncomeExpenseNet": -18122321, "ebit": 68177134, "interestExpense": -24443756, "incomeBeforeTax": 50054813, "incomeTaxExpense": 0, "minorityInterest": {}, "netIncomeFromContinuingOps": 50054813, "discontinuedOperations": {}, "extraordinaryItems": {}, "effectOfAccountingCharges": {}, "otherItems": {}, "netIncome": 50054813, "netIncomeApplicableToCommonShares": 50054813}, {"maxAge": 1, "endDate": "2019-12-31", "totalRevenue": 1656734000, "costOfRevenue": 1231677000, "grossProfit": 425057000, "researchDevelopment": {}, "sellingGeneralAdministrative": 68700000, "nonRecurring": {}, "otherOperatingExpenses": 241122000, "totalOperatingExpenses": 1570243000, "operatingIncome": 86491000, "totalOtherIncomeExpenseNet": -12025000, "ebit": 86491000, "interestExpense": -20610000, "incomeBeforeTax": 74466000, "incomeTaxExpense": 0, "minorityInterest": {}, "netIncomeFromContinuingOps": 74466000, "discontinuedOperations": {}, "extraordinaryItems": {}, "effectOfAccountingCharges": {}, "otherItems": {}, "netIncome": 74466000, "netIncomeApplicableToCommonShares": 74466000}, {"maxAge": 1, "endDate": "2019-09-30", "totalRevenue": 1545700000, "costOfRevenue": 1172802000, "grossProfit": 372898000, "researchDevelopment": {}, "sellingGeneralAdministrative": 46719000, "nonRecurring": {}, "otherOperatingExpenses": 203196000, "totalOperatingExpenses": 1451214000, "operatingIncome": 94486000, "totalOtherIncomeExpenseNet": -21739000, "ebit": 94486000, "interestExpense": -26324000, "incomeBeforeTax": 72747000, "incomeTaxExpense": 0, "minorityInterest": {}, "netIncomeFromContinuingOps": 72747000, "discontinuedOperations": {}, "extraordinaryItems": {}, "effectOfAccountingCharges": {}, "otherItems": {}, "netIncome": 72747000, "netIncomeApplicableToCommonShares": 72747000}], "maxAge": 86400}, "cashflowStatementHistoryQuarterly": {"cashflowStatements": [{"maxAge": 1, "endDate": "2020-06-30", "netIncome": -16095000, "changeToLiabilities": 0}, {"maxAge": 1, "endDate": "2020-03-31", "netIncome": 50054813, "changeToLiabilities": 0}, {"maxAge": 1, "endDate": "2019-12-31", "netIncome": 74466000, "changeToLiabilities": 0}, {"maxAge": 1, "endDate": "2019-09-30", "netIncome": 72747000, "changeToLiabilities": 0}], "maxAge": 86400}, "insiderHolders": {"holders": [{"maxAge": 1, "name": "Aggarwal (Archana)", "relation": "Promoter", "url": "", "transactionDescription": "Acquisition", "latestTransDate": "2017-11-07", "positionDirect": 6595855, "positionDirectDate": "2017-11-07"}, {"maxAge": 1, "name": "Aggarwal (Sandeep)", "relation": "Promoter", "url": "", "transactionDescription": "Acquisition", "latestTransDate": "2020-03-23", "positionDirect": 9470067, "positionDirectDate": "2020-03-23"}, {"maxAge": 1, "name": "Aggarwal (Sanjay)", "relation": "Promoter", "url": "", "transactionDescription": "Acquisition", "latestTransDate": "2020-03-20", "positionDirect": 9551220, "positionDirectDate": "2020-03-20"}, {"maxAge": 1, "name": "Aggarwal (Shashi)", "relation": "Promoter", "url": "", "transactionDescription": "Acquisition", "latestTransDate": "2017-11-07", "positionDirect": 8487800, "positionDirectDate": "2017-11-07"}, {"maxAge": 1, "name": "April Investment & Finance Pvt Ltd", "relation": "Promoter", "url": "", "transactionDescription": "Acquisition", "latestTransDate": "2013-03-30", "positionDirect": 13040172, "positionDirectDate": "2013-03-30"}, {"maxAge": 1, "name": "Deutsche Securities Mauritius Ltd", "relation": "UNREPORTED", "url": "", "transactionDescription": "Sale", "latestTransDate": "2009-12-09", "positionDirect": 3358096, "positionDirectDate": "2009-12-09"}, {"maxAge": 1, "name": "Paramount Telecables, Ltd", "relation": "Promoter", "url": "", "transactionDescription": "Acquisition", "latestTransDate": "2017-11-07", "positionDirect": 28316500, "positionDirectDate": "2017-11-07"}], "maxAge": 1}, "earnings": {"maxAge": 86400, "earningsChart": {"quarterly": [], "earningsDate": []}, "financialsChart": {"yearly": [{"date": 2017, "revenue": 3155368393, "earnings": 146258239}, {"date": 2018, "revenue": 4331562028, "earnings": 146929741}, {"date": 2019, "revenue": 6144633022, "earnings": 291596426}, {"date": 2020, "revenue": 6062029908, "earnings": 263466813}], "quarterly": [{"date": "3Q2019", "revenue": 1545700000, "earnings": 72747000}, {"date": "4Q2019", "revenue": 1656734000, "earnings": 74466000}, {"date": "1Q2020", "revenue": 1337492908, "earnings": 50054813}, {"date": "2Q2020", "revenue": 850152000, "earnings": -16095000}]}, "financialCurrency": "INR"}, "calendarEvents": {"maxAge": 1, "earnings": {"earningsDate": []}}, "upgradeDowngradeHistory": {"history": [], "maxAge": 86400}, "price": {"maxAge": 1, "regularMarketChangePercent": -0.016447326, "regularMarketChange": -0.14999962, "regularMarketTime": "2021-04-30 15:29:11", "priceHint": 2, "regularMarketPrice": 8.97, "regularMarketDayHigh": 9.15, "regularMarketDayLow": 8.66, "regularMarketVolume": 27377, "averageDailyVolume10Day": 24062, "averageDailyVolume3Month": 77437, "regularMarketPreviousClose": 9.12, "regularMarketSource": "FREE_REALTIME", "regularMarketOpen": 9.01, "exchange": "BSE", "exchangeName": "BSE", "exchangeDataDelayedBy": 0, "marketState": "CLOSED", "quoteType": "EQUITY", "symbol": "PARACABLES.BO", "underlyingSymbol": null, "shortName": "PARAMOUNT COMMUNICATIONS LTD.", "longName": "Paramount Communications Limited", "currency": "INR", "quoteSourceName": "Delayed Quote", "currencySymbol": "\u20b9", "fromCurrency": null, "lastMarket": null, "marketCap": 1540902528}, "balanceSheetHistory": {"balanceSheetStatements": [{"maxAge": 1, "endDate": "2020-03-31", "cash": 15252769, "netReceivables": 2103859818, "inventory": 1089266548, "otherCurrentAssets": 303644796, "totalCurrentAssets": 3527153470, "longTermInvestments": 1, "propertyPlantEquipment": 1441850277, "intangibleAssets": 8943947, "otherAssets": 144680388, "totalAssets": 5122628083, "accountsPayable": 1092262225, "shortLongTermDebt": 103927272, "otherCurrentLiab": 65027549, "longTermDebt": 1852558369, "otherLiab": 24877869, "totalCurrentLiabilities": 1289216561, "totalLiab": 3301186977, "commonStock": 368267930, "retainedEarnings": -335579508, "treasuryStock": 22278726, "capitalSurplus": 1766473958, "otherStockholderEquity": 22278726, "totalStockholderEquity": 1821441106, "netTangibleAssets": 1812497159}, {"maxAge": 1, "endDate": "2019-03-31", "cash": 19364771, "shortTermInvestments": 35425000, "netReceivables": 2184067638, "inventory": 777790400, "otherCurrentAssets": 204923092, "totalCurrentAssets": 3202030015, "longTermInvestments": 1, "propertyPlantEquipment": 1317512801, "intangibleAssets": 6096578, "otherAssets": 164014432, "totalAssets": 4689653827, "accountsPayable": 1033011571, "shortLongTermDebt": 123166666, "otherCurrentLiab": 109315491, "longTermDebt": 1959739026, "otherLiab": 25383348, "totalCurrentLiabilities": 1290342079, "totalLiab": 3275464453, "commonStock": 343567930, "retainedEarnings": -599046321, "treasuryStock": -352693, "capitalSurplus": 1670020458, "otherStockholderEquity": -352693, "totalStockholderEquity": 1414189374, "netTangibleAssets": 1408092796}, {"maxAge": 1, "endDate": "2018-03-31", "cash": 26520457, "netReceivables": 1947202155, "inventory": 277927069, "otherCurrentAssets": 220939935, "totalCurrentAssets": 2476288607, "longTermInvestments": 1, "propertyPlantEquipment": 1295595628, "intangibleAssets": 7702287, "otherAssets": 121196770, "totalAssets": 3900783293, "accountsPayable": 913928738, "shortLongTermDebt": 54000000, "otherCurrentLiab": 54976002, "longTermDebt": 1884250000, "otherLiab": 21625623, "deferredLongTermLiab": 1044658, "totalCurrentLiabilities": 1131820928, "totalLiab": 3037696551, "commonStock": 285804930, "retainedEarnings": -890642747, "treasuryStock": 736981162, "capitalSurplus": 730943397, "otherStockholderEquity": 736981162, "totalStockholderEquity": 863086742, "netTangibleAssets": 855384455}, {"maxAge": 1, "endDate": "2017-03-31", "cash": 9464046, "netReceivables": 1295221725, "inventory": 133105382, "otherCurrentAssets": 229969231, "totalCurrentAssets": 1669255319, "longTermInvestments": 1, "propertyPlantEquipment": 1368967190, "intangibleAssets": 8820977, "otherAssets": 162730595, "totalAssets": 3209774082, "accountsPayable": 191862417, "shortLongTermDebt": 47100000, "otherCurrentLiab": 215385231, "longTermDebt": 1882362750, "otherLiab": 15326117, "deferredLongTermLiab": 2545839, "totalCurrentLiabilities": 1424624266, "totalLiab": 3322313133, "commonStock": 250466930, "retainedEarnings": -1045437061, "treasuryStock": 7976643, "capitalSurplus": 674454437, "otherStockholderEquity": 7976643, "totalStockholderEquity": -112539051, "netTangibleAssets": -121360028}], "maxAge": 86400}, "earningsTrend": {"trend": [{"maxAge": 1, "period": "0q", "endDate": null, "growth": {}, "earningsEstimate": {"avg": 0.0, "low": 0.0, "high": 0.0, "yearAgoEps": {}, "numberOfAnalysts": 0, "growth": {}}, "revenueEstimate": {"avg": 0, "low": 0, "high": 0, "numberOfAnalysts": 0, "yearAgoRevenue": {}, "growth": {}}, "epsTrend": {"current": 0.0, "7daysAgo": 0.0, "30daysAgo": 0.0, "60daysAgo": 0.0, "90daysAgo": 0.0}, "epsRevisions": {"upLast7days": 0, "upLast30days": 0, "downLast30days": 0, "downLast90days": {}}}, {"maxAge": 1, "period": "+1q", "endDate": null, "growth": {}, "earningsEstimate": {"avg": 0.0, "low": 0.0, "high": 0.0, "yearAgoEps": {}, "numberOfAnalysts": 0, "growth": {}}, "revenueEstimate": {"avg": 0, "low": 0, "high": 0, "numberOfAnalysts": 0, "yearAgoRevenue": {}, "growth": {}}, "epsTrend": {"current": 0.0, "7daysAgo": 0.0, "30daysAgo": 0.0, "60daysAgo": 0.0, "90daysAgo": 0.0}, "epsRevisions": {"upLast7days": 0, "upLast30days": 0, "downLast30days": 0, "downLast90days": {}}}, {"maxAge": 1, "period": "0y", "endDate": null, "growth": {}, "earningsEstimate": {"avg": 0.0, "low": 0.0, "high": 0.0, "yearAgoEps": {}, "numberOfAnalysts": 0, "growth": {}}, "revenueEstimate": {"avg": 0, "low": 0, "high": 0, "numberOfAnalysts": 0, "yearAgoRevenue": {}, "growth": {}}, "epsTrend": {"current": 0.0, "7daysAgo": 0.0, "30daysAgo": 0.0, "60daysAgo": 0.0, "90daysAgo": 0.0}, "epsRevisions": {"upLast7days": 0, "upLast30days": 0, "downLast30days": 0, "downLast90days": {}}}, {"maxAge": 1, "period": "+1y", "endDate": null, "growth": {}, "earningsEstimate": {"avg": 0.0, "low": 0.0, "high": 0.0, "yearAgoEps": {}, "numberOfAnalysts": 0, "growth": {}}, "revenueEstimate": {"avg": 0, "low": 0, "high": 0, "numberOfAnalysts": 0, "yearAgoRevenue": {}, "growth": {}}, "epsTrend": {"current": 0.0, "7daysAgo": 0.0, "30daysAgo": 0.0, "60daysAgo": 0.0, "90daysAgo": 0.0}, "epsRevisions": {"upLast7days": 0, "upLast30days": 0, "downLast30days": 0, "downLast90days": {}}}, {"maxAge": 1, "period": "+5y", "endDate": null, "growth": {}, "earningsEstimate": {"avg": {}, "low": {}, "high": {}, "yearAgoEps": {}, "numberOfAnalysts": {}, "growth": {}}, "revenueEstimate": {"avg": {}, "low": {}, "high": {}, "numberOfAnalysts": {}, "yearAgoRevenue": {}, "growth": {}}, "epsTrend": {"current": {}, "7daysAgo": {}, "30daysAgo": {}, "60daysAgo": {}, "90daysAgo": {}}, "epsRevisions": {"upLast7days": {}, "upLast30days": {}, "downLast30days": {}, "downLast90days": {}}}, {"maxAge": 1, "period": "-5y", "endDate": null, "growth": {}, "earningsEstimate": {"avg": {}, "low": {}, "high": {}, "yearAgoEps": {}, "numberOfAnalysts": {}, "growth": {}}, "revenueEstimate": {"avg": {}, "low": {}, "high": {}, "numberOfAnalysts": {}, "yearAgoRevenue": {}, "growth": {}}, "epsTrend": {"current": {}, "7daysAgo": {}, "30daysAgo": {}, "60daysAgo": {}, "90daysAgo": {}}, "epsRevisions": {"upLast7days": {}, "upLast30days": {}, "downLast30days": {}, "downLast90days": {}}}], "maxAge": 1}, "financialData": {"maxAge": 86400, "currentPrice": 8.97, "recommendationKey": "none", "grossProfits": 1498477052, "financialCurrency": "INR"}}}