{"PARAGMILK.NS": {"assetProfile": {"address1": "Nirmal Building", "address2": "20th Floor Nariman Point", "city": "Mumbai", "zip": "400021", "country": "India", "phone": "91 22 4300 5555", "fax": "91 22 4300 5580", "website": "http://www.paragmilkfoods.com", "industry": "Packaged Foods", "sector": "Consumer Defensive", "longBusinessSummary": "Parag Milk Foods Limited processes, manufactures, and sells milk and milk related products in India. It offers ghee, milk, paneer, curd, butter, dairy whitener, and gulab jamun mix products under the Gowardhan brand; and flavored cheese wedges, spreads, slices, and angles, as well as flavored yoghurt, slim milk, cream, whey, UHT, and other products under the Go brand. The company also provides milk under the Pride of Cows brand name; flavoured milk under the Topp up brand; and sports, health, and nutrition products under the Avvatar brand name, as well as offers lactose products. It also exports its products to the United Arab Emirates, Singapore, Mauritius, Oman, Kuwait, Saudi Arabia, Congo, Hong Kong, the Philippines, Sri Lanka, Bangladesh, Maldives, the United States, Thailand, Nepal, Bhutan, etc. Parag Milk Foods Limited was founded in 1992 and is headquartered in Mumbai, India.", "fullTimeEmployees": 1718, "companyOfficers": [{"maxAge": 1, "name": "Mr. Devendra Prakash Shah", "age": 56, "title": "Exec. Chairman", "yearBorn": 1964, "fiscalYear": 2020, "totalPay": 24000000, "exercisedValue": 0, "unexercisedValue": 0}, {"maxAge": 1, "name": "Mr. Pritam Prakash Shah", "age": 50, "title": "MD & Exec. Director", "yearBorn": 1970, "fiscalYear": 2020, "totalPay": 24000000, "exercisedValue": 0, "unexercisedValue": 0}, {"maxAge": 1, "name": "Mr. Shashikant  Dalmia", "title": "Chief Financial Officer", "fiscalYear": 2020, "totalPay": 4600000, "exercisedValue": 0, "unexercisedValue": 0}, {"maxAge": 1, "name": "Ms. Rachana  Sanganeria", "title": "Company Sec. & Compliance Officer", "fiscalYear": 2020, "totalPay": 2050000, "exercisedValue": 0, "unexercisedValue": 0}, {"maxAge": 1, "name": "Ms. Akshali  Shah", "age": 29, "title": "Sr. VP of Strategy - Sales & Marketing", "yearBorn": 1991, "exercisedValue": 0, "unexercisedValue": 0}, {"maxAge": 1, "name": "Mr. Harshad  Joshi", "title": "Chief Operations Officer", "exercisedValue": 0, "unexercisedValue": 0}, {"maxAge": 1, "name": "Ms. Natasha  Kedia", "title": "Head of Investor Relations", "exercisedValue": 0, "unexercisedValue": 0}, {"maxAge": 1, "name": "Ms. Pournima  Surve", "title": "Mang. of Corp. Communication & PR", "exercisedValue": 0, "unexercisedValue": 0}, {"maxAge": 1, "name": "Mr. Rajneesh  Vasudeva", "title": "Sr. VP of GT & MT Sales", "exercisedValue": 0, "unexercisedValue": 0}, {"maxAge": 1, "name": "Mr. Shirish  Upadhyay", "title": "Sr. VP of Strategy", "exercisedValue": 0, "unexercisedValue": 0}], "compensationAsOfEpochDate": "2020-12-31 05:30:00", "maxAge": 86400}, "recommendationTrend": {"trend": [{"period": "0m", "strongBuy": 0, "buy": 0, "hold": 0, "sell": 0, "strongSell": 0}, {"period": "-1m", "strongBuy": 0, "buy": 0, "hold": 0, "sell": 0, "strongSell": 0}, {"period": "-2m", "strongBuy": 0, "buy": 0, "hold": 0, "sell": 0, "strongSell": 0}, {"period": "-3m", "strongBuy": 0, "buy": 0, "hold": 0, "sell": 0, "strongSell": 0}], "maxAge": 86400}, "cashflowStatementHistory": {"cashflowStatements": [{"maxAge": 1, "endDate": "2020-03-31", "netIncome": 936890000, "depreciation": 517930000, "changeToNetincome": 412670000, "changeToAccountReceivables": -345790000, "changeToLiabilities": -34100000, "changeToInventory": -1700070000, "changeToOperatingActivities": -469960000, "totalCashFromOperatingActivities": -663950000, "capitalExpenditures": -306660000, "investments": 2070000, "otherCashflowsFromInvestingActivities": 17840000, "totalCashflowsFromInvestingActivities": -294980000, "dividendsPaid": -84120000, "netBorrowings": 1594520000, "otherCashflowsFromFinancingActivities": -401150000, "totalCashFromFinancingActivities": 1109250000, "changeInCash": 150320000}, {"maxAge": 1, "endDate": "2019-03-31", "netIncome": 1207190000, "depreciation": 483480000, "changeToNetincome": 826270000, "changeToAccountReceivables": -704690000, "changeToLiabilities": -62540000, "changeToInventory": -249450000, "changeToOperatingActivities": -116850000, "totalCashFromOperatingActivities": 1401780000, "capitalExpenditures": -879160000, "investments": 128380000, "otherCashflowsFromInvestingActivities": 20510000, "totalCashflowsFromInvestingActivities": -731330000, "dividendsPaid": -63080000, "netBorrowings": -514930000, "otherCashflowsFromFinancingActivities": -341730000, "totalCashFromFinancingActivities": -907000000, "changeInCash": -236550000, "issuanceOfStock": 12740000}, {"maxAge": 1, "endDate": "2018-03-31", "netIncome": 870560000, "depreciation": 495790000, "changeToNetincome": 643760000, "changeToAccountReceivables": -937000000, "changeToLiabilities": -86150000, "changeToInventory": -94160000, "changeToOperatingActivities": -716390000, "totalCashFromOperatingActivities": 186570000, "capitalExpenditures": -628780000, "investments": 419380000, "otherCashflowsFromInvestingActivities": 44470000, "totalCashflowsFromInvestingActivities": -164470000, "dividendsPaid": -42060000, "netBorrowings": 286610000, "otherCashflowsFromFinancingActivities": -367830000, "totalCashFromFinancingActivities": -123280000, "changeInCash": -101180000, "issuanceOfStock": 12740000}, {"maxAge": 1, "endDate": "2017-03-31", "netIncome": 47560000, "depreciation": 487600000, "changeToNetincome": 307620000, "changeToAccountReceivables": 107840000, "changeToLiabilities": 1440400000, "changeToInventory": -1560920000, "changeToOperatingActivities": -997810000, "totalCashFromOperatingActivities": -165670000, "capitalExpenditures": -944120000, "investments": 419380000, "otherCashflowsFromInvestingActivities": 56560000, "totalCashflowsFromInvestingActivities": -873500000, "dividendsPaid": -42060000, "netBorrowings": -1261370000, "otherCashflowsFromFinancingActivities": -339890000, "totalCashFromFinancingActivities": 1398740000, "changeInCash": 359570000, "issuanceOfStock": 3000000000}], "maxAge": 86400}, "indexTrend": {"maxAge": 1, "symbol": "SP5", "peRatio": 19.7411, "pegRatio": 1.34172, "estimates": [{"period": "0q", "growth": 0.549}, {"period": "+1q", "growth": 0.431}, {"period": "0y", "growth": 0.305}, {"period": "+1y", "growth": 0.109}, {"period": "+5y", "growth": 0.120865}, {"period": "-5y"}]}, "defaultKeyStatistics": {"maxAge": 1, "priceHint": 2, "enterpriseValue": 13189847040, "forwardPE": 7.2863665, "profitMargins": 0.02082, "floatShares": 34575412, "sharesOutstanding": 84114600, "heldPercentInsiders": 0.59995, "heldPercentInstitutions": 0.10317001, "beta": 0.931235, "category": null, "bookValue": 110.614, "priceToBook": 1.009818, "fundFamily": null, "legalType": null, "lastFiscalYearEnd": "2020-03-31 05:30:00", "nextFiscalYearEnd": "2022-03-31 05:30:00", "mostRecentQuarter": "2020-12-31 05:30:00", "earningsQuarterlyGrowth": -0.593, "netIncomeToCommon": 404540000, "trailingEps": 4.812, "forwardEps": 15.33, "pegRatio": 1.15, "lastSplitFactor": null, "enterpriseToRevenue": 0.679, "enterpriseToEbitda": 9.011}, "industryTrend": {"maxAge": 1, "symbol": null, "estimates": []}, "quoteType": {"exchange": "NSI", "quoteType": "EQUITY", "symbol": "PARAGMILK.NS", "underlyingSymbol": "PARAGMILK.NS", "shortName": "PARAG MILK FOODS", "longName": "Parag Milk Foods Limited", "firstTradeDateEpochUtc": "2016-05-19 09:15:00", "timeZoneFullName": "Asia/Kolkata", "timeZoneShortName": "IST", "uuid": "d289acea-2534-3080-bdbe-b79cbaf46c3a", "gmtOffSetMilliseconds": 19800000, "maxAge": 1}, "incomeStatementHistory": {"incomeStatementHistory": [{"maxAge": 1, "endDate": "2020-03-31", "totalRevenue": 24379240000, "costOfRevenue": 18234460000, "grossProfit": 6144780000, "researchDevelopment": {}, "sellingGeneralAdministrative": 1608570000, "nonRecurring": {}, "otherOperatingExpenses": 2404400000, "totalOperatingExpenses": 22783840000, "operatingIncome": 1595400000, "totalOtherIncomeExpenseNet": -325840000, "ebit": 1595400000, "interestExpense": -357520000, "incomeBeforeTax": 1269560000, "incomeTaxExpense": 332670000, "minorityInterest": {}, "netIncomeFromContinuingOps": 936890000, "discontinuedOperations": {}, "extraordinaryItems": {}, "effectOfAccountingCharges": {}, "otherItems": {}, "netIncome": 936890000, "netIncomeApplicableToCommonShares": 936890000}, {"maxAge": 1, "endDate": "2019-03-31", "totalRevenue": 23956640000, "costOfRevenue": 16665830000, "grossProfit": 7290810000, "researchDevelopment": {}, "sellingGeneralAdministrative": 1983450000, "nonRecurring": {}, "otherOperatingExpenses": 3060540000, "totalOperatingExpenses": 22211670000, "operatingIncome": 1744970000, "totalOtherIncomeExpenseNet": -267110000, "ebit": 1744970000, "interestExpense": -328780000, "incomeBeforeTax": 1477860000, "incomeTaxExpense": 270670000, "minorityInterest": {}, "netIncomeFromContinuingOps": 1207190000, "discontinuedOperations": {}, "extraordinaryItems": {}, "effectOfAccountingCharges": {}, "otherItems": {}, "netIncome": 1207190000, "netIncomeApplicableToCommonShares": 1207190000}, {"maxAge": 1, "endDate": "2018-03-31", "totalRevenue": 19545060000, "costOfRevenue": 13794860000, "grossProfit": 5750200000, "researchDevelopment": {}, "sellingGeneralAdministrative": 1457290000, "nonRecurring": {}, "otherOperatingExpenses": 2311740000, "totalOperatingExpenses": 18069840000, "operatingIncome": 1475220000, "totalOtherIncomeExpenseNet": -285640000, "ebit": 1475220000, "interestExpense": -303450000, "incomeBeforeTax": 1189580000, "incomeTaxExpense": 319020000, "minorityInterest": {}, "netIncomeFromContinuingOps": 870560000, "discontinuedOperations": {}, "extraordinaryItems": {}, "effectOfAccountingCharges": {}, "otherItems": {}, "netIncome": 870560000, "netIncomeApplicableToCommonShares": 870560000}, {"maxAge": 1, "endDate": "2017-03-31", "totalRevenue": 17307390000, "costOfRevenue": 12758400000, "grossProfit": 4548990000, "researchDevelopment": {}, "sellingGeneralAdministrative": 1275840000, "nonRecurring": {}, "otherOperatingExpenses": 2356380000, "totalOperatingExpenses": 16880260000, "operatingIncome": 427130000, "totalOtherIncomeExpenseNet": -438350000, "ebit": 427130000, "interestExpense": -282020000, "incomeBeforeTax": -11220000, "incomeTaxExpense": -58780000, "minorityInterest": {}, "netIncomeFromContinuingOps": 47560000, "discontinuedOperations": {}, "extraordinaryItems": {}, "effectOfAccountingCharges": {}, "otherItems": {}, "netIncome": 47560000, "netIncomeApplicableToCommonShares": 47560000}], "maxAge": 86400}, "fundOwnership": {"ownershipList": [{"maxAge": 1, "reportDate": "2021-01-31", "organization": "DFA Investment Dimensions-DFA Emerging Mkts Value", "pctHeld": 0.0016, "position": 137951, "value": 15278073}, {"maxAge": 1, "reportDate": "2021-01-31", "organization": "DFA Emerging Markets Core Equity Portfolio", "pctHeld": 0.0011999999, "position": 98082, "value": 10862581}, {"maxAge": 1, "reportDate": "2021-01-31", "organization": "DFA Emerging Markets Small Cap Series", "pctHeld": 0.0005, "position": 38685, "value": 4284363}, {"maxAge": 1, "reportDate": "2021-01-31", "organization": "DFA T.A. World Ex U.S. Core Equity Portfolio", "pctHeld": 0.0002, "position": 16313, "value": 1806664}, {"maxAge": 1, "reportDate": "2021-01-31", "organization": "DFA Investment Dimensions-Emerging Markets Social Core Equity", "pctHeld": 0.0002, "position": 15727, "value": 1741765}, {"maxAge": 1, "reportDate": "2021-01-31", "organization": "DFA Investment Dimensions-World Ex U.S. Core Equity Port", "pctHeld": 0.0001, "position": 11590, "value": 1283592}], "maxAge": 1}, "summaryDetail": {"maxAge": 1, "priceHint": 2, "previousClose": 112.05, "open": 111.0, "dayLow": 111.0, "dayHigh": 116.6, "regularMarketPreviousClose": 112.05, "regularMarketOpen": 111.0, "regularMarketDayLow": 111.0, "regularMarketDayHigh": 116.6, "dividendRate": 0.5, "dividendYield": 0.0045, "exDividendDate": "2020-09-21 05:30:00", "payoutRatio": 0.103999995, "beta": 0.931235, "trailingPE": 23.212801, "forwardPE": 7.2863665, "volume": 704221, "regularMarketVolume": 704221, "averageVolume": 659514, "averageVolume10days": 1377490, "averageDailyVolume10Day": 1377490, "bid": 0.0, "ask": 0.0, "bidSize": 0, "askSize": 0, "marketCap": 9395600384, "fiftyTwoWeekLow": 65.45, "fiftyTwoWeekHigh": 129.3, "priceToSalesTrailing12Months": 0.48364863, "fiftyDayAverage": 105.04265, "twoHundredDayAverage": 109.20744, "trailingAnnualDividendRate": 0.5, "trailingAnnualDividendYield": 0.0044622933, "currency": "INR", "fromCurrency": null, "lastMarket": null, "algorithm": null, "tradeable": false}, "insiderHolders": {"holders": [{"maxAge": 1, "name": "Blue Diamond Properties Pvt Ltd", "relation": "Promoter", "url": "", "transactionDescription": "Other", "latestTransDate": "2020-02-12", "positionDirect": 6535294, "positionDirectDate": "2020-02-12"}, {"maxAge": 1, "name": "Mishra (Sanjay)", "relation": "UNREPORTED", "url": "", "transactionDescription": "Other", "latestTransDate": "2018-08-30", "positionDirect": 5458, "positionDirectDate": "2018-08-30"}, {"maxAge": 1, "name": "Nakra (Sanjay)", "relation": "UNREPORTED", "url": "", "transactionDescription": "Other", "latestTransDate": "2018-08-30", "positionDirect": 5889, "positionDirectDate": "2018-08-30"}, {"maxAge": 1, "name": "Oberoi (H S)", "relation": "UNREPORTED", "url": "", "transactionDescription": "Other", "latestTransDate": "2018-08-29", "positionDirect": 5649, "positionDirectDate": "2018-08-29"}, {"maxAge": 1, "name": "Shah (Devendra)", "relation": "Promoter", "url": "", "transactionDescription": "Acquisition", "latestTransDate": "2019-11-15", "positionDirect": 15206400, "positionDirectDate": "2019-11-15"}, {"maxAge": 1, "name": "Shah (Netra Pritam)", "relation": "Promoter", "url": "", "transactionDescription": "Acquisition", "latestTransDate": "2017-06-05", "positionDirect": 8867027, "positionDirectDate": "2017-06-05"}, {"maxAge": 1, "name": "Shah (Sachin)", "relation": "UNREPORTED", "url": "", "transactionDescription": "Other", "latestTransDate": "2018-08-28", "positionDirect": 5939, "positionDirectDate": "2018-08-28"}, {"maxAge": 1, "name": "Stichting Depositary APG Emerging Market Equity p", "relation": "Institution- Corporation", "url": "", "transactionDescription": "Sale", "latestTransDate": "2020-08-12", "positionDirect": 811654, "positionDirectDate": "2020-08-12"}], "maxAge": 1}, "calendarEvents": {"maxAge": 1, "earnings": {"earningsDate": [], "revenueAverage": 4861000000, "revenueLow": 4624000000, "revenueHigh": 5200000000}, "exDividendDate": "2020-09-21 05:30:00"}, "upgradeDowngradeHistory": {"history": [], "maxAge": 86400}, "price": {"maxAge": 1, "regularMarketChangePercent": -0.0031236599, "regularMarketChange": -0.3500061, "regularMarketTime": "2021-04-30 15:29:54", "priceHint": 2, "regularMarketPrice": 111.7, "regularMarketDayHigh": 116.6, "regularMarketDayLow": 111.0, "regularMarketVolume": 704221, "averageDailyVolume10Day": 1377490, "averageDailyVolume3Month": 659514, "regularMarketPreviousClose": 112.05, "regularMarketSource": "FREE_REALTIME", "regularMarketOpen": 111.0, "exchange": "NSI", "exchangeName": "NSE", "exchangeDataDelayedBy": 15, "marketState": "CLOSED", "quoteType": "EQUITY", "symbol": "PARAGMILK.NS", "underlyingSymbol": null, "shortName": "PARAG MILK FOODS", "longName": "Parag Milk Foods Limited", "currency": "INR", "quoteSourceName": "Delayed Quote", "currencySymbol": "\u20b9", "fromCurrency": null, "lastMarket": null, "marketCap": 9395600384}, "balanceSheetHistory": {"balanceSheetStatements": [{"maxAge": 1, "endDate": "2020-03-31", "cash": 223780000, "shortTermInvestments": 54650000, "netReceivables": 3889050000, "inventory": 6328860000, "otherCurrentAssets": 1217720000, "totalCurrentAssets": 11714060000, "longTermInvestments": 8130000, "propertyPlantEquipment": 4700070000, "intangibleAssets": 26510000, "otherAssets": 398160000, "deferredLongTermAssetCharges": 88260000, "totalAssets": 16846930000, "accountsPayable": 2940410000, "shortLongTermDebt": 302280000, "otherCurrentLiab": 449860000, "longTermDebt": 481480000, "otherLiab": 45100000, "totalCurrentLiabilities": 7096590000, "totalLiab": 7735310000, "commonStock": 839390000, "retainedEarnings": 3822050000, "treasuryStock": 2330000, "capitalSurplus": 4447850000, "otherStockholderEquity": 2330000, "totalStockholderEquity": 9111620000, "netTangibleAssets": 9085110000}, {"maxAge": 1, "endDate": "2019-03-31", "cash": 73460000, "shortTermInvestments": 46930000, "netReceivables": 3716480000, "inventory": 4628790000, "otherCurrentAssets": 744270000, "totalCurrentAssets": 9209930000, "longTermInvestments": 17710000, "propertyPlantEquipment": 4651260000, "intangibleAssets": 34460000, "otherAssets": 507000000, "deferredLongTermAssetCharges": 166700000, "totalAssets": 14420360000, "accountsPayable": 2970960000, "shortLongTermDebt": 259040000, "otherCurrentLiab": 532390000, "longTermDebt": 646210000, "otherLiab": 44490000, "totalCurrentLiabilities": 5458290000, "totalLiab": 6148990000, "commonStock": 839390000, "retainedEarnings": 2988740000, "treasuryStock": -4610000, "capitalSurplus": 4447850000, "otherStockholderEquity": -4610000, "totalStockholderEquity": 8271370000, "netTangibleAssets": 8236910000}, {"maxAge": 1, "endDate": "2018-03-31", "cash": 310010000, "shortTermInvestments": 186000000, "netReceivables": 3218980000, "inventory": 4379340000, "otherCurrentAssets": 956930000, "totalCurrentAssets": 9051260000, "longTermInvestments": 7770000, "propertyPlantEquipment": 4417520000, "intangibleAssets": 47460000, "otherAssets": 291260000, "deferredLongTermAssetCharges": 75220000, "totalAssets": 13815270000, "accountsPayable": 3032550000, "shortLongTermDebt": 274900000, "otherCurrentLiab": 490940000, "longTermDebt": 635150000, "otherLiab": 103980000, "totalCurrentLiabilities": 5954510000, "totalLiab": 6693640000, "commonStock": 838880000, "retainedEarnings": 1849910000, "treasuryStock": -2770000, "capitalSurplus": 4435610000, "otherStockholderEquity": -2770000, "totalStockholderEquity": 7121630000, "netTangibleAssets": 7074170000}, {"maxAge": 1, "endDate": "2017-03-31", "cash": 411190000, "shortTermInvestments": 600600000, "netReceivables": 2234790000, "inventory": 4285180000, "otherCurrentAssets": 837160000, "totalCurrentAssets": 8368920000, "longTermInvestments": 15920000, "propertyPlantEquipment": 3747110000, "intangibleAssets": 47260000, "otherAssets": 690540000, "deferredLongTermAssetCharges": 91900000, "totalAssets": 12869750000, "accountsPayable": 3118710000, "shortLongTermDebt": 469720000, "otherCurrentLiab": 436210000, "longTermDebt": 701490000, "otherLiab": 135590000, "totalCurrentLiabilities": 5782460000, "totalLiab": 6621120000, "commonStock": 838880000, "retainedEarnings": 1005800000, "treasuryStock": 24450000, "capitalSurplus": 4379500000, "otherStockholderEquity": 24450000, "totalStockholderEquity": 6248630000, "netTangibleAssets": 6201370000}], "maxAge": 86400}, "earningsTrend": {"trend": [{"maxAge": 1, "period": "0q", "endDate": "2018-06-30", "growth": {}, "earningsEstimate": {"avg": 0.0, "low": 0.0, "high": 0.0, "yearAgoEps": 1.25, "numberOfAnalysts": 0, "growth": {}}, "revenueEstimate": {"avg": 4861000000, "low": 4624000000, "high": 5200000000, "numberOfAnalysts": 4, "yearAgoRevenue": 4128750000, "growth": 0.177}, "epsTrend": {"current": 0.0, "7daysAgo": 0.0, "30daysAgo": 0.0, "60daysAgo": 0.0, "90daysAgo": 0.0}, "epsRevisions": {"upLast7days": 0, "upLast30days": 0, "downLast30days": 0, "downLast90days": {}}}, {"maxAge": 1, "period": "+1q", "endDate": "2018-09-30", "growth": {}, "earningsEstimate": {"avg": 0.0, "low": 0.0, "high": 0.0, "yearAgoEps": 2.97, "numberOfAnalysts": 0, "growth": {}}, "revenueEstimate": {"avg": 0, "low": 0, "high": 0, "numberOfAnalysts": 0, "yearAgoRevenue": {}, "growth": {}}, "epsTrend": {"current": 0.0, "7daysAgo": 0.0, "30daysAgo": 0.0, "60daysAgo": 0.0, "90daysAgo": 0.0}, "epsRevisions": {"upLast7days": 0, "upLast30days": 0, "downLast30days": 0, "downLast90days": {}}}, {"maxAge": 1, "period": "0y", "endDate": "2019-03-31", "growth": 0.21200001, "earningsEstimate": {"avg": 12.54, "low": 11.6, "high": 13.9, "yearAgoEps": 10.35, "numberOfAnalysts": 8, "growth": 0.21200001}, "revenueEstimate": {"avg": 22418900000, "low": 22096000000, "high": 23160900000, "numberOfAnalysts": 8, "yearAgoRevenue": 19545100000, "growth": 0.147}, "epsTrend": {"current": 12.54, "7daysAgo": 12.4, "30daysAgo": 12.2, "60daysAgo": 11.62, "90daysAgo": 11.27}, "epsRevisions": {"upLast7days": 0, "upLast30days": 0, "downLast30days": 0, "downLast90days": {}}}, {"maxAge": 1, "period": "+1y", "endDate": "2020-03-31", "growth": 0.222, "earningsEstimate": {"avg": 15.33, "low": 13.26, "high": 18.3, "yearAgoEps": 12.54, "numberOfAnalysts": 9, "growth": 0.222}, "revenueEstimate": {"avg": 25829200000, "low": 24385000000, "high": 27561500000, "numberOfAnalysts": 9, "yearAgoRevenue": 22418900000, "growth": 0.152}, "epsTrend": {"current": 15.33, "7daysAgo": 15.33, "30daysAgo": 15.33, "60daysAgo": 14.43, "90daysAgo": 13.96}, "epsRevisions": {"upLast7days": 0, "upLast30days": 0, "downLast30days": 0, "downLast90days": {}}}, {"maxAge": 1, "period": "+5y", "endDate": null, "growth": 0.21, "earningsEstimate": {"avg": {}, "low": {}, "high": {}, "yearAgoEps": {}, "numberOfAnalysts": {}, "growth": {}}, "revenueEstimate": {"avg": {}, "low": {}, "high": {}, "numberOfAnalysts": {}, "yearAgoRevenue": {}, "growth": {}}, "epsTrend": {"current": {}, "7daysAgo": {}, "30daysAgo": {}, "60daysAgo": {}, "90daysAgo": {}}, "epsRevisions": {"upLast7days": {}, "upLast30days": {}, "downLast30days": {}, "downLast90days": {}}}, {"maxAge": 1, "period": "-5y", "endDate": null, "growth": {}, "earningsEstimate": {"avg": {}, "low": {}, "high": {}, "yearAgoEps": {}, "numberOfAnalysts": {}, "growth": {}}, "revenueEstimate": {"avg": {}, "low": {}, "high": {}, "numberOfAnalysts": {}, "yearAgoRevenue": {}, "growth": {}}, "epsTrend": {"current": {}, "7daysAgo": {}, "30daysAgo": {}, "60daysAgo": {}, "90daysAgo": {}}, "epsRevisions": {"upLast7days": {}, "upLast30days": {}, "downLast30days": {}, "downLast90days": {}}}], "maxAge": 1}, "institutionOwnership": {"ownershipList": [], "maxAge": 1}, "majorHoldersBreakdown": {"maxAge": 1, "insidersPercentHeld": 0.59995, "institutionsPercentHeld": 0.10317001, "institutionsFloatPercentHeld": 0.25789, "institutionsCount": 7}, "balanceSheetHistoryQuarterly": {"balanceSheetStatements": [{"maxAge": 1, "endDate": "2020-12-31", "totalStockholderEquity": 9302670000, "netTangibleAssets": 9285380000}, {"maxAge": 1, "endDate": "2020-09-30", "cash": 170670000, "netReceivables": 2960630000, "inventory": 6554700000, "otherCurrentAssets": 2702740000, "totalCurrentAssets": 12388740000, "longTermInvestments": 121460000, "propertyPlantEquipment": 4623990000, "intangibleAssets": 17290000, "otherAssets": 279360000, "deferredLongTermAssetCharges": 89700000, "totalAssets": 17430840000, "accountsPayable": 3051000000, "otherCurrentLiab": 1009370000, "longTermDebt": 375190000, "otherLiab": 47280000, "totalCurrentLiabilities": 7606260000, "totalLiab": 8128170000, "commonStock": 839390000, "treasuryStock": 8463280000, "otherStockholderEquity": 8463280000, "totalStockholderEquity": 9302670000, "netTangibleAssets": 9285380000}, {"maxAge": 1, "endDate": "2020-06-30", "totalStockholderEquity": 9111620000, "netTangibleAssets": 9085110000}, {"maxAge": 1, "endDate": "2020-03-31", "cash": 223780000, "shortTermInvestments": 54650000, "netReceivables": 3889050000, "inventory": 6328860000, "otherCurrentAssets": 1217720000, "totalCurrentAssets": 11714060000, "longTermInvestments": 8130000, "propertyPlantEquipment": 4700070000, "intangibleAssets": 26510000, "otherAssets": 398160000, "deferredLongTermAssetCharges": 88260000, "totalAssets": 16846930000, "accountsPayable": 2940410000, "shortLongTermDebt": 302280000, "otherCurrentLiab": 449860000, "longTermDebt": 481480000, "otherLiab": 45100000, "totalCurrentLiabilities": 7096590000, "totalLiab": 7735310000, "commonStock": 839390000, "retainedEarnings": 3822050000, "treasuryStock": 2330000, "capitalSurplus": 4447850000, "otherStockholderEquity": 2330000, "totalStockholderEquity": 9111620000, "netTangibleAssets": 9085110000}], "maxAge": 86400}, "earningsHistory": {"history": [{"maxAge": 1, "epsActual": 1.25, "epsEstimate": 1.2, "epsDifference": 0.05, "surprisePercent": 0.042, "quarter": "2017-06-30", "period": "-4q"}, {"maxAge": 1, "epsActual": 2.97, "epsEstimate": 1.85, "epsDifference": 1.12, "surprisePercent": 0.605, "quarter": "2017-09-30", "period": "-3q"}, {"maxAge": 1, "epsActual": 3.04, "epsEstimate": 2.04, "epsDifference": 1.0, "surprisePercent": 0.49, "quarter": "2017-12-31", "period": "-2q"}, {"maxAge": 1, "epsActual": 3.11, "epsEstimate": 3.2, "epsDifference": -0.09, "surprisePercent": -0.027999999, "quarter": "2018-03-31", "period": "-1q"}], "maxAge": 86400}, "summaryProfile": {"address1": "Nirmal Building", "address2": "20th Floor Nariman Point", "city": "Mumbai", "zip": "400021", "country": "India", "phone": "91 22 4300 5555", "fax": "91 22 4300 5580", "website": "http://www.paragmilkfoods.com", "industry": "Packaged Foods", "sector": "Consumer Defensive", "longBusinessSummary": "Parag Milk Foods Limited processes, manufactures, and sells milk and milk related products in India. It offers ghee, milk, paneer, curd, butter, dairy whitener, and gulab jamun mix products under the Gowardhan brand; and flavored cheese wedges, spreads, slices, and angles, as well as flavored yoghurt, slim milk, cream, whey, UHT, and other products under the Go brand. The company also provides milk under the Pride of Cows brand name; flavoured milk under the Topp up brand; and sports, health, and nutrition products under the Avvatar brand name, as well as offers lactose products. It also exports its products to the United Arab Emirates, Singapore, Mauritius, Oman, Kuwait, Saudi Arabia, Congo, Hong Kong, the Philippines, Sri Lanka, Bangladesh, Maldives, the United States, Thailand, Nepal, Bhutan, etc. Parag Milk Foods Limited was founded in 1992 and is headquartered in Mumbai, India.", "fullTimeEmployees": 1718, "companyOfficers": [], "maxAge": 86400}, "netSharePurchaseActivity": {"maxAge": 1, "period": "6m", "buyInfoCount": 0, "buyInfoShares": 0, "sellInfoCount": 0, "netInfoCount": 0, "netInfoShares": 0, "netPercentInsiderShares": 0.0, "totalInsiderShares": 50216708}, "insiderTransactions": {"transactions": [{"maxAge": 1, "shares": 1759172, "filerUrl": "", "transactionText": "", "filerName": "Stichting Depositary APG Emerging Market Equity p", "filerRelation": "Institution- Corporation", "moneyText": "", "startDate": "2020-08-12", "ownership": "D"}, {"maxAge": 1, "shares": 1858881, "filerUrl": "", "transactionText": "", "filerName": "Stichting Depositary APG Emerging Market Equity p", "filerRelation": "Institution- Corporation", "moneyText": "", "startDate": "2020-08-06", "ownership": "D"}, {"maxAge": 1, "shares": 3083000, "filerUrl": "", "transactionText": "", "filerName": "Blue Diamond Properties Pvt Ltd", "filerRelation": "Promoter", "moneyText": "", "startDate": "2020-02-12", "ownership": "D"}, {"maxAge": 1, "shares": 200000, "filerUrl": "", "transactionText": "", "filerName": "Shah (Devendra)", "filerRelation": "Promoter", "moneyText": "", "startDate": "2019-11-15", "ownership": "D"}, {"maxAge": 1, "shares": 5437, "filerUrl": "", "transactionText": "", "filerName": "Mishra (Sanjay)", "filerRelation": "UNREPORTED", "moneyText": "", "startDate": "2018-08-30", "ownership": "D"}, {"maxAge": 1, "shares": 5444, "filerUrl": "", "transactionText": "", "filerName": "Nakra (Sanjay)", "filerRelation": "UNREPORTED", "moneyText": "", "startDate": "2018-08-30", "ownership": "D"}, {"maxAge": 1, "shares": 5399, "filerUrl": "", "transactionText": "", "filerName": "Oberoi (H S)", "filerRelation": "UNREPORTED", "moneyText": "", "startDate": "2018-08-29", "ownership": "D"}, {"maxAge": 1, "shares": 5329, "filerUrl": "", "transactionText": "", "filerName": "Shah (Sachin)", "filerRelation": "UNREPORTED", "moneyText": "", "startDate": "2018-08-28", "ownership": "D"}, {"maxAge": 1, "shares": 10000, "filerUrl": "", "transactionText": "", "filerName": "Shah (Devendra)", "filerRelation": "Promoter", "moneyText": "", "startDate": "2017-11-29", "ownership": "D"}, {"maxAge": 1, "shares": 400000, "filerUrl": "", "transactionText": "", "filerName": "Shah (Devendra)", "filerRelation": "Promoter", "moneyText": "", "startDate": "2017-09-12", "ownership": "D"}, {"maxAge": 1, "shares": 20000, "filerUrl": "", "transactionText": "", "filerName": "Shah (Devendra)", "filerRelation": "Promoter", "moneyText": "", "startDate": "2017-07-31", "ownership": "D"}, {"maxAge": 1, "shares": 5568, "filerUrl": "", "transactionText": "", "filerName": "Shah (Devendra)", "filerRelation": "Promoter", "moneyText": "", "startDate": "2017-07-25", "ownership": "D"}, {"maxAge": 1, "shares": 20000, "filerUrl": "", "transactionText": "", "filerName": "Shah (Netra Pritam)", "filerRelation": "Promoter", "moneyText": "", "startDate": "2017-06-05", "ownership": "D"}, {"maxAge": 1, "shares": 40000, "filerUrl": "", "transactionText": "", "filerName": "Shah (Netra Pritam)", "filerRelation": "Promoter", "moneyText": "", "startDate": "2017-04-21", "ownership": "D"}, {"maxAge": 1, "shares": 50000, "filerUrl": "", "transactionText": "", "filerName": "Shah (Netra Pritam)", "filerRelation": "Promoter", "moneyText": "", "startDate": "2017-04-20", "ownership": "D"}, {"maxAge": 1, "shares": 148917, "filerUrl": "", "transactionText": "", "filerName": "Shah (Netra Pritam)", "filerRelation": "Promoter", "moneyText": "", "startDate": "2017-04-19", "ownership": "D"}, {"maxAge": 1, "shares": 15000, "filerUrl": "", "transactionText": "", "filerName": "Shah (Netra Pritam)", "filerRelation": "Promoter", "moneyText": "", "startDate": "2017-04-18", "ownership": "D"}, {"maxAge": 1, "shares": 30000, "filerUrl": "", "transactionText": "", "filerName": "Shah (Netra Pritam)", "filerRelation": "Promoter", "moneyText": "", "startDate": "2017-04-17", "ownership": "D"}, {"maxAge": 1, "shares": 29346, "filerUrl": "", "transactionText": "", "filerName": "Shah (Netra Pritam)", "filerRelation": "Promoter", "moneyText": "", "startDate": "2017-04-13", "ownership": "D"}, {"maxAge": 1, "shares": 30000, "filerUrl": "", "transactionText": "", "filerName": "Shah (Netra Pritam)", "filerRelation": "Promoter", "moneyText": "", "startDate": "2017-04-12", "ownership": "D"}, {"maxAge": 1, "shares": 209615, "filerUrl": "", "transactionText": "", "filerName": "Shah (Netra Pritam)", "filerRelation": "Promoter", "moneyText": "", "startDate": "2017-04-11", "ownership": "D"}, {"maxAge": 1, "shares": 15000, "filerUrl": "", "transactionText": "", "filerName": "Shah (Netra Pritam)", "filerRelation": "Promoter", "moneyText": "", "startDate": "2017-04-10", "ownership": "D"}, {"maxAge": 1, "shares": 11000, "filerUrl": "", "transactionText": "", "filerName": "Shah (Netra Pritam)", "filerRelation": "Promoter", "moneyText": "", "startDate": "2017-03-31", "ownership": "D"}], "maxAge": 1}, "sectorTrend": {"maxAge": 1, "symbol": null, "estimates": []}, "incomeStatementHistoryQuarterly": {"incomeStatementHistory": [{"maxAge": 1, "endDate": "2020-12-31", "totalRevenue": 4735910000, "costOfRevenue": 3455130000, "grossProfit": 1280780000, "researchDevelopment": {}, "sellingGeneralAdministrative": 195310000, "nonRecurring": {}, "otherOperatingExpenses": 733980000, "totalOperatingExpenses": 4511590000, "operatingIncome": 224320000, "totalOtherIncomeExpenseNet": -85770000, "ebit": 224320000, "interestExpense": -115610000, "incomeBeforeTax": 138550000, "incomeTaxExpense": 26390000, "minorityInterest": {}, "netIncomeFromContinuingOps": 112160000, "discontinuedOperations": {}, "extraordinaryItems": {}, "effectOfAccountingCharges": {}, "otherItems": {}, "netIncome": 112160000, "netIncomeApplicableToCommonShares": 112160000}, {"maxAge": 1, "endDate": "2020-09-30", "totalRevenue": 4982300000, "costOfRevenue": 3636160000, "grossProfit": 1346140000, "researchDevelopment": {}, "sellingGeneralAdministrative": 198960000, "nonRecurring": {}, "otherOperatingExpenses": 732320000, "totalOperatingExpenses": 4701520000, "operatingIncome": 280780000, "totalOtherIncomeExpenseNet": -88420000, "ebit": 280780000, "interestExpense": -110850000, "incomeBeforeTax": 192360000, "incomeTaxExpense": 33410000, "minorityInterest": {}, "netIncomeFromContinuingOps": 158950000, "discontinuedOperations": {}, "extraordinaryItems": {}, "effectOfAccountingCharges": {}, "otherItems": {}, "netIncome": 158950000, "netIncomeApplicableToCommonShares": 158950000}, {"maxAge": 1, "endDate": "2020-06-30", "totalRevenue": 4355960000, "costOfRevenue": 3232860000, "grossProfit": 1123100000, "researchDevelopment": {}, "sellingGeneralAdministrative": 195740000, "nonRecurring": {}, "otherOperatingExpenses": 630190000, "totalOperatingExpenses": 4191060000, "operatingIncome": 164900000, "totalOtherIncomeExpenseNet": -95280000, "ebit": 164900000, "interestExpense": -109900000, "incomeBeforeTax": 69620000, "incomeTaxExpense": 37260000, "minorityInterest": {}, "netIncomeFromContinuingOps": 32360000, "discontinuedOperations": {}, "extraordinaryItems": {}, "effectOfAccountingCharges": {}, "otherItems": {}, "netIncome": 32360000, "netIncomeApplicableToCommonShares": 32360000}, {"maxAge": 1, "endDate": "2020-03-31", "totalRevenue": 5352330000, "costOfRevenue": 4146680000, "grossProfit": 1205650000, "researchDevelopment": {}, "sellingGeneralAdministrative": 839310000, "nonRecurring": {}, "otherOperatingExpenses": -54550000, "totalOperatingExpenses": 5068730000, "operatingIncome": 283600000, "totalOtherIncomeExpenseNet": -100390000, "ebit": 283600000, "interestExpense": -65460000, "incomeBeforeTax": 183210000, "incomeTaxExpense": 82140000, "minorityInterest": {}, "netIncomeFromContinuingOps": 101070000, "discontinuedOperations": {}, "extraordinaryItems": {}, "effectOfAccountingCharges": {}, "otherItems": {}, "netIncome": 101070000, "netIncomeApplicableToCommonShares": 101070000}], "maxAge": 86400}, "cashflowStatementHistoryQuarterly": {"cashflowStatements": [{"maxAge": 1, "endDate": "2020-12-31", "netIncome": 112160000, "changeToLiabilities": 0}, {"maxAge": 1, "endDate": "2020-09-30", "netIncome": 158950000, "changeToLiabilities": 0}, {"maxAge": 1, "endDate": "2020-06-30", "netIncome": 32360000, "changeToLiabilities": 0}, {"maxAge": 1, "endDate": "2020-03-31", "netIncome": 101070000, "changeToLiabilities": 0}], "maxAge": 86400}, "earnings": {"maxAge": 86400, "earningsChart": {"quarterly": [{"date": "2Q2017", "actual": 1.25, "estimate": 1.2}, {"date": "3Q2017", "actual": 2.97, "estimate": 1.85}, {"date": "4Q2017", "actual": 3.04, "estimate": 2.04}, {"date": "1Q2018", "actual": 3.11, "estimate": 3.2}], "currentQuarterEstimateDate": "2Q", "currentQuarterEstimateYear": 2018, "earningsDate": []}, "financialsChart": {"yearly": [{"date": 2017, "revenue": 17307390000, "earnings": 47560000}, {"date": 2018, "revenue": 19545060000, "earnings": 870560000}, {"date": 2019, "revenue": 23956640000, "earnings": 1207190000}, {"date": 2020, "revenue": 24379240000, "earnings": 936890000}], "quarterly": [{"date": "1Q2020", "revenue": 5352330000, "earnings": 101070000}, {"date": "2Q2020", "revenue": 4355960000, "earnings": 32360000}, {"date": "3Q2020", "revenue": 4982300000, "earnings": 158950000}, {"date": "4Q2020", "revenue": 4735910000, "earnings": 112160000}]}, "financialCurrency": "INR"}, "financialData": {"maxAge": 86400, "currentPrice": 111.7, "targetHighPrice": 412.0, "targetLowPrice": 275.0, "targetMeanPrice": 350.5, "targetMedianPrice": 355.0, "recommendationMean": 2.2, "recommendationKey": "buy", "numberOfAnalystOpinions": 10, "totalCash": 170670000, "totalCashPerShare": 2.039, "ebitda": 1463697536, "totalDebt": 4011059968, "totalRevenue": 19426500608, "debtToEquity": 43.117, "revenuePerShare": 231.615, "grossProfits": 6144780000, "earningsGrowth": -0.595, "revenueGrowth": -0.252, "grossMargins": 0.2551, "ebitdaMargins": 0.07534, "operatingMargins": 0.049089998, "profitMargins": 0.02082, "financialCurrency": "INR"}}}