{"PARMCOS-B.BO": {"cashflowStatementHistory": {"cashflowStatements": [{"maxAge": 1, "endDate": "2020-03-31", "netIncome": -1178000, "changeToLiabilities": 0}, {"maxAge": 1, "endDate": "2019-03-31", "netIncome": -1277000, "depreciation": 14225000, "changeToNetincome": 30220000, "changeToAccountReceivables": -30516000, "changeToLiabilities": 18661000, "changeToInventory": -2545000, "changeToOperatingActivities": 15331000, "totalCashFromOperatingActivities": 44127000, "capitalExpenditures": -2330000, "otherCashflowsFromInvestingActivities": 275000, "totalCashflowsFromInvestingActivities": -2055000, "netBorrowings": 695000, "otherCashflowsFromFinancingActivities": -45240000, "totalCashFromFinancingActivities": -44545000, "changeInCash": -2473000}, {"maxAge": 1, "endDate": "2018-03-31", "netIncome": 367000, "depreciation": 17154000, "changeToNetincome": 26932000, "changeToAccountReceivables": 25400000, "changeToLiabilities": -33420000, "changeToInventory": -7252000, "changeToOperatingActivities": 8747000, "totalCashFromOperatingActivities": 37928000, "capitalExpenditures": -458000, "investments": -19000, "otherCashflowsFromInvestingActivities": 919000, "totalCashflowsFromInvestingActivities": 468000, "dividendsPaid": -2431000, "netBorrowings": -4880000, "otherCashflowsFromFinancingActivities": -28820000, "totalCashFromFinancingActivities": -36131000, "changeInCash": 2265000}, {"maxAge": 1, "endDate": "2017-03-31", "netIncome": -936000, "depreciation": 21258000, "changeToNetincome": 34225000, "changeToAccountReceivables": 70831000, "changeToLiabilities": -73006000, "changeToInventory": 2991000, "changeToOperatingActivities": 8849000, "totalCashFromOperatingActivities": 64384000, "capitalExpenditures": -7103000, "investments": -19000, "otherCashflowsFromInvestingActivities": 375000, "totalCashflowsFromInvestingActivities": -6728000, "dividendsPaid": -2429000, "netBorrowings": -22522000, "otherCashflowsFromFinancingActivities": -32833000, "totalCashFromFinancingActivities": -57784000, "changeInCash": -128000}], "maxAge": 86400}, "institutionOwnership": {"maxAge": 1, "ownershipList": []}, "balanceSheetHistoryQuarterly": {"balanceSheetStatements": [{"maxAge": 1, "endDate": "2020-03-31"}, {"maxAge": 1, "endDate": "2019-12-31", "totalStockholderEquity": 196595000, "netTangibleAssets": 96040000}, {"maxAge": 1, "endDate": "2019-09-30", "cash": 8069000, "shortTermInvestments": 6182000, "netReceivables": 129803000, "inventory": 142488000, "totalCurrentAssets": 286542000, "longTermInvestments": 43000, "propertyPlantEquipment": 88401000, "intangibleAssets": 100555000, "otherAssets": 10863000, "deferredLongTermAssetCharges": 7554000, "totalAssets": 486404000, "accountsPayable": 31315000, "shortLongTermDebt": 23811000, "otherCurrentLiab": 49352000, "longTermDebt": 58320000, "otherLiab": 9459000, "totalCurrentLiabilities": 222030000, "totalLiab": 289809000, "commonStock": 48550000, "treasuryStock": 148045000, "otherStockholderEquity": 148045000, "totalStockholderEquity": 196595000, "netTangibleAssets": 96040000}, {"maxAge": 1, "endDate": "2019-06-30", "totalStockholderEquity": 194846000, "netTangibleAssets": 94754000}], "maxAge": 86400}, "indexTrend": {"maxAge": 1, "symbol": "SP5", "peRatio": 19.7411, "pegRatio": 1.34172, "estimates": [{"period": "0q", "growth": 0.549}, {"period": "+1q", "growth": 0.431}, {"period": "0y", "growth": 0.305}, {"period": "+1y", "growth": 0.109}, {"period": "+5y", "growth": 0.120859005}, {"period": "-5y"}]}, "insiderTransactions": {"transactions": [{"maxAge": 1, "shares": 877900, "filerUrl": "", "transactionText": "", "filerName": "Paramount Kumkum Pvt Ltd", "filerRelation": "Promoter", "moneyText": "", "startDate": "2015-03-31", "ownership": "D"}, {"maxAge": 1, "shares": 249000, "filerUrl": "", "transactionText": "", "filerName": "Paramount Personal Care Pvt. Ltd.", "filerRelation": "Promoter", "moneyText": "", "startDate": "2015-03-31", "ownership": "D"}, {"maxAge": 1, "shares": 628900, "filerUrl": "", "transactionText": "", "filerName": "PETL Exports Pvt Ltd", "filerRelation": "Institution- Corporation", "moneyText": "", "startDate": "2015-03-31", "ownership": "D"}, {"maxAge": 1, "shares": 628900, "filerUrl": "", "transactionText": "", "filerName": "Topiwala (Hitesh Bhikhubhai)", "filerRelation": "Managing Director", "moneyText": "", "startDate": "2015-03-31", "ownership": "D"}, {"maxAge": 1, "shares": 408654, "filerUrl": "", "transactionText": "", "filerName": "Topiwala (B D)", "filerRelation": "UNREPORTED", "moneyText": "", "startDate": "2011-03-31", "ownership": "D"}, {"maxAge": 1, "shares": 2078540, "filerUrl": "", "transactionText": "", "filerName": "Topiwala (Hitesh Bhikhubhai)", "filerRelation": "Managing Director", "moneyText": "", "startDate": "2011-03-31", "ownership": "D"}, {"maxAge": 1, "shares": 1440000, "filerUrl": "", "transactionText": "", "filerName": "Topiwala (Hitesh Bhikhubhai)", "filerRelation": "Managing Director", "moneyText": "", "startDate": "2011-03-31", "ownership": "D"}], "maxAge": 1}, "quoteType": {"exchange": "BSE", "quoteType": "EQUITY", "symbol": "PARMCOS-B.BO", "underlyingSymbol": "PARMCOS-B.BO", "shortName": "PARAMOUNT COSMETICS (INDIA) LT", "longName": "Paramount Cosmetics (India) Limited", "firstTradeDateEpochUtc": "2007-05-21 09:15:00", "timeZoneFullName": "Asia/Kolkata", "timeZoneShortName": "IST", "uuid": "1a80baf5-a674-3358-a1cd-64049be939bc", "messageBoardId": null, "gmtOffSetMilliseconds": 19800000, "maxAge": 1}, "incomeStatementHistory": {"incomeStatementHistory": [{"maxAge": 1, "endDate": "2020-03-31", "totalRevenue": 241795000, "costOfRevenue": 61770000, "grossProfit": 180025000, "researchDevelopment": {}, "sellingGeneralAdministrative": 49455000, "nonRecurring": {}, "otherOperatingExpenses": 91411000, "totalOperatingExpenses": 215103000, "operatingIncome": 26692000, "totalOtherIncomeExpenseNet": -22143000, "ebit": 26692000, "interestExpense": -22522000, "incomeBeforeTax": 4549000, "incomeTaxExpense": 5727000, "minorityInterest": {}, "netIncomeFromContinuingOps": -1178000, "discontinuedOperations": {}, "extraordinaryItems": {}, "effectOfAccountingCharges": {}, "otherItems": {}, "netIncome": -1178000, "netIncomeApplicableToCommonShares": -1178000}, {"maxAge": 1, "endDate": "2019-03-31", "totalRevenue": 218629000, "costOfRevenue": 55793000, "grossProfit": 162836000, "researchDevelopment": {}, "sellingGeneralAdministrative": 54718000, "nonRecurring": {}, "otherOperatingExpenses": 64348000, "totalOperatingExpenses": 189112000, "operatingIncome": 29517000, "totalOtherIncomeExpenseNet": -24382000, "ebit": 29517000, "interestExpense": -23717000, "incomeBeforeTax": 5135000, "incomeTaxExpense": 6412000, "minorityInterest": {}, "netIncomeFromContinuingOps": -1277000, "discontinuedOperations": {}, "extraordinaryItems": {}, "effectOfAccountingCharges": {}, "otherItems": {}, "netIncome": -1277000, "netIncomeApplicableToCommonShares": -1277000}, {"maxAge": 1, "endDate": "2018-03-31", "totalRevenue": 209803000, "costOfRevenue": 42638000, "grossProfit": 167165000, "researchDevelopment": {}, "sellingGeneralAdministrative": 57791000, "nonRecurring": {}, "otherOperatingExpenses": 64216000, "totalOperatingExpenses": 181799000, "operatingIncome": 28004000, "totalOtherIncomeExpenseNet": -24927000, "ebit": 28004000, "interestExpense": -26404000, "incomeBeforeTax": 3077000, "incomeTaxExpense": 2710000, "minorityInterest": {}, "netIncomeFromContinuingOps": 367000, "discontinuedOperations": {}, "extraordinaryItems": {}, "effectOfAccountingCharges": {}, "otherItems": {}, "netIncome": 367000, "netIncomeApplicableToCommonShares": 367000}, {"maxAge": 1, "endDate": "2017-03-31", "totalRevenue": 348531000, "costOfRevenue": 167652000, "grossProfit": 180879000, "researchDevelopment": {}, "sellingGeneralAdministrative": 62261000, "nonRecurring": {}, "otherOperatingExpenses": 65327000, "totalOperatingExpenses": 316670000, "operatingIncome": 31861000, "totalOtherIncomeExpenseNet": -31674000, "ebit": 31861000, "interestExpense": -30334000, "incomeBeforeTax": 187000, "incomeTaxExpense": 1123000, "minorityInterest": {}, "netIncomeFromContinuingOps": -936000, "discontinuedOperations": {}, "extraordinaryItems": {}, "effectOfAccountingCharges": {}, "otherItems": {}, "netIncome": -936000, "netIncomeApplicableToCommonShares": -936000}], "maxAge": 86400}, "fundOwnership": {"maxAge": 1, "ownershipList": []}, "summaryDetail": {"maxAge": 1, "priceHint": 2, "previousClose": 17.0, "open": 17.0, "dayLow": 17.0, "dayHigh": 17.0, "regularMarketPreviousClose": 17.0, "regularMarketOpen": 17.0, "regularMarketDayLow": 17.0, "regularMarketDayHigh": 17.0, "volume": 4, "regularMarketVolume": 4, "averageVolume": 625, "averageVolume10days": 151, "averageDailyVolume10Day": 151, "bid": 17.0, "ask": 17.85, "bidSize": 0, "askSize": 0, "marketCap": 82535000, "fiftyTwoWeekLow": 8.98, "fiftyTwoWeekHigh": 22.65, "fiftyDayAverage": 17.985714, "twoHundredDayAverage": 16.37781, "currency": "INR", "fromCurrency": null, "toCurrency": null, "lastMarket": null, "algorithm": null, "tradeable": false}, "incomeStatementHistoryQuarterly": {"incomeStatementHistory": [{"maxAge": 1, "endDate": "2020-03-31", "totalRevenue": 37814000, "costOfRevenue": -10090000, "grossProfit": 47904000, "researchDevelopment": {}, "sellingGeneralAdministrative": 11340000, "nonRecurring": {}, "otherOperatingExpenses": 30038000, "totalOperatingExpenses": 35046000, "operatingIncome": 2768000, "totalOtherIncomeExpenseNet": -4500000, "ebit": 2768000, "interestExpense": -4500000, "incomeBeforeTax": -1732000, "incomeTaxExpense": 2505000, "minorityInterest": {}, "netIncomeFromContinuingOps": -4237000, "discontinuedOperations": {}, "extraordinaryItems": {}, "effectOfAccountingCharges": {}, "otherItems": {}, "netIncome": -4237000, "netIncomeApplicableToCommonShares": -4237000}, {"maxAge": 1, "endDate": "2019-12-31", "totalRevenue": 56521000, "costOfRevenue": 15000000, "grossProfit": 41521000, "researchDevelopment": {}, "sellingGeneralAdministrative": 9913000, "nonRecurring": {}, "otherOperatingExpenses": 19194000, "totalOperatingExpenses": 47044000, "operatingIncome": 9477000, "totalOtherIncomeExpenseNet": -5781000, "ebit": 9477000, "interestExpense": -6004000, "incomeBeforeTax": 3696000, "incomeTaxExpense": 1927000, "minorityInterest": {}, "netIncomeFromContinuingOps": 1769000, "discontinuedOperations": {}, "extraordinaryItems": {}, "effectOfAccountingCharges": {}, "otherItems": {}, "netIncome": 1769000, "netIncomeApplicableToCommonShares": 1769000}, {"maxAge": 1, "endDate": "2019-09-30", "totalRevenue": 53330000, "costOfRevenue": 6001000, "grossProfit": 47329000, "researchDevelopment": {}, "sellingGeneralAdministrative": 14103000, "nonRecurring": {}, "otherOperatingExpenses": 22049000, "totalOperatingExpenses": 44978000, "operatingIncome": 8352000, "totalOtherIncomeExpenseNet": -5854000, "ebit": 8352000, "interestExpense": -6023000, "incomeBeforeTax": 2498000, "incomeTaxExpense": 929000, "minorityInterest": {}, "netIncomeFromContinuingOps": 1569000, "discontinuedOperations": {}, "extraordinaryItems": {}, "effectOfAccountingCharges": {}, "otherItems": {}, "netIncome": 1569000, "netIncomeApplicableToCommonShares": 1569000}, {"maxAge": 1, "endDate": "2019-06-30", "totalRevenue": 94130000, "costOfRevenue": 50859000, "grossProfit": 43271000, "researchDevelopment": {}, "sellingGeneralAdministrative": 14009000, "nonRecurring": {}, "otherOperatingExpenses": 20130000, "totalOperatingExpenses": 87945000, "operatingIncome": 6185000, "totalOtherIncomeExpenseNet": -6006000, "ebit": 6185000, "interestExpense": -5995000, "incomeBeforeTax": 179000, "incomeTaxExpense": -2966000, "minorityInterest": {}, "netIncomeFromContinuingOps": 3145000, "discontinuedOperations": {}, "extraordinaryItems": {}, "effectOfAccountingCharges": {}, "otherItems": {}, "netIncome": 3145000, "netIncomeApplicableToCommonShares": 3145000}], "maxAge": 86400}, "cashflowStatementHistoryQuarterly": {"cashflowStatements": [{"maxAge": 1, "endDate": "2020-03-31", "netIncome": -4237000, "changeToLiabilities": 0}, {"maxAge": 1, "endDate": "2019-12-31", "netIncome": 1769000, "changeToLiabilities": 0}, {"maxAge": 1, "endDate": "2019-09-30", "netIncome": 1569000, "changeToLiabilities": 0}, {"maxAge": 1, "endDate": "2019-06-30", "netIncome": 3145000, "changeToLiabilities": 0}], "maxAge": 86400}, "insiderHolders": {"holders": [{"maxAge": 1, "name": "PETL Exports Pvt Ltd", "relation": "Institution- Corporation", "url": "", "transactionDescription": "Other", "latestTransDate": "2015-03-31", "positionDirect": 628900, "positionDirectDate": "2015-03-31"}, {"maxAge": 1, "name": "Paramount Kumkum Pvt Ltd", "relation": "Promoter", "url": "", "transactionDescription": "Other", "latestTransDate": "2015-03-31", "positionDirect": 1065150, "positionDirectDate": "2015-03-31"}, {"maxAge": 1, "name": "Paramount Personal Care Pvt. Ltd.", "relation": "Promoter", "url": "", "transactionDescription": "Sale", "latestTransDate": "2015-03-31", "positionDirect": 0, "positionDirectDate": "2015-03-31"}, {"maxAge": 1, "name": "Topiwala (B D)", "relation": "UNREPORTED", "url": "", "transactionDescription": "Sale", "latestTransDate": "2011-03-31", "positionDirect": 0, "positionDirectDate": "2011-03-31"}, {"maxAge": 1, "name": "Topiwala (Hitesh Bhikhubhai)", "relation": "Managing Director", "url": "", "transactionDescription": "Sale", "latestTransDate": "2015-03-31", "positionDirect": 2560640, "positionDirectDate": "2015-03-31"}], "maxAge": 1}, "calendarEvents": {"maxAge": 1, "earnings": {"earningsDate": []}}, "price": {"maxAge": 1, "regularMarketChangePercent": 0.0, "regularMarketChange": 0.0, "regularMarketTime": "2021-04-30 15:15:00", "priceHint": 2, "regularMarketPrice": 17.0, "regularMarketDayHigh": 17.0, "regularMarketDayLow": 17.0, "regularMarketVolume": 4, "averageDailyVolume10Day": 151, "averageDailyVolume3Month": 625, "regularMarketPreviousClose": 17.0, "regularMarketSource": "FREE_REALTIME", "regularMarketOpen": 17.0, "exchange": "BSE", "exchangeName": "BSE", "exchangeDataDelayedBy": 0, "marketState": "CLOSED", "quoteType": "EQUITY", "symbol": "PARMCOS-B.BO", "underlyingSymbol": null, "shortName": "PARAMOUNT COSMETICS (INDIA) LT", "longName": "Paramount Cosmetics (India) Limited", "currency": "INR", "quoteSourceName": "Delayed Quote", "currencySymbol": "\u20b9", "fromCurrency": null, "toCurrency": null, "lastMarket": null, "marketCap": 82535000}, "balanceSheetHistory": {"balanceSheetStatements": [{"maxAge": 1, "endDate": "2020-03-31"}, {"maxAge": 1, "endDate": "2019-03-31", "cash": 2525000, "shortTermInvestments": 576000, "netReceivables": 33126000, "inventory": 174433000, "otherCurrentAssets": 66028000, "totalCurrentAssets": 278987000, "longTermInvestments": 19000, "propertyPlantEquipment": 94624000, "intangibleAssets": 100093000, "otherAssets": 7564000, "deferredLongTermAssetCharges": 4276000, "totalAssets": 481287000, "accountsPayable": 34506000, "shortLongTermDebt": 23159000, "otherCurrentLiab": 29184000, "longTermDebt": 71543000, "otherLiab": 8978000, "totalCurrentLiabilities": 205920000, "totalLiab": 286441000, "commonStock": 48550000, "retainedEarnings": 37214000, "treasuryStock": 557000, "capitalSurplus": 108525000, "otherStockholderEquity": 557000, "totalStockholderEquity": 194846000, "netTangibleAssets": 94753000}, {"maxAge": 1, "endDate": "2018-03-31", "cash": 4997000, "shortTermInvestments": 576000, "netReceivables": 2373000, "inventory": 171889000, "otherCurrentAssets": 70655000, "totalCurrentAssets": 253075000, "longTermInvestments": 19000, "propertyPlantEquipment": 108127000, "intangibleAssets": 100121000, "otherAssets": 14050000, "deferredLongTermAssetCharges": 4672000, "totalAssets": 475392000, "accountsPayable": 15846000, "shortLongTermDebt": 21717000, "otherCurrentLiab": 25421000, "longTermDebt": 68323000, "otherLiab": 4585000, "totalCurrentLiabilities": 187385000, "totalLiab": 260293000, "commonStock": 48550000, "retainedEarnings": 38496000, "treasuryStock": 19528000, "capitalSurplus": 108525000, "otherStockholderEquity": 19528000, "totalStockholderEquity": 215099000, "netTangibleAssets": 114978000}, {"maxAge": 1, "endDate": "2017-03-31", "cash": 2732000, "shortTermInvestments": 534000, "netReceivables": 29097000, "inventory": 164637000, "otherCurrentAssets": 71982000, "totalCurrentAssets": 271868000, "propertyPlantEquipment": 125876000, "intangibleAssets": 100211000, "otherAssets": 15651000, "deferredLongTermAssetCharges": 6473000, "totalAssets": 513606000, "accountsPayable": 49266000, "shortLongTermDebt": 19216000, "otherCurrentLiab": 26073000, "longTermDebt": 83076000, "otherLiab": 3410000, "totalCurrentLiabilities": 209635000, "totalLiab": 296121000, "commonStock": 48550000, "retainedEarnings": 41136000, "treasuryStock": 19273000, "capitalSurplus": 108526000, "otherStockholderEquity": 19273000, "totalStockholderEquity": 217485000, "netTangibleAssets": 117274000}], "maxAge": 86400}, "financialData": {"maxAge": 86400, "currentPrice": 17.0, "recommendationKey": "none", "grossProfits": 180025000, "financialCurrency": "INR"}}}