{"PARNAXLAB.BO": {"recommendationTrend": {"trend": [{"period": "0m", "strongBuy": 0, "buy": 0, "hold": 0, "sell": 0, "strongSell": 0}, {"period": "-1m", "strongBuy": 0, "buy": 0, "hold": 0, "sell": 0, "strongSell": 0}, {"period": "-2m", "strongBuy": 0, "buy": 0, "hold": 0, "sell": 0, "strongSell": 0}, {"period": "-3m", "strongBuy": 0, "buy": 0, "hold": 0, "sell": 0, "strongSell": 0}], "maxAge": 86400}, "cashflowStatementHistory": {"cashflowStatements": [{"maxAge": 1, "endDate": "2020-03-31", "netIncome": -29142640, "depreciation": 43931080, "changeToNetincome": 43858830, "changeToAccountReceivables": -39106660, "changeToLiabilities": 35981060, "changeToInventory": -26808100, "changeToOperatingActivities": 58077740, "totalCashFromOperatingActivities": 87454600, "capitalExpenditures": -131345280, "investments": -100000, "otherCashflowsFromInvestingActivities": -2193410, "totalCashflowsFromInvestingActivities": -133338690, "netBorrowings": 96289170, "otherCashflowsFromFinancingActivities": -46017640, "totalCashFromFinancingActivities": 50271530, "changeInCash": 4387440}, {"maxAge": 1, "endDate": "2019-03-31", "netIncome": 32987460, "depreciation": 37701340, "changeToNetincome": 37997090, "changeToAccountReceivables": -5205900, "changeToLiabilities": -4175980, "changeToInventory": -7965290, "changeToOperatingActivities": -4715050, "totalCashFromOperatingActivities": 87157530, "capitalExpenditures": -113206120, "investments": 186480, "otherCashflowsFromInvestingActivities": 796590, "totalCashflowsFromInvestingActivities": -111468750, "netBorrowings": 46867050, "otherCashflowsFromFinancingActivities": -32667640, "totalCashFromFinancingActivities": 14199410, "changeInCash": -10111810}, {"maxAge": 1, "endDate": "2018-03-31", "netIncome": 10538630, "depreciation": 36987650, "changeToNetincome": 71803810, "changeToAccountReceivables": -64350, "changeToLiabilities": 61600, "changeToInventory": 2677150, "changeToOperatingActivities": 6415170, "totalCashFromOperatingActivities": 128834300, "capitalExpenditures": -52305260, "investments": -50740, "otherCashflowsFromInvestingActivities": 587540, "totalCashflowsFromInvestingActivities": -51768460, "netBorrowings": -34231300, "otherCashflowsFromFinancingActivities": -37578360, "totalCashFromFinancingActivities": -71809660, "changeInCash": 5256180}, {"maxAge": 1, "endDate": "2017-03-31", "netIncome": 36844100, "depreciation": 37469520, "changeToNetincome": 47057860, "changeToAccountReceivables": -13014440, "changeToLiabilities": 45816390, "changeToInventory": -13130330, "changeToOperatingActivities": 19404040, "totalCashFromOperatingActivities": 160500690, "capitalExpenditures": -108392600, "investments": 5677980, "otherCashflowsFromInvestingActivities": 537870, "totalCashflowsFromInvestingActivities": -102176750, "netBorrowings": -9663530, "otherCashflowsFromFinancingActivities": -44832320, "totalCashFromFinancingActivities": -54495850, "changeInCash": 3828100}], "maxAge": 86400}, "institutionOwnership": {"maxAge": 1, "ownershipList": []}, "balanceSheetHistoryQuarterly": {"balanceSheetStatements": [{"maxAge": 1, "endDate": "2020-06-30", "totalStockholderEquity": 327950370, "netTangibleAssets": 325890000}, {"maxAge": 1, "endDate": "2020-03-31", "cash": 3868310, "netReceivables": 238956460, "inventory": 111511430, "otherCurrentAssets": 101797870, "totalCurrentAssets": 456134070, "longTermInvestments": 2246480, "propertyPlantEquipment": 603860960, "intangibleAssets": 2060370, "otherAssets": 7140500, "totalAssets": 1071442380, "accountsPayable": 108412710, "shortLongTermDebt": 32214330, "otherCurrentLiab": 9183280, "longTermDebt": 191530490, "otherLiab": 19584970, "minorityInterest": 749570, "totalCurrentLiabilities": 524427440, "totalLiab": 742742440, "commonStock": 85048660, "retainedEarnings": 241608860, "treasuryStock": 1292850, "otherStockholderEquity": 1292850, "totalStockholderEquity": 327950370, "netTangibleAssets": 325890000}, {"maxAge": 1, "endDate": "2019-12-31", "totalStockholderEquity": 362040000, "netTangibleAssets": 359649000}, {"maxAge": 1, "endDate": "2019-09-30", "cash": 10277000, "netReceivables": 215908000, "inventory": 97724000, "otherCurrentAssets": 77481000, "totalCurrentAssets": 401390000, "longTermInvestments": 2146000, "propertyPlantEquipment": 513782000, "intangibleAssets": 2391000, "otherAssets": 4804000, "totalAssets": 924513000, "accountsPayable": 37195000, "otherCurrentLiab": 115400000, "longTermDebt": 177514000, "otherLiab": 10010000, "minorityInterest": 792000, "totalCurrentLiabilities": 374157000, "totalLiab": 561681000, "commonStock": 85049000, "treasuryStock": 276991000, "otherStockholderEquity": 276991000, "totalStockholderEquity": 362040000, "netTangibleAssets": 359649000}], "maxAge": 86400}, "earningsHistory": {"history": [{"maxAge": 1, "epsActual": {}, "epsEstimate": {}, "epsDifference": {}, "surprisePercent": {}, "quarter": {}, "period": "-4q"}, {"maxAge": 1, "epsActual": {}, "epsEstimate": {}, "epsDifference": {}, "surprisePercent": {}, "quarter": {}, "period": "-3q"}, {"maxAge": 1, "epsActual": {}, "epsEstimate": {}, "epsDifference": {}, "surprisePercent": {}, "quarter": {}, "period": "-2q"}, {"maxAge": 1, "epsActual": {}, "epsEstimate": {}, "epsDifference": {}, "surprisePercent": {}, "quarter": {}, "period": "-1q"}], "maxAge": 86400}, "indexTrend": {"maxAge": 1, "symbol": "SP5", "peRatio": 19.7411, "pegRatio": 1.34172, "estimates": [{"period": "0q", "growth": 0.549}, {"period": "+1q", "growth": 0.431}, {"period": "0y", "growth": 0.305}, {"period": "+1y", "growth": 0.109}, {"period": "+5y", "growth": 0.120859005}, {"period": "-5y"}]}, "industryTrend": {"maxAge": 1, "symbol": null, "estimates": []}, "insiderTransactions": {"transactions": [{"maxAge": 1, "shares": 27000, "filerUrl": "", "transactionText": "", "filerName": "Shah (Prakash M.)", "filerRelation": "Wholetime Director", "moneyText": "", "startDate": "2015-06-15", "ownership": "D"}, {"maxAge": 1, "shares": 20000, "filerUrl": "", "transactionText": "", "filerName": "Shah (Prakash M.)", "filerRelation": "Wholetime Director", "moneyText": "", "startDate": "2015-05-06", "ownership": "D"}, {"maxAge": 1, "shares": 307720, "filerUrl": "", "transactionText": "", "filerName": "Shah (Ami Mihir)", "filerRelation": "Director", "moneyText": "", "startDate": "2015-03-31", "ownership": "D"}, {"maxAge": 1, "shares": 15100, "filerUrl": "", "transactionText": "", "filerName": "Shah (Baiju M.)", "filerRelation": "Wholetime Director", "moneyText": "", "startDate": "2015-02-03", "ownership": "D"}, {"maxAge": 1, "shares": 15000, "filerUrl": "", "transactionText": "", "filerName": "Shah (Prakash M.)", "filerRelation": "Wholetime Director", "moneyText": "", "startDate": "2015-02-03", "ownership": "D"}, {"maxAge": 1, "shares": 181146, "filerUrl": "", "transactionText": "", "filerName": "Sparkline Mercantile Company Pvt Ltd", "filerRelation": "Institution- Corporation", "moneyText": "", "startDate": "2013-10-08", "ownership": "D"}, {"maxAge": 1, "shares": 41000, "filerUrl": "", "transactionText": "", "filerName": "Sparkline Mercantile Company Pvt Ltd", "filerRelation": "Institution- Corporation", "moneyText": "", "startDate": "2013-03-26", "ownership": "D"}, {"maxAge": 1, "shares": 72500, "filerUrl": "", "transactionText": "", "filerName": "Gupta (Chandra Mani)", "filerRelation": "UNREPORTED", "moneyText": "", "startDate": "2011-06-09", "ownership": "D"}, {"maxAge": 1, "shares": 100000, "filerUrl": "", "transactionText": "", "filerName": "Sharma (Shiv Shankar)", "filerRelation": "UNREPORTED", "moneyText": "", "startDate": "2011-06-09", "ownership": "D"}, {"maxAge": 1, "shares": 100000, "filerUrl": "", "transactionText": "", "filerName": "Sharma (Shiv Shankar)", "filerRelation": "UNREPORTED", "moneyText": "", "startDate": "2011-06-09", "ownership": "D"}], "maxAge": 1}, "quoteType": {"exchange": "BSE", "quoteType": "EQUITY", "symbol": "PARNAXLAB.BO", "underlyingSymbol": "PARNAXLAB.BO", "shortName": "PARNAX LAB LTD.", "longName": "Parnax Lab Limited", "firstTradeDateEpochUtc": "2009-09-15 09:15:00", "timeZoneFullName": "Asia/Kolkata", "timeZoneShortName": "IST", "uuid": "ff2633ce-641d-33f7-a80f-b4c2205548b5", "messageBoardId": null, "gmtOffSetMilliseconds": 19800000, "maxAge": 1}, "incomeStatementHistory": {"incomeStatementHistory": [{"maxAge": 1, "endDate": "2020-03-31", "totalRevenue": 955473970, "costOfRevenue": 493981600, "grossProfit": 461492370, "researchDevelopment": {}, "sellingGeneralAdministrative": 155939370, "nonRecurring": {}, "otherOperatingExpenses": 237648610, "totalOperatingExpenses": 932163950, "operatingIncome": 23310020, "totalOtherIncomeExpenseNet": -42982750, "ebit": 23310020, "interestExpense": -44527490, "incomeBeforeTax": -19672730, "incomeTaxExpense": 9488140, "minorityInterest": 749570, "netIncomeFromContinuingOps": -29160870, "discontinuedOperations": {}, "extraordinaryItems": {}, "effectOfAccountingCharges": {}, "otherItems": {}, "netIncome": -29142640, "netIncomeApplicableToCommonShares": -29142640}, {"maxAge": 1, "endDate": "2019-03-31", "totalRevenue": 1099666420, "costOfRevenue": 563026930, "grossProfit": 536639490, "researchDevelopment": {}, "sellingGeneralAdministrative": 145804290, "nonRecurring": {}, "otherOperatingExpenses": 272118060, "totalOperatingExpenses": 1019184480, "operatingIncome": 80481940, "totalOtherIncomeExpenseNet": -34283230, "ebit": 80481940, "interestExpense": -36103640, "incomeBeforeTax": 46198710, "incomeTaxExpense": 13145140, "minorityInterest": 768290, "netIncomeFromContinuingOps": 33053570, "discontinuedOperations": {}, "extraordinaryItems": {}, "effectOfAccountingCharges": {}, "otherItems": {}, "netIncome": 32987460, "netIncomeApplicableToCommonShares": 32987460}, {"maxAge": 1, "endDate": "2018-03-31", "totalRevenue": 1063569630, "costOfRevenue": 587733180, "grossProfit": 475836450, "researchDevelopment": {}, "sellingGeneralAdministrative": 119346830, "nonRecurring": {}, "otherOperatingExpenses": 231856200, "totalOperatingExpenses": 976247960, "operatingIncome": 87321670, "totalOtherIncomeExpenseNet": -57101090, "ebit": 87321670, "interestExpense": -41578250, "incomeBeforeTax": 30220580, "incomeTaxExpense": 19660830, "minorityInterest": 703790, "netIncomeFromContinuingOps": 10559750, "discontinuedOperations": {}, "extraordinaryItems": {}, "effectOfAccountingCharges": {}, "otherItems": {}, "netIncome": 10538630, "netIncomeApplicableToCommonShares": 10538630}, {"maxAge": 1, "endDate": "2017-03-31", "totalRevenue": 948448690, "costOfRevenue": 524330820, "grossProfit": 424117870, "researchDevelopment": {}, "sellingGeneralAdministrative": 95558600, "nonRecurring": {}, "otherOperatingExpenses": 195317620, "totalOperatingExpenses": 852655720, "operatingIncome": 95792970, "totalOtherIncomeExpenseNet": -48680330, "ebit": 95792970, "interestExpense": -47628870, "incomeBeforeTax": 47112640, "incomeTaxExpense": 10194700, "minorityInterest": 635180, "netIncomeFromContinuingOps": 36917940, "discontinuedOperations": {}, "extraordinaryItems": {}, "effectOfAccountingCharges": {}, "otherItems": {}, "netIncome": 36844100, "netIncomeApplicableToCommonShares": 36844100}], "maxAge": 86400}, "fundOwnership": {"maxAge": 1, "ownershipList": []}, "summaryDetail": {"maxAge": 1, "priceHint": 2, "previousClose": 23.35, "open": 23.45, "dayLow": 22.2, "dayHigh": 24.5, "regularMarketPreviousClose": 23.35, "regularMarketOpen": 23.45, "regularMarketDayLow": 22.2, "regularMarketDayHigh": 24.5, "volume": 13192, "regularMarketVolume": 13192, "averageVolume": 4047, "averageVolume10days": 57, "averageDailyVolume10Day": 57, "bid": 23.9, "ask": 24.35, "bidSize": 0, "askSize": 0, "marketCap": 203691648, "fiftyTwoWeekLow": 11.65, "fiftyTwoWeekHigh": 39.05, "fiftyDayAverage": 31.497143, "twoHundredDayAverage": 24.013138, "currency": "INR", "fromCurrency": null, "toCurrency": null, "lastMarket": null, "algorithm": null, "tradeable": false}, "sectorTrend": {"maxAge": 1, "symbol": null, "estimates": []}, "incomeStatementHistoryQuarterly": {"incomeStatementHistory": [{"maxAge": 1, "endDate": "2020-06-30", "totalRevenue": 174882000, "costOfRevenue": 83982000, "grossProfit": 90900000, "researchDevelopment": {}, "sellingGeneralAdministrative": 26999000, "nonRecurring": {}, "otherOperatingExpenses": 36802000, "totalOperatingExpenses": 160063000, "operatingIncome": 14819000, "totalOtherIncomeExpenseNet": -12496000, "ebit": 14819000, "interestExpense": -12496000, "incomeBeforeTax": 2323000, "incomeTaxExpense": 0, "minorityInterest": {}, "netIncomeFromContinuingOps": 2323000, "discontinuedOperations": {}, "extraordinaryItems": {}, "effectOfAccountingCharges": {}, "otherItems": {}, "netIncome": 2311000, "netIncomeApplicableToCommonShares": 2311000}, {"maxAge": 1, "endDate": "2020-03-31", "totalRevenue": 234356970, "costOfRevenue": 154391600, "grossProfit": 79965370, "researchDevelopment": {}, "sellingGeneralAdministrative": 48034370, "nonRecurring": {}, "otherOperatingExpenses": 27000610, "totalOperatingExpenses": 242001950, "operatingIncome": -7644980, "totalOtherIncomeExpenseNet": -8101750, "ebit": -7644980, "interestExpense": -9646490, "incomeBeforeTax": -15746730, "incomeTaxExpense": 9928140, "minorityInterest": 749570, "netIncomeFromContinuingOps": -25674870, "discontinuedOperations": {}, "extraordinaryItems": {}, "effectOfAccountingCharges": {}, "otherItems": {}, "netIncome": -25649640, "netIncomeApplicableToCommonShares": -25649640}, {"maxAge": 1, "endDate": "2019-12-31", "totalRevenue": 255789000, "costOfRevenue": 123684000, "grossProfit": 132105000, "researchDevelopment": {}, "sellingGeneralAdministrative": 38531000, "nonRecurring": {}, "otherOperatingExpenses": 80202000, "totalOperatingExpenses": 253139000, "operatingIncome": 2650000, "totalOtherIncomeExpenseNet": -10895000, "ebit": 2650000, "interestExpense": -10895000, "incomeBeforeTax": -8245000, "incomeTaxExpense": 0, "minorityInterest": 749570, "netIncomeFromContinuingOps": -8245000, "discontinuedOperations": {}, "extraordinaryItems": {}, "effectOfAccountingCharges": {}, "otherItems": {}, "netIncome": -8229000, "netIncomeApplicableToCommonShares": -8229000}, {"maxAge": 1, "endDate": "2019-09-30", "totalRevenue": 257943000, "costOfRevenue": 121408000, "grossProfit": 136535000, "researchDevelopment": {}, "sellingGeneralAdministrative": 33585000, "nonRecurring": {}, "otherOperatingExpenses": 74796000, "totalOperatingExpenses": 240519000, "operatingIncome": 17424000, "totalOtherIncomeExpenseNet": -13837000, "ebit": 17424000, "interestExpense": -13837000, "incomeBeforeTax": 3587000, "incomeTaxExpense": 0, "minorityInterest": 792000, "netIncomeFromContinuingOps": 3587000, "discontinuedOperations": {}, "extraordinaryItems": {}, "effectOfAccountingCharges": {}, "otherItems": {}, "netIncome": 3567000, "netIncomeApplicableToCommonShares": 3567000}], "maxAge": 86400}, "cashflowStatementHistoryQuarterly": {"cashflowStatements": [{"maxAge": 1, "endDate": "2020-06-30", "netIncome": 2311000, "changeToLiabilities": 0}, {"maxAge": 1, "endDate": "2020-03-31", "netIncome": -25649640, "changeToLiabilities": 0}, {"maxAge": 1, "endDate": "2019-12-31", "netIncome": -8229000, "changeToLiabilities": 0}, {"maxAge": 1, "endDate": "2019-09-30", "netIncome": 3567000, "changeToLiabilities": 0}], "maxAge": 86400}, "insiderHolders": {"holders": [{"maxAge": 1, "name": "Gupta (Chandra Mani)", "relation": "UNREPORTED", "url": "", "transactionDescription": "Sale", "latestTransDate": "2011-06-09", "positionDirect": 327500, "positionDirectDate": "2011-06-09"}, {"maxAge": 1, "name": "Shah (Ami Mihir)", "relation": "Director", "url": "", "transactionDescription": "Other", "latestTransDate": "2015-03-31", "positionDirect": 307720, "positionDirectDate": "2015-03-31"}, {"maxAge": 1, "name": "Shah (Baiju M.)", "relation": "Wholetime Director", "url": "", "transactionDescription": "Sale", "latestTransDate": "2015-02-03", "positionDirect": 592261, "positionDirectDate": "2015-02-03"}, {"maxAge": 1, "name": "Shah (Prakash M.)", "relation": "Wholetime Director", "url": "", "transactionDescription": "Acquisition", "latestTransDate": "2015-06-15", "positionDirect": 675426, "positionDirectDate": "2015-06-15"}, {"maxAge": 1, "name": "Sharma (Shiv Shankar)", "relation": "UNREPORTED", "url": "", "transactionDescription": "Sale", "latestTransDate": "2011-06-09", "positionDirect": 281000, "positionDirectDate": "2011-06-09"}, {"maxAge": 1, "name": "Sparkline Mercantile Company Pvt Ltd", "relation": "Institution- Corporation", "url": "", "transactionDescription": "Sale", "latestTransDate": "2013-10-08", "positionDirect": 267939, "positionDirectDate": "2013-10-08"}], "maxAge": 1}, "earnings": {"maxAge": 86400, "earningsChart": {"quarterly": [], "earningsDate": []}, "financialsChart": {"yearly": [{"date": 2017, "revenue": 948448690, "earnings": 36844100}, {"date": 2018, "revenue": 1063569630, "earnings": 10538630}, {"date": 2019, "revenue": 1099666420, "earnings": 32987460}, {"date": 2020, "revenue": 955473970, "earnings": -29142640}], "quarterly": [{"date": "3Q2019", "revenue": 257943000, "earnings": 3567000}, {"date": "4Q2019", "revenue": 255789000, "earnings": -8229000}, {"date": "1Q2020", "revenue": 234356970, "earnings": -25649640}, {"date": "2Q2020", "revenue": 174882000, "earnings": 2311000}]}, "financialCurrency": "INR"}, "calendarEvents": {"maxAge": 1, "earnings": {"earningsDate": []}}, "price": {"maxAge": 1, "regularMarketChangePercent": 0.025695948, "regularMarketChange": 0.6000004, "regularMarketTime": "2021-04-30 15:24:55", "priceHint": 2, "regularMarketPrice": 23.95, "regularMarketDayHigh": 24.5, "regularMarketDayLow": 22.2, "regularMarketVolume": 13192, "averageDailyVolume10Day": 57, "averageDailyVolume3Month": 4047, "regularMarketPreviousClose": 23.35, "regularMarketSource": "FREE_REALTIME", "regularMarketOpen": 23.45, "exchange": "BSE", "exchangeName": "BSE", "exchangeDataDelayedBy": 0, "marketState": "CLOSED", "quoteType": "EQUITY", "symbol": "PARNAXLAB.BO", "underlyingSymbol": null, "shortName": "PARNAX LAB LTD.", "longName": "Parnax Lab Limited", "currency": "INR", "quoteSourceName": "Delayed Quote", "currencySymbol": "\u20b9", "fromCurrency": null, "toCurrency": null, "lastMarket": null, "marketCap": 203691648}, "balanceSheetHistory": {"balanceSheetStatements": [{"maxAge": 1, "endDate": "2020-03-31", "cash": 3868310, "netReceivables": 238956460, "inventory": 111511430, "otherCurrentAssets": 101797870, "totalCurrentAssets": 456134070, "longTermInvestments": 2246480, "propertyPlantEquipment": 603860960, "intangibleAssets": 2060370, "otherAssets": 7140500, "totalAssets": 1071442380, "accountsPayable": 108412710, "shortLongTermDebt": 32214330, "otherCurrentLiab": 9183280, "longTermDebt": 191530490, "otherLiab": 19584970, "minorityInterest": 749570, "totalCurrentLiabilities": 524427440, "totalLiab": 742742440, "commonStock": 85048660, "retainedEarnings": 241608860, "treasuryStock": 1292850, "otherStockholderEquity": 1292850, "totalStockholderEquity": 327950370, "netTangibleAssets": 325890000}, {"maxAge": 1, "endDate": "2019-03-31", "cash": -519130, "netReceivables": 200239880, "inventory": 84703330, "otherCurrentAssets": 84526060, "totalCurrentAssets": 368950140, "longTermInvestments": 2146480, "propertyPlantEquipment": 509247220, "intangibleAssets": 2723660, "otherAssets": 63737930, "totalAssets": 946805430, "accountsPayable": 72583630, "shortLongTermDebt": 46701260, "otherCurrentLiab": 12543020, "longTermDebt": 215833180, "otherLiab": 10010550, "minorityInterest": 768290, "totalCurrentLiabilities": 362888730, "totalLiab": 588732460, "commonStock": 85048660, "retainedEarnings": 270751510, "treasuryStock": 1504510, "otherStockholderEquity": 1504510, "totalStockholderEquity": 357304680, "netTangibleAssets": 354581020}, {"maxAge": 1, "endDate": "2018-03-31", "cash": 9592680, "netReceivables": 195112180, "inventory": 76738040, "otherCurrentAssets": 83198830, "totalCurrentAssets": 364641730, "longTermInvestments": 2332960, "propertyPlantEquipment": 434846900, "intangibleAssets": 2153060, "otherAssets": 69760020, "totalAssets": 873734670, "accountsPayable": 76759610, "shortLongTermDebt": 49074260, "otherCurrentLiab": 15750320, "longTermDebt": 166948660, "otherLiab": 9058840, "minorityInterest": 703790, "totalCurrentLiabilities": 371907820, "totalLiab": 547915320, "commonStock": 85048660, "retainedEarnings": 237764040, "treasuryStock": 2302860, "otherStockholderEquity": 2302860, "totalStockholderEquity": 325115560, "netTangibleAssets": 322962500}, {"maxAge": 1, "endDate": "2017-03-31", "cash": 4336500, "netReceivables": 190351640, "inventory": 79415190, "otherCurrentAssets": 34570130, "totalCurrentAssets": 308673460, "longTermInvestments": 3417430, "propertyPlantEquipment": 471643430, "intangibleAssets": 1550470, "otherAssets": 70019520, "totalAssets": 855304310, "accountsPayable": 76698010, "shortLongTermDebt": 67587390, "otherCurrentLiab": 8338820, "longTermDebt": 170795210, "otherLiab": 5707410, "minorityInterest": 635180, "totalCurrentLiabilities": 364472810, "totalLiab": 540975430, "commonStock": 85048660, "retainedEarnings": 226570610, "treasuryStock": 2074430, "otherStockholderEquity": 2074430, "totalStockholderEquity": 313693700, "netTangibleAssets": 312143230}], "maxAge": 86400}, "earningsTrend": {"trend": [{"maxAge": 1, "period": "0q", "endDate": null, "growth": {}, "earningsEstimate": {"avg": 0.0, "low": 0.0, "high": 0.0, "yearAgoEps": {}, "numberOfAnalysts": 0, "growth": {}}, "revenueEstimate": {"avg": 0, "low": 0, "high": 0, "numberOfAnalysts": 0, "yearAgoRevenue": {}, "growth": {}}, "epsTrend": {"current": 0.0, "7daysAgo": 0.0, "30daysAgo": 0.0, "60daysAgo": 0.0, "90daysAgo": 0.0}, "epsRevisions": {"upLast7days": 0, "upLast30days": 0, "downLast30days": 0, "downLast90days": {}}}, {"maxAge": 1, "period": "+1q", "endDate": null, "growth": {}, "earningsEstimate": {"avg": 0.0, "low": 0.0, "high": 0.0, "yearAgoEps": {}, "numberOfAnalysts": 0, "growth": {}}, "revenueEstimate": {"avg": 0, "low": 0, "high": 0, "numberOfAnalysts": 0, "yearAgoRevenue": {}, "growth": {}}, "epsTrend": {"current": 0.0, "7daysAgo": 0.0, "30daysAgo": 0.0, "60daysAgo": 0.0, "90daysAgo": 0.0}, "epsRevisions": {"upLast7days": 0, "upLast30days": 0, "downLast30days": 0, "downLast90days": {}}}, {"maxAge": 1, "period": "0y", "endDate": null, "growth": {}, "earningsEstimate": {"avg": 0.0, "low": 0.0, "high": 0.0, "yearAgoEps": {}, "numberOfAnalysts": 0, "growth": {}}, "revenueEstimate": {"avg": 0, "low": 0, "high": 0, "numberOfAnalysts": 0, "yearAgoRevenue": {}, "growth": {}}, "epsTrend": {"current": 0.0, "7daysAgo": 0.0, "30daysAgo": 0.0, "60daysAgo": 0.0, "90daysAgo": 0.0}, "epsRevisions": {"upLast7days": 0, "upLast30days": 0, "downLast30days": 0, "downLast90days": {}}}, {"maxAge": 1, "period": "+1y", "endDate": null, "growth": {}, "earningsEstimate": {"avg": 0.0, "low": 0.0, "high": 0.0, "yearAgoEps": {}, "numberOfAnalysts": 0, "growth": {}}, "revenueEstimate": {"avg": 0, "low": 0, "high": 0, "numberOfAnalysts": 0, "yearAgoRevenue": {}, "growth": {}}, "epsTrend": {"current": 0.0, "7daysAgo": 0.0, "30daysAgo": 0.0, "60daysAgo": 0.0, "90daysAgo": 0.0}, "epsRevisions": {"upLast7days": 0, "upLast30days": 0, "downLast30days": 0, "downLast90days": {}}}, {"maxAge": 1, "period": "+5y", "endDate": null, "growth": {}, "earningsEstimate": {"avg": {}, "low": {}, "high": {}, "yearAgoEps": {}, "numberOfAnalysts": {}, "growth": {}}, "revenueEstimate": {"avg": {}, "low": {}, "high": {}, "numberOfAnalysts": {}, "yearAgoRevenue": {}, "growth": {}}, "epsTrend": {"current": {}, "7daysAgo": {}, "30daysAgo": {}, "60daysAgo": {}, "90daysAgo": {}}, "epsRevisions": {"upLast7days": {}, "upLast30days": {}, "downLast30days": {}, "downLast90days": {}}}, {"maxAge": 1, "period": "-5y", "endDate": null, "growth": {}, "earningsEstimate": {"avg": {}, "low": {}, "high": {}, "yearAgoEps": {}, "numberOfAnalysts": {}, "growth": {}}, "revenueEstimate": {"avg": {}, "low": {}, "high": {}, "numberOfAnalysts": {}, "yearAgoRevenue": {}, "growth": {}}, "epsTrend": {"current": {}, "7daysAgo": {}, "30daysAgo": {}, "60daysAgo": {}, "90daysAgo": {}}, "epsRevisions": {"upLast7days": {}, "upLast30days": {}, "downLast30days": {}, "downLast90days": {}}}], "maxAge": 1}, "financialData": {"maxAge": 86400, "currentPrice": 23.95, "targetHighPrice": 51.0, "targetLowPrice": 51.0, "targetMeanPrice": 51.0, "targetMedianPrice": 51.0, "recommendationKey": "none", "numberOfAnalystOpinions": 1, "grossProfits": 461492370, "financialCurrency": "INR"}}}