{"PARSVNATH.BO": {"recommendationTrend": {"trend": [{"period": "0m", "strongBuy": 0, "buy": 0, "hold": 0, "sell": 0, "strongSell": 0}, {"period": "-1m", "strongBuy": 0, "buy": 0, "hold": 0, "sell": 0, "strongSell": 0}, {"period": "-2m", "strongBuy": 0, "buy": 0, "hold": 0, "sell": 0, "strongSell": 0}, {"period": "-3m", "strongBuy": 0, "buy": 0, "hold": 0, "sell": 0, "strongSell": 0}], "maxAge": 86400}, "cashflowStatementHistory": {"cashflowStatements": [{"maxAge": 1, "endDate": "2020-03-31", "netIncome": -3632395000, "depreciation": 270464000, "changeToNetincome": 3912730000, "changeToAccountReceivables": 120057000, "changeToLiabilities": 824294000, "changeToInventory": 8266162000, "changeToOperatingActivities": 5866225000, "totalCashFromOperatingActivities": 15627537000, "capitalExpenditures": -870347000, "investments": -408704000, "otherCashflowsFromInvestingActivities": 1160178000, "totalCashflowsFromInvestingActivities": -110921000, "netBorrowings": -10727680000, "otherCashflowsFromFinancingActivities": -5035515000, "totalCashFromFinancingActivities": -15763195000, "changeInCash": -246579000}, {"maxAge": 1, "endDate": "2019-03-31", "netIncome": -3673768000, "depreciation": 289012000, "changeToNetincome": 2769430000, "changeToAccountReceivables": -1281174000, "changeToLiabilities": 305462000, "changeToInventory": 7443455000, "changeToOperatingActivities": 7251526000, "totalCashFromOperatingActivities": 13103943000, "capitalExpenditures": -1192366000, "investments": -2884653000, "otherCashflowsFromInvestingActivities": 129041000, "totalCashflowsFromInvestingActivities": -4698561000, "netBorrowings": -1846951000, "otherCashflowsFromFinancingActivities": -6298245000, "totalCashFromFinancingActivities": -8145196000, "changeInCash": 260186000}, {"maxAge": 1, "endDate": "2018-03-31", "netIncome": -3239375000, "depreciation": 302364000, "changeToNetincome": 2638688000, "changeToAccountReceivables": -49398000, "changeToLiabilities": 689279000, "changeToInventory": -1194889000, "changeToOperatingActivities": 1699606000, "totalCashFromOperatingActivities": 846275000, "capitalExpenditures": -1027628000, "investments": 50000, "otherCashflowsFromInvestingActivities": 114899000, "totalCashflowsFromInvestingActivities": -904845000, "netBorrowings": 4887825000, "otherCashflowsFromFinancingActivities": -4885093000, "totalCashFromFinancingActivities": 2732000, "changeInCash": -55838000}, {"maxAge": 1, "endDate": "2017-03-31", "netIncome": -1488704000, "depreciation": 279409000, "changeToNetincome": 1904798000, "changeToAccountReceivables": 285400000, "changeToLiabilities": 164869000, "changeToInventory": -1463074000, "changeToOperatingActivities": -2999551000, "totalCashFromOperatingActivities": -3316853000, "capitalExpenditures": -700051000, "investments": 50000, "otherCashflowsFromInvestingActivities": 1023700000, "totalCashflowsFromInvestingActivities": -1521415000, "netBorrowings": 10149503000, "otherCashflowsFromFinancingActivities": -5544817000, "totalCashFromFinancingActivities": 4604686000, "changeInCash": -233582000}], "maxAge": 86400}, "institutionOwnership": {"ownershipList": [], "maxAge": 1}, "balanceSheetHistoryQuarterly": {"balanceSheetStatements": [{"maxAge": 1, "endDate": "2020-06-30", "totalStockholderEquity": 6073755000, "netTangibleAssets": -6899808000}, {"maxAge": 1, "endDate": "2020-03-31", "cash": 97992000, "netReceivables": 4875816000, "inventory": 46016589000, "otherCurrentAssets": 2094983000, "totalCurrentAssets": 53280599000, "longTermInvestments": 3922230000, "propertyPlantEquipment": 4450658000, "intangibleAssets": 12973563000, "otherAssets": 6264185000, "deferredLongTermAssetCharges": 2549530000, "totalAssets": 80891235000, "accountsPayable": 8526458000, "shortLongTermDebt": 7717401000, "otherCurrentLiab": 22746907000, "longTermDebt": 19738849000, "otherLiab": 1075999000, "deferredLongTermLiab": 1972989000, "minorityInterest": 34976000, "totalCurrentLiabilities": 50251699000, "totalLiab": 74782504000, "commonStock": 2175906000, "retainedEarnings": -11783671000, "treasuryStock": 1122373000, "capitalSurplus": 14559147000, "otherStockholderEquity": 1122373000, "totalStockholderEquity": 6073755000, "netTangibleAssets": -6899808000}, {"maxAge": 1, "endDate": "2019-12-31", "totalStockholderEquity": 7704459000, "netTangibleAssets": -7473011000}, {"maxAge": 1, "endDate": "2019-09-30", "cash": 2532416000, "shortTermInvestments": 1865079000, "netReceivables": 3054150000, "inventory": 54184481000, "otherCurrentAssets": 2042913000, "totalCurrentAssets": 63679039000, "longTermInvestments": 6320511000, "propertyPlantEquipment": 678981000, "goodWill": 506891000, "intangibleAssets": 14670579000, "otherAssets": 6775874000, "deferredLongTermAssetCharges": 2517318000, "totalAssets": 92631875000, "accountsPayable": 8077760000, "otherCurrentLiab": 49412332000, "longTermDebt": 19941729000, "otherLiab": 3058203000, "minorityInterest": 571571000, "totalCurrentLiabilities": 61355913000, "totalLiab": 84355845000, "commonStock": 2175906000, "treasuryStock": 5528553000, "otherStockholderEquity": 5528553000, "totalStockholderEquity": 7704459000, "netTangibleAssets": -7473011000}], "maxAge": 86400}, "earningsHistory": {"history": [{"maxAge": 1, "epsActual": {}, "epsEstimate": {}, "epsDifference": {}, "surprisePercent": {}, "quarter": {}, "period": "-4q"}, {"maxAge": 1, "epsActual": {}, "epsEstimate": {}, "epsDifference": {}, "surprisePercent": {}, "quarter": {}, "period": "-3q"}, {"maxAge": 1, "epsActual": {}, "epsEstimate": {}, "epsDifference": {}, "surprisePercent": {}, "quarter": {}, "period": "-2q"}, {"maxAge": 1, "epsActual": {}, "epsEstimate": {}, "epsDifference": {}, "surprisePercent": {}, "quarter": {}, "period": "-1q"}], "maxAge": 86400}, "indexTrend": {"maxAge": 1, "symbol": "SP5", "peRatio": 19.7411, "pegRatio": 1.34172, "estimates": [{"period": "0q", "growth": 0.549}, {"period": "+1q", "growth": 0.431}, {"period": "0y", "growth": 0.305}, {"period": "+1y", "growth": 0.109}, {"period": "+5y", "growth": 0.120865}, {"period": "-5y"}]}, "industryTrend": {"maxAge": 1, "symbol": null, "estimates": []}, "insiderTransactions": {"transactions": [{"maxAge": 1, "shares": 130000, "filerUrl": "", "transactionText": "", "filerName": "Jain (Pradeep Kumar)", "filerRelation": "Executive Chairman", "moneyText": "", "startDate": "2019-12-20", "ownership": "D"}, {"maxAge": 1, "shares": 50000, "filerUrl": "", "transactionText": "", "filerName": "Jain (Pradeep Kumar)", "filerRelation": "Executive Chairman", "moneyText": "", "startDate": "2019-12-19", "ownership": "D"}, {"maxAge": 1, "shares": 250000, "filerUrl": "", "transactionText": "", "filerName": "Jain (Pradeep Kumar)", "filerRelation": "Executive Chairman", "moneyText": "", "startDate": "2019-12-18", "ownership": "D"}, {"maxAge": 1, "shares": 125000, "filerUrl": "", "transactionText": "", "filerName": "Jain (Pradeep Kumar)", "filerRelation": "Chairman of the Board", "moneyText": "", "startDate": "2019-12-17", "ownership": "D"}, {"maxAge": 1, "shares": 143980, "filerUrl": "", "transactionText": "", "filerName": "Jain (Pradeep Kumar)", "filerRelation": "Chairman of the Board", "moneyText": "", "startDate": "2019-12-13", "ownership": "D"}, {"maxAge": 1, "shares": 190863, "filerUrl": "", "transactionText": "", "filerName": "Jain (Nutan)", "filerRelation": "Promoter", "moneyText": "", "startDate": "2019-09-06", "ownership": "D"}, {"maxAge": 1, "shares": 65495861, "filerUrl": "", "transactionText": "", "filerName": "Jain (Pradeep Kumar)", "filerRelation": "Chairman of the Board", "moneyText": "", "startDate": "2019-09-05", "ownership": "D"}], "maxAge": 1}, "quoteType": {"exchange": "BSE", "quoteType": "EQUITY", "symbol": "PARSVNATH.BO", "underlyingSymbol": "PARSVNATH.BO", "shortName": "PARSVNATH DEVELOPERS LTD.", "longName": "Parsvnath Developers Limited", "firstTradeDateEpochUtc": "2006-11-30 09:15:00", "timeZoneFullName": "Asia/Kolkata", "timeZoneShortName": "IST", "uuid": "c6f2a4a8-76bc-306f-8eb9-d13fc6ec98ec", "gmtOffSetMilliseconds": 19800000, "maxAge": 1}, "incomeStatementHistory": {"incomeStatementHistory": [{"maxAge": 1, "endDate": "2020-03-31", "totalRevenue": 11914348000, "costOfRevenue": 9486330000, "grossProfit": 2428018000, "researchDevelopment": {}, "sellingGeneralAdministrative": 442438000, "nonRecurring": {}, "otherOperatingExpenses": 1241134000, "totalOperatingExpenses": 11440366000, "operatingIncome": 473982000, "totalOtherIncomeExpenseNet": -4225345000, "ebit": 473982000, "interestExpense": -4730962000, "incomeBeforeTax": -3751363000, "incomeTaxExpense": -118968000, "minorityInterest": 34976000, "netIncomeFromContinuingOps": -3632395000, "discontinuedOperations": {}, "extraordinaryItems": {}, "effectOfAccountingCharges": {}, "otherItems": {}, "netIncome": -3632395000, "netIncomeApplicableToCommonShares": -3632395000}, {"maxAge": 1, "endDate": "2019-03-31", "totalRevenue": 9110552000, "costOfRevenue": 8529952000, "grossProfit": 580600000, "researchDevelopment": {}, "sellingGeneralAdministrative": 421336000, "nonRecurring": {}, "otherOperatingExpenses": 667156000, "totalOperatingExpenses": 9907456000, "operatingIncome": -796904000, "totalOtherIncomeExpenseNet": -3219501000, "ebit": -796904000, "interestExpense": -3252337000, "incomeBeforeTax": -4016405000, "incomeTaxExpense": -342637000, "minorityInterest": 770670000, "netIncomeFromContinuingOps": -3673768000, "discontinuedOperations": {}, "extraordinaryItems": {}, "effectOfAccountingCharges": {}, "otherItems": {}, "netIncome": -3673768000, "netIncomeApplicableToCommonShares": -3673768000}, {"maxAge": 1, "endDate": "2018-03-31", "totalRevenue": 1936662000, "costOfRevenue": 1000606000, "grossProfit": 936056000, "researchDevelopment": {}, "sellingGeneralAdministrative": 515769000, "nonRecurring": {}, "otherOperatingExpenses": 620349000, "totalOperatingExpenses": 2439088000, "operatingIncome": -502426000, "totalOtherIncomeExpenseNet": -3092654000, "ebit": -502426000, "interestExpense": -3130487000, "incomeBeforeTax": -3595080000, "incomeTaxExpense": -355705000, "minorityInterest": 1627292000, "netIncomeFromContinuingOps": -3239375000, "discontinuedOperations": {}, "extraordinaryItems": {}, "effectOfAccountingCharges": {}, "otherItems": {}, "netIncome": -3239375000, "netIncomeApplicableToCommonShares": -3239375000}, {"maxAge": 1, "endDate": "2017-03-31", "totalRevenue": 2788955000, "costOfRevenue": 925983000, "grossProfit": 1862972000, "researchDevelopment": {}, "sellingGeneralAdministrative": 502656000, "nonRecurring": {}, "otherOperatingExpenses": 632373000, "totalOperatingExpenses": 2340421000, "operatingIncome": 448534000, "totalOtherIncomeExpenseNet": -2059659000, "ebit": 448534000, "interestExpense": -2223162000, "incomeBeforeTax": -1611125000, "incomeTaxExpense": -122421000, "minorityInterest": 1696016000, "netIncomeFromContinuingOps": -1488704000, "discontinuedOperations": {}, "extraordinaryItems": {}, "effectOfAccountingCharges": {}, "otherItems": {}, "netIncome": -1488704000, "netIncomeApplicableToCommonShares": -1488704000}], "maxAge": 86400}, "fundOwnership": {"ownershipList": [], "maxAge": 1}, "summaryDetail": {"maxAge": 1, "priceHint": 2, "previousClose": 7.9, "open": 7.94, "dayLow": 7.65, "dayHigh": 8.0, "regularMarketPreviousClose": 7.9, "regularMarketOpen": 7.94, "regularMarketDayLow": 7.65, "regularMarketDayHigh": 8.0, "volume": 17769, "regularMarketVolume": 17769, "averageVolume": 81183, "averageVolume10days": 19965, "averageDailyVolume10Day": 19965, "bid": 7.84, "ask": 7.9, "bidSize": 0, "askSize": 0, "marketCap": 3437929984, "fiftyTwoWeekLow": 1.2, "fiftyTwoWeekHigh": 8.0, "fiftyDayAverage": 5.192727, "twoHundredDayAverage": 3.521691, "currency": "INR", "fromCurrency": null, "lastMarket": null, "algorithm": null, "tradeable": false}, "sectorTrend": {"maxAge": 1, "symbol": null, "estimates": []}, "incomeStatementHistoryQuarterly": {"incomeStatementHistory": [{"maxAge": 1, "endDate": "2020-06-30", "totalRevenue": 233097000, "costOfRevenue": -4506000, "grossProfit": 237603000, "researchDevelopment": {}, "sellingGeneralAdministrative": 38679000, "nonRecurring": {}, "otherOperatingExpenses": 117783000, "totalOperatingExpenses": 242022000, "operatingIncome": -8925000, "totalOtherIncomeExpenseNet": -960853000, "ebit": -8925000, "interestExpense": -1093706000, "incomeBeforeTax": -969778000, "incomeTaxExpense": 15233000, "minorityInterest": {}, "netIncomeFromContinuingOps": -985011000, "discontinuedOperations": {}, "extraordinaryItems": {}, "effectOfAccountingCharges": {}, "otherItems": {}, "netIncome": -985011000, "netIncomeApplicableToCommonShares": -985011000}, {"maxAge": 1, "endDate": "2020-03-31", "totalRevenue": 10448160000, "costOfRevenue": 9219444000, "grossProfit": 1228716000, "researchDevelopment": {}, "sellingGeneralAdministrative": 266055000, "nonRecurring": {}, "otherOperatingExpenses": 170897000, "totalOperatingExpenses": 9724578000, "operatingIncome": 723582000, "totalOtherIncomeExpenseNet": -1356369000, "ebit": 723582000, "interestExpense": -1253073000, "incomeBeforeTax": -632787000, "incomeTaxExpense": -6096000, "minorityInterest": 34976000, "netIncomeFromContinuingOps": -626691000, "discontinuedOperations": {}, "extraordinaryItems": {}, "effectOfAccountingCharges": {}, "otherItems": {}, "netIncome": -626691000, "netIncomeApplicableToCommonShares": -626691000}, {"maxAge": 1, "endDate": "2019-12-31", "totalRevenue": 418038000, "costOfRevenue": 5641000, "grossProfit": 412397000, "researchDevelopment": {}, "sellingGeneralAdministrative": 57931000, "nonRecurring": {}, "otherOperatingExpenses": 428577000, "totalOperatingExpenses": 559731000, "operatingIncome": -141693000, "totalOtherIncomeExpenseNet": -963504000, "ebit": -141693000, "interestExpense": -1079582000, "incomeBeforeTax": -1105197000, "incomeTaxExpense": -19838000, "minorityInterest": 34976000, "netIncomeFromContinuingOps": -1085359000, "discontinuedOperations": {}, "extraordinaryItems": {}, "effectOfAccountingCharges": {}, "otherItems": {}, "netIncome": -1085359000, "netIncomeApplicableToCommonShares": -1085359000}, {"maxAge": 1, "endDate": "2019-09-30", "totalRevenue": 616096000, "costOfRevenue": 130417000, "grossProfit": 485679000, "researchDevelopment": {}, "sellingGeneralAdministrative": 60924000, "nonRecurring": {}, "otherOperatingExpenses": 466378000, "totalOperatingExpenses": 725130000, "operatingIncome": -109034000, "totalOtherIncomeExpenseNet": -836996000, "ebit": -109034000, "interestExpense": -1199280000, "incomeBeforeTax": -946030000, "incomeTaxExpense": 62577000, "minorityInterest": 571571000, "netIncomeFromContinuingOps": -1008607000, "discontinuedOperations": {}, "extraordinaryItems": {}, "effectOfAccountingCharges": {}, "otherItems": {}, "netIncome": -1008607000, "netIncomeApplicableToCommonShares": -1008607000}], "maxAge": 86400}, "cashflowStatementHistoryQuarterly": {"cashflowStatements": [{"maxAge": 1, "endDate": "2020-06-30", "netIncome": -985011000, "changeToLiabilities": 0}, {"maxAge": 1, "endDate": "2020-03-31", "netIncome": -626691000, "changeToLiabilities": 0}, {"maxAge": 1, "endDate": "2019-12-31", "netIncome": -1085359000, "changeToLiabilities": 0}, {"maxAge": 1, "endDate": "2019-09-30", "netIncome": -1008607000, "changeToLiabilities": 0}], "maxAge": 86400}, "insiderHolders": {"holders": [{"maxAge": 1, "name": "Jain (Nutan)", "relation": "Promoter", "url": "", "transactionDescription": "Other", "latestTransDate": "2019-09-06", "positionDirect": 44855111, "positionDirectDate": "2019-09-06"}, {"maxAge": 1, "name": "Jain (Pradeep Kumar)", "relation": "Executive Chairman", "url": "", "transactionDescription": "Acquisition", "latestTransDate": "2019-12-20", "positionDirect": 117452841, "positionDirectDate": "2019-12-20"}], "maxAge": 1}, "earnings": {"maxAge": 86400, "earningsChart": {"quarterly": [], "earningsDate": []}, "financialsChart": {"yearly": [{"date": 2017, "revenue": 2788955000, "earnings": -1488704000}, {"date": 2018, "revenue": 1936662000, "earnings": -3239375000}, {"date": 2019, "revenue": 9110552000, "earnings": -3673768000}, {"date": 2020, "revenue": 11914348000, "earnings": -3632395000}], "quarterly": [{"date": "3Q2019", "revenue": 616096000, "earnings": -1008607000}, {"date": "4Q2019", "revenue": 418038000, "earnings": -1085359000}, {"date": "1Q2020", "revenue": 10448160000, "earnings": -626691000}, {"date": "2Q2020", "revenue": 233097000, "earnings": -985011000}]}, "financialCurrency": "INR"}, "calendarEvents": {"maxAge": 1, "earnings": {"earningsDate": []}}, "upgradeDowngradeHistory": {"history": [], "maxAge": 86400}, "price": {"maxAge": 1, "regularMarketChangePercent": 0.0, "regularMarketChange": 0.0, "regularMarketTime": "2021-04-30 15:03:35", "priceHint": 2, "regularMarketPrice": 7.9, "regularMarketDayHigh": 8.0, "regularMarketDayLow": 7.65, "regularMarketVolume": 17769, "averageDailyVolume10Day": 19965, "averageDailyVolume3Month": 81183, "regularMarketPreviousClose": 7.9, "regularMarketSource": "FREE_REALTIME", "regularMarketOpen": 7.94, "exchange": "BSE", "exchangeName": "BSE", "exchangeDataDelayedBy": 0, "marketState": "CLOSED", "quoteType": "EQUITY", "symbol": "PARSVNATH.BO", "underlyingSymbol": null, "shortName": "PARSVNATH DEVELOPERS LTD.", "longName": "Parsvnath Developers Limited", "currency": "INR", "quoteSourceName": "Delayed Quote", "currencySymbol": "\u20b9", "fromCurrency": null, "lastMarket": null, "marketCap": 3437929984}, "balanceSheetHistory": {"balanceSheetStatements": [{"maxAge": 1, "endDate": "2020-03-31", "cash": 97992000, "netReceivables": 4875816000, "inventory": 46016589000, "otherCurrentAssets": 2094983000, "totalCurrentAssets": 53280599000, "longTermInvestments": 3922230000, "propertyPlantEquipment": 4450658000, "intangibleAssets": 12973563000, "otherAssets": 6264185000, "deferredLongTermAssetCharges": 2549530000, "totalAssets": 80891235000, "accountsPayable": 8526458000, "shortLongTermDebt": 7717401000, "otherCurrentLiab": 22746907000, "longTermDebt": 19738849000, "otherLiab": 1075999000, "deferredLongTermLiab": 1972989000, "minorityInterest": 34976000, "totalCurrentLiabilities": 50251699000, "totalLiab": 74782504000, "commonStock": 2175906000, "retainedEarnings": -11783671000, "treasuryStock": 1122373000, "capitalSurplus": 14559147000, "otherStockholderEquity": 1122373000, "totalStockholderEquity": 6073755000, "netTangibleAssets": -6899808000}, {"maxAge": 1, "endDate": "2019-03-31", "cash": 344571000, "netReceivables": 5111403000, "inventory": 52963002000, "otherCurrentAssets": 2164608000, "totalCurrentAssets": 61027779000, "longTermInvestments": 3513385000, "propertyPlantEquipment": 675395000, "goodWill": 687885000, "intangibleAssets": 12187718000, "otherAssets": 18786300000, "deferredLongTermAssetCharges": 2424975000, "totalAssets": 96878462000, "accountsPayable": 7944865000, "shortLongTermDebt": 6421535000, "otherCurrentLiab": 30235272000, "longTermDebt": 30966305000, "otherLiab": 908629000, "deferredLongTermLiab": 2146038000, "minorityInterest": 770670000, "totalCurrentLiabilities": 54808332000, "totalLiab": 86683266000, "commonStock": 2175906000, "retainedEarnings": -8318110000, "treasuryStock": 1007583000, "capitalSurplus": 14559147000, "otherStockholderEquity": 1007583000, "totalStockholderEquity": 9424526000, "netTangibleAssets": -3451077000}, {"maxAge": 1, "endDate": "2018-03-31", "cash": 84385000, "netReceivables": 12415848000, "inventory": 36886883000, "otherCurrentAssets": 2800278000, "totalCurrentAssets": 52459349000, "longTermInvestments": 628739000, "propertyPlantEquipment": 691929000, "goodWill": 687885000, "intangibleAssets": 11325178000, "otherAssets": 18110026000, "deferredLongTermAssetCharges": 1342426000, "totalAssets": 83903106000, "accountsPayable": 7641663000, "shortLongTermDebt": 7450260000, "otherCurrentLiab": 3919013000, "longTermDebt": 31923076000, "otherLiab": 852419000, "deferredLongTermLiab": 2322332000, "minorityInterest": 1627292000, "totalCurrentLiabilities": 27850728000, "totalLiab": 60626223000, "commonStock": 2175906000, "retainedEarnings": 3230309000, "treasuryStock": 1684229000, "capitalSurplus": 14559147000, "otherStockholderEquity": 1684229000, "totalStockholderEquity": 21649591000, "netTangibleAssets": 9636528000}, {"maxAge": 1, "endDate": "2017-03-31", "cash": 140223000, "netReceivables": 12282829000, "inventory": 33267343000, "otherCurrentAssets": 2536897000, "totalCurrentAssets": 48374966000, "longTermInvestments": 628596000, "propertyPlantEquipment": 686972000, "goodWill": 687885000, "intangibleAssets": 10628475000, "otherAssets": 18557386000, "deferredLongTermAssetCharges": 983711000, "totalAssets": 79564280000, "accountsPayable": 6954969000, "shortLongTermDebt": 1939644000, "otherCurrentLiab": 3419931000, "longTermDebt": 32564858000, "otherLiab": 701841000, "deferredLongTermLiab": 2579893000, "minorityInterest": 1696016000, "totalCurrentLiabilities": 19779661000, "totalLiab": 53046360000, "commonStock": 2175906000, "retainedEarnings": 6423460000, "treasuryStock": 1663391000, "capitalSurplus": 14559147000, "otherStockholderEquity": 1663391000, "totalStockholderEquity": 24821904000, "netTangibleAssets": 13505544000}], "maxAge": 86400}, "earningsTrend": {"trend": [{"maxAge": 1, "period": "0q", "endDate": null, "growth": {}, "earningsEstimate": {"avg": 0.0, "low": 0.0, "high": 0.0, "yearAgoEps": {}, "numberOfAnalysts": 0, "growth": {}}, "revenueEstimate": {"avg": 0, "low": 0, "high": 0, "numberOfAnalysts": 0, "yearAgoRevenue": {}, "growth": {}}, "epsTrend": {"current": 0.0, "7daysAgo": 0.0, "30daysAgo": 0.0, "60daysAgo": 0.0, "90daysAgo": 0.0}, "epsRevisions": {"upLast7days": 0, "upLast30days": 0, "downLast30days": 0, "downLast90days": {}}}, {"maxAge": 1, "period": "+1q", "endDate": null, "growth": {}, "earningsEstimate": {"avg": 0.0, "low": 0.0, "high": 0.0, "yearAgoEps": {}, "numberOfAnalysts": 0, "growth": {}}, "revenueEstimate": {"avg": 0, "low": 0, "high": 0, "numberOfAnalysts": 0, "yearAgoRevenue": {}, "growth": {}}, "epsTrend": {"current": 0.0, "7daysAgo": 0.0, "30daysAgo": 0.0, "60daysAgo": 0.0, "90daysAgo": 0.0}, "epsRevisions": {"upLast7days": 0, "upLast30days": 0, "downLast30days": 0, "downLast90days": {}}}, {"maxAge": 1, "period": "0y", "endDate": null, "growth": {}, "earningsEstimate": {"avg": 0.0, "low": 0.0, "high": 0.0, "yearAgoEps": {}, "numberOfAnalysts": 0, "growth": {}}, "revenueEstimate": {"avg": 0, "low": 0, "high": 0, "numberOfAnalysts": 0, "yearAgoRevenue": {}, "growth": {}}, "epsTrend": {"current": 0.0, "7daysAgo": 0.0, "30daysAgo": 0.0, "60daysAgo": 0.0, "90daysAgo": 0.0}, "epsRevisions": {"upLast7days": 0, "upLast30days": 0, "downLast30days": 0, "downLast90days": {}}}, {"maxAge": 1, "period": "+1y", "endDate": null, "growth": {}, "earningsEstimate": {"avg": 0.0, "low": 0.0, "high": 0.0, "yearAgoEps": {}, "numberOfAnalysts": 0, "growth": {}}, "revenueEstimate": {"avg": 0, "low": 0, "high": 0, "numberOfAnalysts": 0, "yearAgoRevenue": {}, "growth": {}}, "epsTrend": {"current": 0.0, "7daysAgo": 0.0, "30daysAgo": 0.0, "60daysAgo": 0.0, "90daysAgo": 0.0}, "epsRevisions": {"upLast7days": 0, "upLast30days": 0, "downLast30days": 0, "downLast90days": {}}}, {"maxAge": 1, "period": "+5y", "endDate": null, "growth": 0.093, "earningsEstimate": {"avg": {}, "low": {}, "high": {}, "yearAgoEps": {}, "numberOfAnalysts": {}, "growth": {}}, "revenueEstimate": {"avg": {}, "low": {}, "high": {}, "numberOfAnalysts": {}, "yearAgoRevenue": {}, "growth": {}}, "epsTrend": {"current": {}, "7daysAgo": {}, "30daysAgo": {}, "60daysAgo": {}, "90daysAgo": {}}, "epsRevisions": {"upLast7days": {}, "upLast30days": {}, "downLast30days": {}, "downLast90days": {}}}, {"maxAge": 1, "period": "-5y", "endDate": null, "growth": {}, "earningsEstimate": {"avg": {}, "low": {}, "high": {}, "yearAgoEps": {}, "numberOfAnalysts": {}, "growth": {}}, "revenueEstimate": {"avg": {}, "low": {}, "high": {}, "numberOfAnalysts": {}, "yearAgoRevenue": {}, "growth": {}}, "epsTrend": {"current": {}, "7daysAgo": {}, "30daysAgo": {}, "60daysAgo": {}, "90daysAgo": {}}, "epsRevisions": {"upLast7days": {}, "upLast30days": {}, "downLast30days": {}, "downLast90days": {}}}], "maxAge": 1}, "financialData": {"maxAge": 86400, "currentPrice": 7.9, "targetHighPrice": 36.0, "targetLowPrice": 36.0, "targetMeanPrice": 36.0, "targetMedianPrice": 36.0, "recommendationKey": "none", "numberOfAnalystOpinions": 1, "grossProfits": 2428018000, "financialCurrency": "INR"}}}