{"PARSVNATH.NS": {"assetProfile": {"address1": "Parsvnath Tower", "address2": "Near Shahdara Metro Station Shahdara", "city": "New Delhi", "zip": "110032", "country": "India", "phone": "91 11 4305 0100", "fax": "91 11 4305 0473", "website": "http://www.parsvnath.com", "industry": "Real Estate\u2014Development", "sector": "Real Estate", "longBusinessSummary": "Parsvnath Developers Limited engages in the real estate development business in India. It promotes, constructs, and develops integrated townships, residential and commercial complexes, multistoried buildings, flats, houses, apartments, shopping malls, IT parks, hotels, special economic zones, etc. The company was incorporated in 1990 and is based in New Delhi, India.", "fullTimeEmployees": 327, "companyOfficers": [{"maxAge": 1, "name": "Mr. Pradeep Kumar Jain", "age": 55, "title": "Founder & Chairman", "yearBorn": 1965, "fiscalYear": 2020, "totalPay": 0, "exercisedValue": 0, "unexercisedValue": 0}, {"maxAge": 1, "name": "Mr. Sanjeev Kumar Jain B.E. (Civil)", "age": 50, "title": "MD, CEO & Whole-time Director", "yearBorn": 1970, "fiscalYear": 2020, "totalPay": 0, "exercisedValue": 0, "unexercisedValue": 0}, {"maxAge": 1, "name": "Mr. Mukesh Chand Jain C.A., L.L.B.", "age": 61, "title": "Sr. VP of Corp. & Group CFO", "yearBorn": 1959, "exercisedValue": 0, "unexercisedValue": 0}, {"maxAge": 1, "name": "Mr. Kedar Nath Gupta", "age": 54, "title": "Sr. VP of Accounts", "yearBorn": 1966, "exercisedValue": 0, "unexercisedValue": 0}, {"maxAge": 1, "name": "Dr. Rajeev  Jain M.B.B.S.", "age": 47, "title": "Director of Marketing & Whole-Time Director", "yearBorn": 1973, "fiscalYear": 2020, "totalPay": 0, "exercisedValue": 0, "unexercisedValue": 0}, {"maxAge": 1, "name": "Dr. A. R. Jayanti L.L.B., M.A., M.B.A., Ph.D.", "age": 62, "title": "VP of Bus. Devel.", "yearBorn": 1958, "exercisedValue": 0, "unexercisedValue": 0}, {"maxAge": 1, "name": "Mr. Vivek  Garg B.Sc.", "age": 58, "title": "VP of Projects", "yearBorn": 1962, "exercisedValue": 0, "unexercisedValue": 0}, {"maxAge": 1, "name": "Ms. Rema  Menon M.B.A.", "age": 53, "title": "VP of Retail", "yearBorn": 1967, "exercisedValue": 0, "unexercisedValue": 0}, {"maxAge": 1, "name": "Bharat Bhushan Wadhwa", "age": 57, "title": "Additional VP of Sanctions", "yearBorn": 1963, "exercisedValue": 0, "unexercisedValue": 0}, {"maxAge": 1, "name": "Pankaj  Aggarwal", "age": 49, "title": "VP of Fin.", "yearBorn": 1971, "exercisedValue": 0, "unexercisedValue": 0}], "compensationAsOfEpochDate": "2020-12-31 05:30:00", "maxAge": 86400}, "cashflowStatementHistory": {"cashflowStatements": [{"maxAge": 1, "endDate": "2020-03-31", "netIncome": -3632395000, "depreciation": 270464000, "changeToNetincome": 3912730000, "changeToAccountReceivables": 120057000, "changeToLiabilities": 824294000, "changeToInventory": 8266162000, "changeToOperatingActivities": 5866225000, "totalCashFromOperatingActivities": 15627537000, "capitalExpenditures": -870347000, "investments": -408704000, "otherCashflowsFromInvestingActivities": 1160178000, "totalCashflowsFromInvestingActivities": -110921000, "netBorrowings": -10727680000, "otherCashflowsFromFinancingActivities": -5035515000, "totalCashFromFinancingActivities": -15763195000, "changeInCash": -246579000}, {"maxAge": 1, "endDate": "2019-03-31", "netIncome": -3673768000, "depreciation": 289012000, "changeToNetincome": 2769430000, "changeToAccountReceivables": -1281174000, "changeToLiabilities": 305462000, "changeToInventory": 7443455000, "changeToOperatingActivities": 7251526000, "totalCashFromOperatingActivities": 13103943000, "capitalExpenditures": -1192366000, "investments": -2884653000, "otherCashflowsFromInvestingActivities": 129041000, "totalCashflowsFromInvestingActivities": -4698561000, "netBorrowings": -1846951000, "otherCashflowsFromFinancingActivities": -6298245000, "totalCashFromFinancingActivities": -8145196000, "changeInCash": 260186000}, {"maxAge": 1, "endDate": "2018-03-31", "netIncome": -3239375000, "depreciation": 302364000, "changeToNetincome": 2638688000, "changeToAccountReceivables": -49398000, "changeToLiabilities": 689279000, "changeToInventory": -1194889000, "changeToOperatingActivities": 1699606000, "totalCashFromOperatingActivities": 846275000, "capitalExpenditures": -1027628000, "investments": 50000, "otherCashflowsFromInvestingActivities": 114899000, "totalCashflowsFromInvestingActivities": -904845000, "netBorrowings": 4887825000, "otherCashflowsFromFinancingActivities": -4885093000, "totalCashFromFinancingActivities": 2732000, "changeInCash": -55838000}, {"maxAge": 1, "endDate": "2017-03-31", "netIncome": -1488704000, "depreciation": 279409000, "changeToNetincome": 1904798000, "changeToAccountReceivables": 285400000, "changeToLiabilities": 164869000, "changeToInventory": -1463074000, "changeToOperatingActivities": -2999551000, "totalCashFromOperatingActivities": -3316853000, "capitalExpenditures": -700051000, "investments": 50000, "otherCashflowsFromInvestingActivities": 1023700000, "totalCashflowsFromInvestingActivities": -1521415000, "netBorrowings": 10149503000, "otherCashflowsFromFinancingActivities": -5544817000, "totalCashFromFinancingActivities": 4604686000, "changeInCash": -233582000}], "maxAge": 86400}, "institutionOwnership": {"ownershipList": [], "maxAge": 1}, "majorHoldersBreakdown": {"maxAge": 1}, "balanceSheetHistoryQuarterly": {"balanceSheetStatements": [{"maxAge": 1, "endDate": "2020-12-31", "totalStockholderEquity": 4155481000, "netTangibleAssets": -9059424000}, {"maxAge": 1, "endDate": "2020-09-30", "cash": 1051853000, "shortTermInvestments": 2290904000, "netReceivables": 3240045000, "inventory": 46627183000, "otherCurrentAssets": 1905226000, "totalCurrentAssets": 55115211000, "longTermInvestments": 4976346000, "propertyPlantEquipment": 4358393000, "intangibleAssets": 13214905000, "otherAssets": 4905334000, "deferredLongTermAssetCharges": 2513530000, "totalAssets": 82570189000, "accountsPayable": 8605856000, "otherCurrentLiab": 39063483000, "longTermDebt": 21806802000, "otherLiab": 578027000, "minorityInterest": 36338000, "totalCurrentLiabilities": 51768037000, "totalLiab": 78378370000, "commonStock": 2175906000, "treasuryStock": 1979575000, "otherStockholderEquity": 1979575000, "totalStockholderEquity": 4155481000, "netTangibleAssets": -9059424000}, {"maxAge": 1, "endDate": "2020-06-30", "totalStockholderEquity": 6073755000, "netTangibleAssets": -6899808000}, {"maxAge": 1, "endDate": "2020-03-31", "cash": 97992000, "netReceivables": 4875816000, "inventory": 46016589000, "otherCurrentAssets": 2094983000, "totalCurrentAssets": 53280599000, "longTermInvestments": 3922230000, "propertyPlantEquipment": 4450658000, "intangibleAssets": 12973563000, "otherAssets": 6264185000, "deferredLongTermAssetCharges": 2549530000, "totalAssets": 80891235000, "accountsPayable": 8526458000, "shortLongTermDebt": 7717401000, "otherCurrentLiab": 22746907000, "longTermDebt": 19738849000, "otherLiab": 1075999000, "deferredLongTermLiab": 1972989000, "minorityInterest": 34976000, "totalCurrentLiabilities": 50251699000, "totalLiab": 74782504000, "commonStock": 2175906000, "retainedEarnings": -11783671000, "treasuryStock": 1122373000, "capitalSurplus": 14559147000, "otherStockholderEquity": 1122373000, "totalStockholderEquity": 6073755000, "netTangibleAssets": -6899808000}], "maxAge": 86400}, "indexTrend": {"maxAge": 1, "symbol": "SP5", "peRatio": 19.7411, "pegRatio": 1.34172, "estimates": [{"period": "0q", "growth": 0.549}, {"period": "+1q", "growth": 0.431}, {"period": "0y", "growth": 0.305}, {"period": "+1y", "growth": 0.109}, {"period": "+5y", "growth": 0.120865}, {"period": "-5y"}]}, "defaultKeyStatistics": {"maxAge": 1, "priceHint": 2, "enterpriseValue": 30272731136, "profitMargins": -0.32819, "floatShares": 135525269, "sharesOutstanding": 435180992, "beta": 2.344449, "category": null, "bookValue": 9.558, "priceToBook": 0.8265328, "fundFamily": null, "legalType": null, "lastFiscalYearEnd": "2020-03-31 05:30:00", "nextFiscalYearEnd": "2022-03-31 05:30:00", "mostRecentQuarter": "2020-12-31 05:30:00", "netIncomeToCommon": -3809711104, "trailingEps": -8.756, "lastSplitFactor": "2:1", "lastSplitDate": "2010-10-18 05:30:00", "enterpriseToRevenue": 2.608, "enterpriseToEbitda": 43.306}, "summaryProfile": {"address1": "Parsvnath Tower", "address2": "Near Shahdara Metro Station Shahdara", "city": "New Delhi", "zip": "110032", "country": "India", "phone": "91 11 4305 0100", "fax": "91 11 4305 0473", "website": "http://www.parsvnath.com", "industry": "Real Estate\u2014Development", "sector": "Real Estate", "longBusinessSummary": "Parsvnath Developers Limited engages in the real estate development business in India. It promotes, constructs, and develops integrated townships, residential and commercial complexes, multistoried buildings, flats, houses, apartments, shopping malls, IT parks, hotels, special economic zones, etc. The company was incorporated in 1990 and is based in New Delhi, India.", "fullTimeEmployees": 327, "companyOfficers": [], "maxAge": 86400}, "netSharePurchaseActivity": {"maxAge": 1, "period": "6m", "buyInfoCount": 0, "buyInfoShares": 0, "sellInfoCount": 0, "netInfoCount": 0, "netInfoShares": 0, "totalInsiderShares": 0}, "insiderTransactions": {"transactions": [{"maxAge": 1, "shares": 130000, "filerUrl": "", "transactionText": "", "filerName": "Jain (Pradeep Kumar)", "filerRelation": "Executive Chairman", "moneyText": "", "startDate": "2019-12-20", "ownership": "D"}, {"maxAge": 1, "shares": 50000, "filerUrl": "", "transactionText": "", "filerName": "Jain (Pradeep Kumar)", "filerRelation": "Executive Chairman", "moneyText": "", "startDate": "2019-12-19", "ownership": "D"}, {"maxAge": 1, "shares": 250000, "filerUrl": "", "transactionText": "", "filerName": "Jain (Pradeep Kumar)", "filerRelation": "Executive Chairman", "moneyText": "", "startDate": "2019-12-18", "ownership": "D"}, {"maxAge": 1, "shares": 125000, "filerUrl": "", "transactionText": "", "filerName": "Jain (Pradeep Kumar)", "filerRelation": "Chairman of the Board", "moneyText": "", "startDate": "2019-12-17", "ownership": "D"}, {"maxAge": 1, "shares": 143980, "filerUrl": "", "transactionText": "", "filerName": "Jain (Pradeep Kumar)", "filerRelation": "Chairman of the Board", "moneyText": "", "startDate": "2019-12-13", "ownership": "D"}, {"maxAge": 1, "shares": 190863, "filerUrl": "", "transactionText": "", "filerName": "Jain (Nutan)", "filerRelation": "Promoter", "moneyText": "", "startDate": "2019-09-06", "ownership": "D"}, {"maxAge": 1, "shares": 65495861, "filerUrl": "", "transactionText": "", "filerName": "Jain (Pradeep Kumar)", "filerRelation": "Chairman of the Board", "moneyText": "", "startDate": "2019-09-05", "ownership": "D"}], "maxAge": 1}, "quoteType": {"exchange": "NSI", "quoteType": "EQUITY", "symbol": "PARSVNATH.NS", "underlyingSymbol": "PARSVNATH.NS", "shortName": "PARSVNATH DEVELOPE", "longName": "Parsvnath Developers Limited", "firstTradeDateEpochUtc": "2006-11-30 09:15:00", "timeZoneFullName": "Asia/Kolkata", "timeZoneShortName": "IST", "uuid": "9a9de7a5-2a78-31f6-8b0a-dd749e135d47", "gmtOffSetMilliseconds": 19800000, "maxAge": 1}, "incomeStatementHistory": {"incomeStatementHistory": [{"maxAge": 1, "endDate": "2020-03-31", "totalRevenue": 11914348000, "costOfRevenue": 9486330000, "grossProfit": 2428018000, "researchDevelopment": {}, "sellingGeneralAdministrative": 442438000, "nonRecurring": {}, "otherOperatingExpenses": 1241134000, "totalOperatingExpenses": 11440366000, "operatingIncome": 473982000, "totalOtherIncomeExpenseNet": -4225345000, "ebit": 473982000, "interestExpense": -4730962000, "incomeBeforeTax": -3751363000, "incomeTaxExpense": -118968000, "minorityInterest": 34976000, "netIncomeFromContinuingOps": -3632395000, "discontinuedOperations": {}, "extraordinaryItems": {}, "effectOfAccountingCharges": {}, "otherItems": {}, "netIncome": -3632395000, "netIncomeApplicableToCommonShares": -3632395000}, {"maxAge": 1, "endDate": "2019-03-31", "totalRevenue": 9110552000, "costOfRevenue": 8529952000, "grossProfit": 580600000, "researchDevelopment": {}, "sellingGeneralAdministrative": 421336000, "nonRecurring": {}, "otherOperatingExpenses": 667156000, "totalOperatingExpenses": 9907456000, "operatingIncome": -796904000, "totalOtherIncomeExpenseNet": -3219501000, "ebit": -796904000, "interestExpense": -3252337000, "incomeBeforeTax": -4016405000, "incomeTaxExpense": -342637000, "minorityInterest": 770670000, "netIncomeFromContinuingOps": -3673768000, "discontinuedOperations": {}, "extraordinaryItems": {}, "effectOfAccountingCharges": {}, "otherItems": {}, "netIncome": -3673768000, "netIncomeApplicableToCommonShares": -3673768000}, {"maxAge": 1, "endDate": "2018-03-31", "totalRevenue": 1936662000, "costOfRevenue": 1000606000, "grossProfit": 936056000, "researchDevelopment": {}, "sellingGeneralAdministrative": 515769000, "nonRecurring": {}, "otherOperatingExpenses": 620349000, "totalOperatingExpenses": 2439088000, "operatingIncome": -502426000, "totalOtherIncomeExpenseNet": -3092654000, "ebit": -502426000, "interestExpense": -3130487000, "incomeBeforeTax": -3595080000, "incomeTaxExpense": -355705000, "minorityInterest": 1627292000, "netIncomeFromContinuingOps": -3239375000, "discontinuedOperations": {}, "extraordinaryItems": {}, "effectOfAccountingCharges": {}, "otherItems": {}, "netIncome": -3239375000, "netIncomeApplicableToCommonShares": -3239375000}, {"maxAge": 1, "endDate": "2017-03-31", "totalRevenue": 2788955000, "costOfRevenue": 925983000, "grossProfit": 1862972000, "researchDevelopment": {}, "sellingGeneralAdministrative": 502656000, "nonRecurring": {}, "otherOperatingExpenses": 632373000, "totalOperatingExpenses": 2340421000, "operatingIncome": 448534000, "totalOtherIncomeExpenseNet": -2059659000, "ebit": 448534000, "interestExpense": -2223162000, "incomeBeforeTax": -1611125000, "incomeTaxExpense": -122421000, "minorityInterest": 1696016000, "netIncomeFromContinuingOps": -1488704000, "discontinuedOperations": {}, "extraordinaryItems": {}, "effectOfAccountingCharges": {}, "otherItems": {}, "netIncome": -1488704000, "netIncomeApplicableToCommonShares": -1488704000}], "maxAge": 86400}, "fundOwnership": {"ownershipList": [], "maxAge": 1}, "summaryDetail": {"maxAge": 1, "priceHint": 2, "previousClose": 7.95, "open": 7.9, "dayLow": 7.7, "dayHigh": 8.0, "regularMarketPreviousClose": 7.95, "regularMarketOpen": 7.9, "regularMarketDayLow": 7.7, "regularMarketDayHigh": 8.0, "exDividendDate": "2008-09-15 05:30:00", "payoutRatio": 0.0, "beta": 2.344449, "volume": 53949, "regularMarketVolume": 53949, "averageVolume": 302083, "averageVolume10days": 116207, "averageDailyVolume10Day": 116207, "bid": 0.0, "ask": 0.0, "bidSize": 0, "askSize": 0, "marketCap": 3416307712, "fiftyTwoWeekLow": 1.35, "fiftyTwoWeekHigh": 11.2, "priceToSalesTrailing12Months": 0.2942957, "fiftyDayAverage": 8.309091, "twoHundredDayAverage": 4.8760715, "currency": "INR", "fromCurrency": null, "lastMarket": null, "algorithm": null, "tradeable": false}, "incomeStatementHistoryQuarterly": {"incomeStatementHistory": [{"maxAge": 1, "endDate": "2020-12-31", "totalRevenue": 597384000, "costOfRevenue": 564549000, "grossProfit": 32835000, "researchDevelopment": {}, "sellingGeneralAdministrative": 45464000, "nonRecurring": {}, "otherOperatingExpenses": 96768000, "totalOperatingExpenses": 773152000, "operatingIncome": -175768000, "totalOtherIncomeExpenseNet": -1065627000, "ebit": -175768000, "interestExpense": -1202491000, "incomeBeforeTax": -1241395000, "incomeTaxExpense": 21829000, "minorityInterest": {}, "netIncomeFromContinuingOps": -1263224000, "discontinuedOperations": {}, "extraordinaryItems": {}, "effectOfAccountingCharges": {}, "otherItems": {}, "netIncome": -1263224000, "netIncomeApplicableToCommonShares": -1263224000}, {"maxAge": 1, "endDate": "2020-09-30", "totalRevenue": 329778000, "costOfRevenue": 54976000, "grossProfit": 274802000, "researchDevelopment": {}, "sellingGeneralAdministrative": 45754000, "nonRecurring": {}, "otherOperatingExpenses": 194045000, "totalOperatingExpenses": 339029000, "operatingIncome": -9251000, "totalOtherIncomeExpenseNet": -903244000, "ebit": -9251000, "interestExpense": -1041600000, "incomeBeforeTax": -912495000, "incomeTaxExpense": 22290000, "minorityInterest": 36338000, "netIncomeFromContinuingOps": -934785000, "discontinuedOperations": {}, "extraordinaryItems": {}, "effectOfAccountingCharges": {}, "otherItems": {}, "netIncome": -934785000, "netIncomeApplicableToCommonShares": -934785000}, {"maxAge": 1, "endDate": "2020-06-30", "totalRevenue": 233097000, "costOfRevenue": -4506000, "grossProfit": 237603000, "researchDevelopment": {}, "sellingGeneralAdministrative": 38679000, "nonRecurring": {}, "otherOperatingExpenses": 117783000, "totalOperatingExpenses": 242022000, "operatingIncome": -8925000, "totalOtherIncomeExpenseNet": -960853000, "ebit": -8925000, "interestExpense": -1093706000, "incomeBeforeTax": -969778000, "incomeTaxExpense": 15233000, "minorityInterest": 36338000, "netIncomeFromContinuingOps": -985011000, "discontinuedOperations": {}, "extraordinaryItems": {}, "effectOfAccountingCharges": {}, "otherItems": {}, "netIncome": -985011000, "netIncomeApplicableToCommonShares": -985011000}, {"maxAge": 1, "endDate": "2020-03-31", "totalRevenue": 10448160000, "costOfRevenue": 9219444000, "grossProfit": 1228716000, "researchDevelopment": {}, "sellingGeneralAdministrative": 266055000, "nonRecurring": {}, "otherOperatingExpenses": 170897000, "totalOperatingExpenses": 9724578000, "operatingIncome": 723582000, "totalOtherIncomeExpenseNet": -1356369000, "ebit": 723582000, "interestExpense": -1253073000, "incomeBeforeTax": -632787000, "incomeTaxExpense": -6096000, "minorityInterest": 34976000, "netIncomeFromContinuingOps": -626691000, "discontinuedOperations": {}, "extraordinaryItems": {}, "effectOfAccountingCharges": {}, "otherItems": {}, "netIncome": -626691000, "netIncomeApplicableToCommonShares": -626691000}], "maxAge": 86400}, "cashflowStatementHistoryQuarterly": {"cashflowStatements": [{"maxAge": 1, "endDate": "2020-12-31", "netIncome": -1263224000, "changeToLiabilities": 0}, {"maxAge": 1, "endDate": "2020-09-30", "netIncome": -934785000, "changeToLiabilities": 0}, {"maxAge": 1, "endDate": "2020-06-30", "netIncome": -985011000, "changeToLiabilities": 0}, {"maxAge": 1, "endDate": "2020-03-31", "netIncome": -626691000, "changeToLiabilities": 0}], "maxAge": 86400}, "insiderHolders": {"holders": [{"maxAge": 1, "name": "Jain (Nutan)", "relation": "Promoter", "url": "", "transactionDescription": "Other", "latestTransDate": "2019-09-06", "positionDirect": 44855111, "positionDirectDate": "2019-09-06"}, {"maxAge": 1, "name": "Jain (Pradeep Kumar)", "relation": "Executive Chairman", "url": "", "transactionDescription": "Acquisition", "latestTransDate": "2019-12-20", "positionDirect": 117452841, "positionDirectDate": "2019-12-20"}], "maxAge": 1}, "calendarEvents": {"maxAge": 1, "earnings": {"earningsDate": []}, "exDividendDate": "2008-09-15 05:30:00"}, "upgradeDowngradeHistory": {"history": [], "maxAge": 86400}, "price": {"maxAge": 1, "regularMarketChangePercent": -0.006289272, "regularMarketChange": -0.049999714, "regularMarketTime": "2021-04-30 15:29:02", "priceHint": 2, "regularMarketPrice": 7.9, "regularMarketDayHigh": 8.0, "regularMarketDayLow": 7.7, "regularMarketVolume": 53949, "averageDailyVolume10Day": 116207, "averageDailyVolume3Month": 302083, "regularMarketPreviousClose": 7.95, "regularMarketSource": "FREE_REALTIME", "regularMarketOpen": 7.9, "exchange": "NSI", "exchangeName": "NSE", "exchangeDataDelayedBy": 15, "marketState": "CLOSED", "quoteType": "EQUITY", "symbol": "PARSVNATH.NS", "underlyingSymbol": null, "shortName": "PARSVNATH DEVELOPE", "longName": "Parsvnath Developers Limited", "currency": "INR", "quoteSourceName": "Delayed Quote", "currencySymbol": "\u20b9", "fromCurrency": null, "lastMarket": null, "marketCap": 3416307712}, "balanceSheetHistory": {"balanceSheetStatements": [{"maxAge": 1, "endDate": "2020-03-31", "cash": 97992000, "netReceivables": 4875816000, "inventory": 46016589000, "otherCurrentAssets": 2094983000, "totalCurrentAssets": 53280599000, "longTermInvestments": 3922230000, "propertyPlantEquipment": 4450658000, "intangibleAssets": 12973563000, "otherAssets": 6264185000, "deferredLongTermAssetCharges": 2549530000, "totalAssets": 80891235000, "accountsPayable": 8526458000, "shortLongTermDebt": 7717401000, "otherCurrentLiab": 22746907000, "longTermDebt": 19738849000, "otherLiab": 1075999000, "deferredLongTermLiab": 1972989000, "minorityInterest": 34976000, "totalCurrentLiabilities": 50251699000, "totalLiab": 74782504000, "commonStock": 2175906000, "retainedEarnings": -11783671000, "treasuryStock": 1122373000, "capitalSurplus": 14559147000, "otherStockholderEquity": 1122373000, "totalStockholderEquity": 6073755000, "netTangibleAssets": -6899808000}, {"maxAge": 1, "endDate": "2019-03-31", "cash": 344571000, "netReceivables": 5111403000, "inventory": 52963002000, "otherCurrentAssets": 2164608000, "totalCurrentAssets": 61027779000, "longTermInvestments": 3513385000, "propertyPlantEquipment": 675395000, "goodWill": 687885000, "intangibleAssets": 12187718000, "otherAssets": 18786300000, "deferredLongTermAssetCharges": 2424975000, "totalAssets": 96878462000, "accountsPayable": 7944865000, "shortLongTermDebt": 6421535000, "otherCurrentLiab": 30235272000, "longTermDebt": 30966305000, "otherLiab": 908629000, "deferredLongTermLiab": 2146038000, "minorityInterest": 770670000, "totalCurrentLiabilities": 54808332000, "totalLiab": 86683266000, "commonStock": 2175906000, "retainedEarnings": -8318110000, "treasuryStock": 1007583000, "capitalSurplus": 14559147000, "otherStockholderEquity": 1007583000, "totalStockholderEquity": 9424526000, "netTangibleAssets": -3451077000}, {"maxAge": 1, "endDate": "2018-03-31", "cash": 84385000, "netReceivables": 12415848000, "inventory": 36886883000, "otherCurrentAssets": 2800278000, "totalCurrentAssets": 52459349000, "longTermInvestments": 628739000, "propertyPlantEquipment": 691929000, "goodWill": 687885000, "intangibleAssets": 11325178000, "otherAssets": 18110026000, "deferredLongTermAssetCharges": 1342426000, "totalAssets": 83903106000, "accountsPayable": 7641663000, "shortLongTermDebt": 7450260000, "otherCurrentLiab": 3919013000, "longTermDebt": 31923076000, "otherLiab": 852419000, "deferredLongTermLiab": 2322332000, "minorityInterest": 1627292000, "totalCurrentLiabilities": 27850728000, "totalLiab": 60626223000, "commonStock": 2175906000, "retainedEarnings": 3230309000, "treasuryStock": 1684229000, "capitalSurplus": 14559147000, "otherStockholderEquity": 1684229000, "totalStockholderEquity": 21649591000, "netTangibleAssets": 9636528000}, {"maxAge": 1, "endDate": "2017-03-31", "cash": 140223000, "netReceivables": 12282829000, "inventory": 33267343000, "otherCurrentAssets": 2536897000, "totalCurrentAssets": 48374966000, "longTermInvestments": 628596000, "propertyPlantEquipment": 686972000, "goodWill": 687885000, "intangibleAssets": 10628475000, "otherAssets": 18557386000, "deferredLongTermAssetCharges": 983711000, "totalAssets": 79564280000, "accountsPayable": 6954969000, "shortLongTermDebt": 1939644000, "otherCurrentLiab": 3419931000, "longTermDebt": 32564858000, "otherLiab": 701841000, "deferredLongTermLiab": 2579893000, "minorityInterest": 1696016000, "totalCurrentLiabilities": 19779661000, "totalLiab": 53046360000, "commonStock": 2175906000, "retainedEarnings": 6423460000, "treasuryStock": 1663391000, "capitalSurplus": 14559147000, "otherStockholderEquity": 1663391000, "totalStockholderEquity": 24821904000, "netTangibleAssets": 13505544000}], "maxAge": 86400}, "financialData": {"maxAge": 86400, "currentPrice": 7.9, "recommendationKey": "none", "totalCash": 3342757120, "totalCashPerShare": 7.7, "ebitda": 699046272, "totalDebt": 30128074752, "totalRevenue": 11608419328, "debtToEquity": 718.735, "revenuePerShare": 26.681, "grossProfits": 2428018000, "revenueGrowth": 0.429, "grossMargins": 0.15281999, "ebitdaMargins": 0.06022, "operatingMargins": 0.04563, "profitMargins": -0.32819, "financialCurrency": "INR"}}}