{"PARSHWANA.BO": {"cashflowStatementHistory": {"cashflowStatements": [{"maxAge": 1, "endDate": "2020-03-31", "netIncome": 7335000, "depreciation": 953000, "changeToNetincome": -4233000, "changeToLiabilities": 628000, "changeToInventory": -1767000, "changeToOperatingActivities": 87000, "totalCashFromOperatingActivities": 3003000, "otherCashflowsFromInvestingActivities": 6049000, "totalCashflowsFromInvestingActivities": 6051000, "changeInCash": 9053000}, {"maxAge": 1, "endDate": "2019-03-31", "netIncome": 4593000, "depreciation": 953000, "changeToNetincome": -4966000, "changeToLiabilities": -210000, "changeToInventory": -215000, "changeToOperatingActivities": -274000, "totalCashFromOperatingActivities": -119000, "otherCashflowsFromInvestingActivities": 5688000, "totalCashflowsFromInvestingActivities": 6288000, "netBorrowings": -100000, "totalCashFromFinancingActivities": -100000, "changeInCash": 6070000}, {"maxAge": 1, "endDate": "2018-03-31", "netIncome": -331000, "depreciation": 1037000, "changeToNetincome": -7341000, "changeToLiabilities": 150000, "changeToInventory": -842000, "changeToOperatingActivities": 291000, "totalCashFromOperatingActivities": -7036000, "otherCashflowsFromInvestingActivities": 5480000, "totalCashflowsFromInvestingActivities": 5480000, "netBorrowings": 100000, "totalCashFromFinancingActivities": 100000, "changeInCash": -1456000}, {"maxAge": 1, "endDate": "2017-03-31", "netIncome": 1273000, "depreciation": 1037000, "changeToNetincome": -6291000, "changeToLiabilities": -189000, "changeToInventory": -28000, "changeToOperatingActivities": -17000, "totalCashFromOperatingActivities": -4215000, "otherCashflowsFromInvestingActivities": 6039000, "totalCashflowsFromInvestingActivities": 6039000, "netBorrowings": 100000, "totalCashFromFinancingActivities": 100000, "changeInCash": 1825000}], "maxAge": 86400}, "institutionOwnership": {"maxAge": 1, "ownershipList": []}, "balanceSheetHistoryQuarterly": {"balanceSheetStatements": [{"maxAge": 1, "endDate": "2020-06-30", "totalStockholderEquity": 100122000, "netTangibleAssets": 100122000}, {"maxAge": 1, "endDate": "2020-03-31", "cash": 92135000, "netReceivables": 1117000, "inventory": 2893000, "otherCurrentAssets": 27000, "totalCurrentAssets": 96172000, "longTermInvestments": 22000, "propertyPlantEquipment": 418000, "otherAssets": 4919000, "totalAssets": 101531000, "accountsPayable": 995000, "otherCurrentLiab": 112000, "otherLiab": 234000, "totalCurrentLiabilities": 1175000, "totalLiab": 1409000, "commonStock": 31318000, "treasuryStock": 68804000, "otherStockholderEquity": 68804000, "totalStockholderEquity": 100122000, "netTangibleAssets": 100122000}, {"maxAge": 1, "endDate": "2019-12-31", "totalStockholderEquity": 96909000, "netTangibleAssets": 96909000}, {"maxAge": 1, "endDate": "2019-09-30", "cash": 88830000, "netReceivables": 1428000, "inventory": 1256000, "otherCurrentAssets": 333000, "totalCurrentAssets": 91847000, "longTermInvestments": 26000, "propertyPlantEquipment": 895000, "otherAssets": 4902000, "totalAssets": 97670000, "accountsPayable": 327000, "otherCurrentLiab": 201000, "otherLiab": 190000, "totalCurrentLiabilities": 571000, "totalLiab": 761000, "commonStock": 31318000, "treasuryStock": 65591000, "otherStockholderEquity": 65591000, "totalStockholderEquity": 96909000, "netTangibleAssets": 96909000}], "maxAge": 86400}, "indexTrend": {"maxAge": 1, "symbol": "SP5", "peRatio": 19.7411, "pegRatio": 1.34172, "estimates": [{"period": "0q", "growth": 0.549}, {"period": "+1q", "growth": 0.431}, {"period": "0y", "growth": 0.305}, {"period": "+1y", "growth": 0.109}, {"period": "+5y", "growth": 0.120859005}, {"period": "-5y"}]}, "insiderTransactions": {"transactions": [{"maxAge": 1, "shares": 0, "filerUrl": "", "transactionText": "", "filerName": "Patel (Raj Rushabh)", "filerRelation": "Promoter", "moneyText": "", "startDate": "2020-03-17", "ownership": "I"}, {"maxAge": 1, "shares": 632763, "filerUrl": "", "transactionText": "", "filerName": "Patel (Rushabh Navnitbhai)", "filerRelation": "Managing Director", "moneyText": "", "startDate": "2020-03-17", "ownership": "D"}, {"maxAge": 1, "shares": 452443, "filerUrl": "", "transactionText": "", "filerName": "Patel (Rushabh Navnitbhai)", "filerRelation": "Managing Director", "moneyText": "", "startDate": "2020-03-17", "ownership": "D"}, {"maxAge": 1, "shares": 0, "filerUrl": "", "transactionText": "", "filerName": "Patel (Rushabh Navnitbhai)", "filerRelation": "Managing Director", "moneyText": "", "startDate": "2020-03-17", "ownership": "I"}, {"maxAge": 1, "shares": 0, "filerUrl": "", "transactionText": "", "filerName": "Patel (Rushabh Navnitbhai)", "filerRelation": "Managing Director", "moneyText": "", "startDate": "2020-03-17", "ownership": "I"}, {"maxAge": 1, "shares": 1085206, "filerUrl": "", "transactionText": "", "filerName": "Patel (Raj Rushabh)", "filerRelation": "Promoter", "moneyText": "", "startDate": "2020-03-16", "ownership": "D"}, {"maxAge": 1, "shares": 1085206, "filerUrl": "", "transactionText": "", "filerName": "Patel (Rushabh Navnitbhai)", "filerRelation": "Managing Director", "moneyText": "", "startDate": "2020-03-16", "ownership": "D"}], "maxAge": 1}, "quoteType": {"exchange": "BSE", "quoteType": "EQUITY", "symbol": "PARSHWANA.BO", "underlyingSymbol": "PARSHWANA.BO", "shortName": "PARSHWANATH CORPORATION LTD.", "longName": "Parshwanath Corporation Limited", "firstTradeDateEpochUtc": "2007-10-11 09:15:00", "timeZoneFullName": "Asia/Kolkata", "timeZoneShortName": "IST", "uuid": "20767331-34d3-31b7-9b01-56facb049488", "messageBoardId": null, "gmtOffSetMilliseconds": 19800000, "maxAge": 1}, "incomeStatementHistory": {"incomeStatementHistory": [{"maxAge": 1, "endDate": "2020-03-31", "totalRevenue": 16030000, "costOfRevenue": 0, "grossProfit": 16030000, "researchDevelopment": {}, "sellingGeneralAdministrative": 2737000, "nonRecurring": {}, "otherOperatingExpenses": 4559000, "totalOperatingExpenses": 8249000, "operatingIncome": 7781000, "totalOtherIncomeExpenseNet": 988000, "ebit": 0, "interestExpense": {}, "incomeBeforeTax": 8769000, "incomeTaxExpense": 1434000, "minorityInterest": {}, "netIncomeFromContinuingOps": 7335000, "discontinuedOperations": {}, "extraordinaryItems": {}, "effectOfAccountingCharges": {}, "otherItems": {}, "netIncome": 7335000, "netIncomeApplicableToCommonShares": 7335000}, {"maxAge": 1, "endDate": "2019-03-31", "totalRevenue": 12180000, "costOfRevenue": 516000, "grossProfit": 11664000, "researchDevelopment": {}, "sellingGeneralAdministrative": 2538000, "nonRecurring": {}, "otherOperatingExpenses": 3436000, "totalOperatingExpenses": 7443000, "operatingIncome": 4737000, "totalOtherIncomeExpenseNet": 986000, "ebit": 0, "interestExpense": {}, "incomeBeforeTax": 5723000, "incomeTaxExpense": 1130000, "minorityInterest": {}, "netIncomeFromContinuingOps": 4593000, "discontinuedOperations": {}, "extraordinaryItems": {}, "effectOfAccountingCharges": {}, "otherItems": {}, "netIncome": 4593000, "netIncomeApplicableToCommonShares": 4593000}, {"maxAge": 1, "endDate": "2018-03-31", "totalRevenue": 8564000, "costOfRevenue": 1630000, "grossProfit": 6934000, "researchDevelopment": {}, "sellingGeneralAdministrative": 2208000, "nonRecurring": {}, "otherOperatingExpenses": 4434000, "totalOperatingExpenses": 9309000, "operatingIncome": -745000, "totalOtherIncomeExpenseNet": 427000, "ebit": 0, "interestExpense": {}, "incomeBeforeTax": -318000, "incomeTaxExpense": 13000, "minorityInterest": {}, "netIncomeFromContinuingOps": -331000, "discontinuedOperations": {}, "extraordinaryItems": {}, "effectOfAccountingCharges": {}, "otherItems": {}, "netIncome": -331000, "netIncomeApplicableToCommonShares": -331000}, {"maxAge": 1, "endDate": "2017-03-31", "totalRevenue": 8498000, "costOfRevenue": 1118000, "grossProfit": 7380000, "researchDevelopment": {}, "sellingGeneralAdministrative": 1868000, "nonRecurring": {}, "otherOperatingExpenses": 3254000, "totalOperatingExpenses": 7277000, "operatingIncome": 1221000, "totalOtherIncomeExpenseNet": 414000, "ebit": 0, "interestExpense": {}, "incomeBeforeTax": 1635000, "incomeTaxExpense": 362000, "minorityInterest": {}, "netIncomeFromContinuingOps": 1273000, "discontinuedOperations": {}, "extraordinaryItems": {}, "effectOfAccountingCharges": {}, "otherItems": {}, "netIncome": 1273000, "netIncomeApplicableToCommonShares": 1273000}], "maxAge": 86400}, "fundOwnership": {"maxAge": 1, "ownershipList": []}, "summaryDetail": {"maxAge": 1, "priceHint": 2, "previousClose": 28.5, "open": 26.95, "dayLow": 26.95, "dayHigh": 28.5, "regularMarketPreviousClose": 28.5, "regularMarketOpen": 26.95, "regularMarketDayLow": 26.95, "regularMarketDayHigh": 28.5, "trailingPE": 13.487932, "volume": 13, "regularMarketVolume": 13, "averageVolume": 874, "averageVolume10days": 311, "averageDailyVolume10Day": 311, "bid": 27.1, "ask": 28.5, "bidSize": 0, "askSize": 0, "marketCap": 89257440, "fiftyTwoWeekLow": 12.16, "fiftyTwoWeekHigh": 28.5, "fiftyDayAverage": 19.562857, "twoHundredDayAverage": 16.196205, "currency": "INR", "fromCurrency": null, "toCurrency": null, "lastMarket": null, "algorithm": null, "tradeable": false}, "incomeStatementHistoryQuarterly": {"incomeStatementHistory": [{"maxAge": 1, "endDate": "2020-06-30", "totalRevenue": 1602000, "costOfRevenue": 0, "grossProfit": 1602000, "researchDevelopment": {}, "sellingGeneralAdministrative": 702000, "nonRecurring": {}, "otherOperatingExpenses": 864000, "totalOperatingExpenses": 1566000, "operatingIncome": 36000, "totalOtherIncomeExpenseNet": 427000, "ebit": 0, "interestExpense": {}, "incomeBeforeTax": 463000, "incomeTaxExpense": 74000, "minorityInterest": {}, "netIncomeFromContinuingOps": 389000, "discontinuedOperations": {}, "extraordinaryItems": {}, "effectOfAccountingCharges": {}, "otherItems": {}, "netIncome": 389000, "netIncomeApplicableToCommonShares": 389000}, {"maxAge": 1, "endDate": "2020-03-31", "totalRevenue": 4098000, "costOfRevenue": 0, "grossProfit": 4098000, "researchDevelopment": {}, "sellingGeneralAdministrative": 722000, "nonRecurring": {}, "otherOperatingExpenses": 1101000, "totalOperatingExpenses": 2061000, "operatingIncome": 2037000, "totalOtherIncomeExpenseNet": -60000, "ebit": 0, "interestExpense": {}, "incomeBeforeTax": 1977000, "incomeTaxExpense": 317000, "minorityInterest": {}, "netIncomeFromContinuingOps": 1660000, "discontinuedOperations": {}, "extraordinaryItems": {}, "effectOfAccountingCharges": {}, "otherItems": {}, "netIncome": 1660000, "netIncomeApplicableToCommonShares": 1660000}, {"maxAge": 1, "endDate": "2019-12-31", "totalRevenue": 3734000, "costOfRevenue": 0, "grossProfit": 3734000, "researchDevelopment": {}, "sellingGeneralAdministrative": 797000, "nonRecurring": {}, "otherOperatingExpenses": 1211000, "totalOperatingExpenses": 2246000, "operatingIncome": 1488000, "totalOtherIncomeExpenseNet": 373000, "ebit": 0, "interestExpense": {}, "incomeBeforeTax": 1861000, "incomeTaxExpense": 299000, "minorityInterest": {}, "netIncomeFromContinuingOps": 1562000, "discontinuedOperations": {}, "extraordinaryItems": {}, "effectOfAccountingCharges": {}, "otherItems": {}, "netIncome": 1562000, "netIncomeApplicableToCommonShares": 1562000}, {"maxAge": 1, "endDate": "2019-09-30", "totalRevenue": 4921000, "costOfRevenue": 0, "grossProfit": 4921000, "researchDevelopment": {}, "sellingGeneralAdministrative": 596000, "nonRecurring": {}, "otherOperatingExpenses": 879000, "totalOperatingExpenses": 1713000, "operatingIncome": 3208000, "totalOtherIncomeExpenseNet": 454000, "ebit": 0, "interestExpense": {}, "incomeBeforeTax": 3662000, "incomeTaxExpense": 568000, "minorityInterest": {}, "netIncomeFromContinuingOps": 3094000, "discontinuedOperations": {}, "extraordinaryItems": {}, "effectOfAccountingCharges": {}, "otherItems": {}, "netIncome": 3094000, "netIncomeApplicableToCommonShares": 3094000}], "maxAge": 86400}, "cashflowStatementHistoryQuarterly": {"cashflowStatements": [{"maxAge": 1, "endDate": "2020-06-30", "netIncome": 389000, "changeToLiabilities": 0}, {"maxAge": 1, "endDate": "2020-03-31", "netIncome": 1660000, "changeToLiabilities": 0}, {"maxAge": 1, "endDate": "2019-12-31", "netIncome": 1562000, "changeToLiabilities": 0}, {"maxAge": 1, "endDate": "2019-09-30", "netIncome": 3094000, "changeToLiabilities": 0}], "maxAge": 86400}, "insiderHolders": {"holders": [{"maxAge": 1, "name": "Patel (Raj Rushabh)", "relation": "Promoter", "url": "", "transactionDescription": "Purchase", "latestTransDate": "2020-03-17", "positionIndirect": 1154135, "positionIndirectDate": 1584403200}, {"maxAge": 1, "name": "Patel (Rushabh Navnitbhai)", "relation": "Managing Director", "url": "", "transactionDescription": "Purchase", "latestTransDate": "2020-03-17", "positionDirect": 1154135, "positionDirectDate": "2020-03-17"}], "maxAge": 1}, "calendarEvents": {"maxAge": 1, "earnings": {"earningsDate": []}}, "price": {"maxAge": 1, "regularMarketChangePercent": 0.0, "regularMarketChange": 0.0, "regularMarketTime": "2021-04-29 15:22:41", "priceHint": 2, "regularMarketPrice": 28.5, "regularMarketDayHigh": 28.5, "regularMarketDayLow": 26.95, "regularMarketVolume": 13, "averageDailyVolume10Day": 311, "averageDailyVolume3Month": 874, "regularMarketPreviousClose": 28.5, "regularMarketSource": "FREE_REALTIME", "regularMarketOpen": 26.95, "exchange": "BSE", "exchangeName": "BSE", "exchangeDataDelayedBy": 0, "marketState": "CLOSED", "quoteType": "EQUITY", "symbol": "PARSHWANA.BO", "underlyingSymbol": null, "shortName": "PARSHWANATH CORPORATION LTD.", "longName": "Parshwanath Corporation Limited", "currency": "INR", "quoteSourceName": "Delayed Quote", "currencySymbol": "\u20b9", "fromCurrency": null, "toCurrency": null, "lastMarket": null, "marketCap": 89257440}, "balanceSheetHistory": {"balanceSheetStatements": [{"maxAge": 1, "endDate": "2020-03-31", "cash": 92135000, "netReceivables": 1117000, "inventory": 2893000, "otherCurrentAssets": 27000, "totalCurrentAssets": 96172000, "longTermInvestments": 22000, "propertyPlantEquipment": 418000, "otherAssets": 4919000, "totalAssets": 101531000, "accountsPayable": 995000, "otherCurrentLiab": 112000, "otherLiab": 234000, "totalCurrentLiabilities": 1175000, "totalLiab": 1409000, "commonStock": 31318000, "treasuryStock": 68804000, "otherStockholderEquity": 68804000, "totalStockholderEquity": 100122000, "netTangibleAssets": 100122000}, {"maxAge": 1, "endDate": "2019-03-31", "cash": 83082000, "netReceivables": 2918000, "inventory": 1126000, "otherCurrentAssets": 34000, "totalCurrentAssets": 87197000, "propertyPlantEquipment": 1372000, "otherAssets": 4888000, "totalAssets": 93457000, "accountsPayable": 412000, "otherLiab": 190000, "totalCurrentLiabilities": 472000, "totalLiab": 662000, "commonStock": 31318000, "retainedEarnings": 61111000, "treasuryStock": 184000, "capitalSurplus": 182000, "otherStockholderEquity": 184000, "totalStockholderEquity": 92795000, "netTangibleAssets": 92795000}, {"maxAge": 1, "endDate": "2018-03-31", "cash": 77012000, "netReceivables": 4176000, "inventory": 911000, "otherCurrentAssets": 270000, "totalCurrentAssets": 82443000, "longTermInvestments": 577000, "propertyPlantEquipment": 2354000, "otherAssets": 4590000, "totalAssets": 89387000, "accountsPayable": 647000, "otherCurrentLiab": 212000, "otherLiab": 161000, "totalCurrentLiabilities": 1029000, "totalLiab": 1190000, "commonStock": 31318000, "retainedEarnings": 56512000, "treasuryStock": 185000, "capitalSurplus": 182000, "otherStockholderEquity": 185000, "totalStockholderEquity": 88197000, "netTangibleAssets": 88197000}, {"maxAge": 1, "endDate": "2017-03-31", "cash": 78468000, "netReceivables": 1898000, "inventory": 70000, "otherCurrentAssets": 293000, "totalCurrentAssets": 80819000, "longTermInvestments": 502000, "propertyPlantEquipment": 3390000, "otherAssets": 4557000, "totalAssets": 89268000, "accountsPayable": 557000, "otherLiab": 137000, "totalCurrentLiabilities": 613000, "totalLiab": 750000, "commonStock": 31318000, "retainedEarnings": 56834000, "treasuryStock": 184000, "capitalSurplus": 182000, "otherStockholderEquity": 184000, "totalStockholderEquity": 88518000, "netTangibleAssets": 88518000}], "maxAge": 86400}, "financialData": {"maxAge": 86400, "currentPrice": 28.5, "recommendationKey": "none", "grossProfits": 16030000, "financialCurrency": "INR"}}}