{"PASUPTAC.BO": {"recommendationTrend": {"trend": [{"period": "0m", "strongBuy": 0, "buy": 0, "hold": 0, "sell": 0, "strongSell": 0}, {"period": "-1m", "strongBuy": 0, "buy": 0, "hold": 0, "sell": 0, "strongSell": 0}, {"period": "-2m", "strongBuy": 0, "buy": 0, "hold": 0, "sell": 0, "strongSell": 0}, {"period": "-3m", "strongBuy": 0, "buy": 0, "hold": 0, "sell": 0, "strongSell": 0}], "maxAge": 86400}, "cashflowStatementHistory": {"cashflowStatements": [{"maxAge": 1, "endDate": "2020-03-31", "netIncome": 130496000, "depreciation": 66554000, "changeToNetincome": 57740000, "changeToAccountReceivables": 326190000, "changeToLiabilities": -240158000, "changeToInventory": -207542000, "changeToOperatingActivities": -151406000, "totalCashFromOperatingActivities": -18126000, "capitalExpenditures": -46765000, "investments": 305448000, "otherCashflowsFromInvestingActivities": 29272000, "totalCashflowsFromInvestingActivities": 288274000, "netBorrowings": -1835000, "otherCashflowsFromFinancingActivities": -49897000, "totalCashFromFinancingActivities": -51732000, "changeInCash": 218416000}, {"maxAge": 1, "endDate": "2019-03-31", "netIncome": 273786000, "depreciation": 57597000, "changeToNetincome": 60098000, "changeToAccountReceivables": -206230000, "changeToLiabilities": 93546000, "changeToInventory": 262463000, "changeToOperatingActivities": 48748000, "totalCashFromOperatingActivities": 590008000, "capitalExpenditures": -265033000, "investments": 104206000, "otherCashflowsFromInvestingActivities": 56528000, "totalCashflowsFromInvestingActivities": -104299000, "netBorrowings": -36577000, "otherCashflowsFromFinancingActivities": -81684000, "totalCashFromFinancingActivities": -118261000, "changeInCash": 367449000}, {"maxAge": 1, "endDate": "2018-03-31", "netIncome": 280059000, "depreciation": 52434000, "changeToNetincome": 131842000, "changeToAccountReceivables": -147283000, "changeToLiabilities": 501607000, "changeToInventory": -162196000, "changeToOperatingActivities": 16195000, "totalCashFromOperatingActivities": 672658000, "capitalExpenditures": -156122000, "investments": -76312000, "otherCashflowsFromInvestingActivities": 12680000, "totalCashflowsFromInvestingActivities": -218415000, "netBorrowings": -211553000, "otherCashflowsFromFinancingActivities": -46432000, "totalCashFromFinancingActivities": -257985000, "changeInCash": 196258000}, {"maxAge": 1, "endDate": "2017-03-31", "netIncome": 342231000, "depreciation": 52182000, "changeToNetincome": 132637000, "changeToAccountReceivables": 69052000, "changeToLiabilities": -13828000, "changeToInventory": -119046000, "changeToOperatingActivities": -49403000, "totalCashFromOperatingActivities": 413825000, "capitalExpenditures": -246372000, "investments": -155997000, "otherCashflowsFromInvestingActivities": 11110000, "totalCashflowsFromInvestingActivities": -391230000, "netBorrowings": 81334000, "otherCashflowsFromFinancingActivities": -57342000, "totalCashFromFinancingActivities": 23992000, "changeInCash": 46587000}], "maxAge": 86400}, "institutionOwnership": {"maxAge": 1, "ownershipList": []}, "balanceSheetHistoryQuarterly": {"balanceSheetStatements": [{"maxAge": 1, "endDate": "2020-06-30", "totalStockholderEquity": 1899469000, "netTangibleAssets": 1899469000}, {"maxAge": 1, "endDate": "2020-03-31", "cash": 861060000, "netReceivables": 358443000, "inventory": 1114233000, "otherCurrentAssets": 380538000, "totalCurrentAssets": 2714274000, "propertyPlantEquipment": 806169000, "otherAssets": 71164000, "totalAssets": 3591607000, "accountsPayable": 1158925000, "shortLongTermDebt": 3292000, "otherCurrentLiab": 299185000, "longTermDebt": 754000, "otherLiab": 91694000, "totalCurrentLiabilities": 1599690000, "totalLiab": 1692138000, "commonStock": 891410000, "retainedEarnings": 866445000, "treasuryStock": 141614000, "otherStockholderEquity": 141614000, "totalStockholderEquity": 1899469000, "netTangibleAssets": 1899469000}, {"maxAge": 1, "endDate": "2019-12-31", "totalStockholderEquity": 1863100000, "netTangibleAssets": 1863100000}, {"maxAge": 1, "endDate": "2019-09-30", "cash": 553800000, "shortTermInvestments": 189800000, "netReceivables": 356700000, "inventory": 1603600000, "otherCurrentAssets": 300600000, "totalCurrentAssets": 3004500000, "longTermInvestments": 62000000, "propertyPlantEquipment": 842300000, "totalAssets": 3908800000, "accountsPayable": 1800200000, "shortLongTermDebt": 3200000, "otherCurrentLiab": 81200000, "longTermDebt": 2400000, "otherLiab": 83600000, "totalCurrentLiabilities": 1959700000, "totalLiab": 2045700000, "commonStock": 891400000, "treasuryStock": 971700000, "otherStockholderEquity": 971700000, "totalStockholderEquity": 1863100000, "netTangibleAssets": 1863100000}], "maxAge": 86400}, "earningsHistory": {"history": [{"maxAge": 1, "epsActual": {}, "epsEstimate": {}, "epsDifference": {}, "surprisePercent": {}, "quarter": {}, "period": "-4q"}, {"maxAge": 1, "epsActual": {}, "epsEstimate": {}, "epsDifference": {}, "surprisePercent": {}, "quarter": {}, "period": "-3q"}, {"maxAge": 1, "epsActual": 0.75, "epsEstimate": 0.83, "epsDifference": -0.08, "surprisePercent": -0.096, "quarter": "2017-09-30", "period": "-2q"}, {"maxAge": 1, "epsActual": 1.46, "epsEstimate": 1.29, "epsDifference": 0.17, "surprisePercent": 0.132, "quarter": "2018-03-31", "period": "-1q"}], "maxAge": 86400}, "indexTrend": {"maxAge": 1, "symbol": "SP5", "peRatio": 19.7411, "pegRatio": 1.34172, "estimates": [{"period": "0q", "growth": 0.549}, {"period": "+1q", "growth": 0.431}, {"period": "0y", "growth": 0.305}, {"period": "+1y", "growth": 0.109}, {"period": "+5y", "growth": 0.120859005}, {"period": "-5y"}]}, "industryTrend": {"maxAge": 1, "symbol": null, "estimates": []}, "insiderTransactions": {"transactions": [{"maxAge": 1, "shares": 0, "filerUrl": "", "transactionText": "", "filerName": "Jain (Manish)", "filerRelation": "Promoter", "moneyText": "", "startDate": "2020-09-15", "ownership": "I"}, {"maxAge": 1, "shares": 7993190, "filerUrl": "", "transactionText": "Other at price 0.00 per share.", "filerName": "Jain (Vineet)", "filerRelation": "Director (Executive)", "moneyText": "", "startDate": "2020-09-15", "ownership": "D"}, {"maxAge": 1, "shares": 7993190, "filerUrl": "", "transactionText": "", "filerName": "Jain (Manish)", "filerRelation": "Promoter", "moneyText": "", "startDate": "2020-09-14", "ownership": "D"}, {"maxAge": 1, "shares": 11220000, "filerUrl": "", "transactionText": "", "filerName": "Jain (Manish)", "filerRelation": "Promoter", "moneyText": "", "startDate": "2020-09-07", "ownership": "D"}, {"maxAge": 1, "shares": 11220000, "filerUrl": "", "transactionText": "", "filerName": "Jain (Vineet)", "filerRelation": "UNREPORTED", "moneyText": "", "startDate": "2020-09-07", "ownership": "D"}], "maxAge": 1}, "quoteType": {"exchange": "BSE", "quoteType": "EQUITY", "symbol": "PASUPTAC.BO", "underlyingSymbol": "PASUPTAC.BO", "shortName": "PASUPATI ACRYLON LTD.", "longName": "Pasupati Acrylon Limited", "firstTradeDateEpochUtc": "2000-10-05 09:15:00", "timeZoneFullName": "Asia/Kolkata", "timeZoneShortName": "IST", "uuid": "f293d6fd-33f6-37e9-9ee7-757603f2efba", "messageBoardId": null, "gmtOffSetMilliseconds": 19800000, "maxAge": 1}, "incomeStatementHistory": {"incomeStatementHistory": [{"maxAge": 1, "endDate": "2020-03-31", "totalRevenue": 6636435000, "costOfRevenue": 5221876000, "grossProfit": 1414559000, "researchDevelopment": {}, "sellingGeneralAdministrative": 250453000, "nonRecurring": {}, "otherOperatingExpenses": 825351000, "totalOperatingExpenses": 6364217000, "operatingIncome": 272218000, "totalOtherIncomeExpenseNet": -68273000, "ebit": 272218000, "interestExpense": -19683000, "incomeBeforeTax": 203945000, "incomeTaxExpense": 73449000, "minorityInterest": {}, "netIncomeFromContinuingOps": 130496000, "discontinuedOperations": {}, "extraordinaryItems": {}, "effectOfAccountingCharges": {}, "otherItems": {}, "netIncome": 130496000, "netIncomeApplicableToCommonShares": 130496000}, {"maxAge": 1, "endDate": "2019-03-31", "totalRevenue": 8253112000, "costOfRevenue": 6635920000, "grossProfit": 1617192000, "researchDevelopment": {}, "sellingGeneralAdministrative": 263295000, "nonRecurring": {}, "otherOperatingExpenses": 849385000, "totalOperatingExpenses": 7811400000, "operatingIncome": 441712000, "totalOtherIncomeExpenseNet": -10502000, "ebit": 441712000, "interestExpense": -45367000, "incomeBeforeTax": 431210000, "incomeTaxExpense": 157424000, "minorityInterest": {}, "netIncomeFromContinuingOps": 273786000, "discontinuedOperations": {}, "extraordinaryItems": {}, "effectOfAccountingCharges": {}, "otherItems": {}, "netIncome": 273786000, "netIncomeApplicableToCommonShares": 273786000}, {"maxAge": 1, "endDate": "2018-03-31", "totalRevenue": 5647115000, "costOfRevenue": 4137610000, "grossProfit": 1509505000, "researchDevelopment": {}, "sellingGeneralAdministrative": 238449000, "nonRecurring": {}, "otherOperatingExpenses": 706461000, "totalOperatingExpenses": 5140559000, "operatingIncome": 506556000, "totalOtherIncomeExpenseNet": -69726000, "ebit": 506556000, "interestExpense": -18837000, "incomeBeforeTax": 436830000, "incomeTaxExpense": 156771000, "minorityInterest": {}, "netIncomeFromContinuingOps": 280059000, "discontinuedOperations": {}, "extraordinaryItems": {}, "effectOfAccountingCharges": {}, "otherItems": {}, "netIncome": 280059000, "netIncomeApplicableToCommonShares": 280059000}, {"maxAge": 1, "endDate": "2017-03-31", "totalRevenue": 4684575000, "costOfRevenue": 2663444000, "grossProfit": 2021131000, "researchDevelopment": {}, "sellingGeneralAdministrative": 193770000, "nonRecurring": {}, "otherOperatingExpenses": 1119683000, "totalOperatingExpenses": 4063588000, "operatingIncome": 620987000, "totalOtherIncomeExpenseNet": -90414000, "ebit": 620987000, "interestExpense": -25252000, "incomeBeforeTax": 530573000, "incomeTaxExpense": 188342000, "minorityInterest": {}, "netIncomeFromContinuingOps": 342231000, "discontinuedOperations": {}, "extraordinaryItems": {}, "effectOfAccountingCharges": {}, "otherItems": {}, "netIncome": 342231000, "netIncomeApplicableToCommonShares": 342231000}], "maxAge": 86400}, "fundOwnership": {"maxAge": 1, "ownershipList": []}, "summaryDetail": {"maxAge": 1, "priceHint": 2, "previousClose": 14.56, "open": 14.99, "dayLow": 14.6, "dayHigh": 16.17, "regularMarketPreviousClose": 14.56, "regularMarketOpen": 14.99, "regularMarketDayLow": 14.6, "regularMarketDayHigh": 16.17, "forwardPE": 3.694313, "volume": 294842, "regularMarketVolume": 294842, "averageVolume": 78224, "averageVolume10days": 53128, "averageDailyVolume10Day": 53128, "bid": 15.59, "ask": 0.0, "bidSize": 0, "askSize": 0, "marketCap": 1389585152, "fiftyTwoWeekLow": 5.35, "fiftyTwoWeekHigh": 16.17, "fiftyDayAverage": 13.2039995, "twoHundredDayAverage": 10.9041605, "currency": "INR", "fromCurrency": null, "toCurrency": null, "lastMarket": null, "algorithm": null, "tradeable": false}, "sectorTrend": {"maxAge": 1, "symbol": null, "estimates": []}, "incomeStatementHistoryQuarterly": {"incomeStatementHistory": [{"maxAge": 1, "endDate": "2020-06-30", "totalRevenue": 611400000, "costOfRevenue": 500400000, "grossProfit": 111000000, "researchDevelopment": {}, "sellingGeneralAdministrative": 44500000, "nonRecurring": {}, "otherOperatingExpenses": 104600000, "totalOperatingExpenses": 665000000, "operatingIncome": -53600000, "totalOtherIncomeExpenseNet": 3000000, "ebit": -53600000, "interestExpense": -7500000, "incomeBeforeTax": -50600000, "incomeTaxExpense": -19200000, "minorityInterest": {}, "netIncomeFromContinuingOps": -31400000, "discontinuedOperations": {}, "extraordinaryItems": {}, "effectOfAccountingCharges": {}, "otherItems": {}, "netIncome": -31400000, "netIncomeApplicableToCommonShares": -31400000}, {"maxAge": 1, "endDate": "2020-03-31", "totalRevenue": 1788235000, "costOfRevenue": 1504176000, "grossProfit": 284059000, "researchDevelopment": {}, "sellingGeneralAdministrative": 79153000, "nonRecurring": {}, "otherOperatingExpenses": 97851000, "totalOperatingExpenses": 1697717000, "operatingIncome": 90518000, "totalOtherIncomeExpenseNet": -76273000, "ebit": 90518000, "interestExpense": -7500000, "incomeBeforeTax": 14245000, "incomeTaxExpense": 4749000, "minorityInterest": {}, "netIncomeFromContinuingOps": 9496000, "discontinuedOperations": {}, "extraordinaryItems": {}, "effectOfAccountingCharges": {}, "otherItems": {}, "netIncome": 9496000, "netIncomeApplicableToCommonShares": 9496000}, {"maxAge": 1, "endDate": "2019-12-31", "totalRevenue": 1433200000, "costOfRevenue": 1098100000, "grossProfit": 335100000, "researchDevelopment": {}, "sellingGeneralAdministrative": 55900000, "nonRecurring": {}, "otherOperatingExpenses": 218100000, "totalOperatingExpenses": 1388800000, "operatingIncome": 44400000, "totalOtherIncomeExpenseNet": -3900000, "ebit": 44400000, "interestExpense": -12900000, "incomeBeforeTax": 40500000, "incomeTaxExpense": 15800000, "minorityInterest": {}, "netIncomeFromContinuingOps": 24700000, "discontinuedOperations": {}, "extraordinaryItems": {}, "effectOfAccountingCharges": {}, "otherItems": {}, "netIncome": 24700000, "netIncomeApplicableToCommonShares": 24700000}, {"maxAge": 1, "endDate": "2019-09-30", "totalRevenue": 1499000000, "costOfRevenue": 1248900000, "grossProfit": 250100000, "researchDevelopment": {}, "sellingGeneralAdministrative": 49700000, "nonRecurring": {}, "otherOperatingExpenses": 259700000, "totalOperatingExpenses": 1575100000, "operatingIncome": -76100000, "totalOtherIncomeExpenseNet": 3300000, "ebit": -76100000, "interestExpense": -13200000, "incomeBeforeTax": -72800000, "incomeTaxExpense": -24800000, "minorityInterest": {}, "netIncomeFromContinuingOps": -48000000, "discontinuedOperations": {}, "extraordinaryItems": {}, "effectOfAccountingCharges": {}, "otherItems": {}, "netIncome": -48000000, "netIncomeApplicableToCommonShares": -48000000}], "maxAge": 86400}, "cashflowStatementHistoryQuarterly": {"cashflowStatements": [{"maxAge": 1, "endDate": "2020-06-30", "netIncome": -31400000, "changeToLiabilities": 0}, {"maxAge": 1, "endDate": "2020-03-31", "netIncome": 9496000, "changeToLiabilities": 0}, {"maxAge": 1, "endDate": "2019-12-31", "netIncome": 24700000, "changeToLiabilities": 0}, {"maxAge": 1, "endDate": "2019-09-30", "netIncome": -48000000, "changeToLiabilities": 0}], "maxAge": 86400}, "insiderHolders": {"holders": [{"maxAge": 1, "name": "Jain (Manish)", "relation": "Promoter", "url": "", "transactionDescription": "Other", "latestTransDate": "2020-09-15", "positionIndirect": 4429232, "positionIndirectDate": 1600128000}, {"maxAge": 1, "name": "Jain (Vineet)", "relation": "Director (Executive)", "url": "", "transactionDescription": "Other", "latestTransDate": "2020-09-15", "positionDirect": 12422422, "positionDirectDate": "2020-09-15"}], "maxAge": 1}, "earnings": {"maxAge": 86400, "earningsChart": {"quarterly": [{"date": "3Q2017", "actual": 0.75, "estimate": 0.83}, {"date": "1Q2018", "actual": 1.46, "estimate": 1.29}], "currentQuarterEstimateDate": "2Q", "currentQuarterEstimateYear": 2018, "earningsDate": []}, "financialsChart": {"yearly": [{"date": 2017, "revenue": 4684575000, "earnings": 342231000}, {"date": 2018, "revenue": 5647115000, "earnings": 280059000}, {"date": 2019, "revenue": 8253112000, "earnings": 273786000}, {"date": 2020, "revenue": 6636435000, "earnings": 130496000}], "quarterly": [{"date": "3Q2019", "revenue": 1499000000, "earnings": -48000000}, {"date": "4Q2019", "revenue": 1433200000, "earnings": 24700000}, {"date": "1Q2020", "revenue": 1788235000, "earnings": 9496000}, {"date": "2Q2020", "revenue": 611400000, "earnings": -31400000}]}, "financialCurrency": "INR"}, "calendarEvents": {"maxAge": 1, "earnings": {"earningsDate": [], "revenueAverage": 2026400000}}, "price": {"maxAge": 1, "regularMarketChangePercent": 0.070741735, "regularMarketChange": 1.0299997, "regularMarketTime": "2021-04-30 15:43:32", "priceHint": 2, "regularMarketPrice": 15.59, "regularMarketDayHigh": 16.17, "regularMarketDayLow": 14.6, "regularMarketVolume": 294842, "averageDailyVolume10Day": 53128, "averageDailyVolume3Month": 78224, "regularMarketPreviousClose": 14.56, "regularMarketSource": "FREE_REALTIME", "regularMarketOpen": 14.99, "exchange": "BSE", "exchangeName": "BSE", "exchangeDataDelayedBy": 0, "marketState": "CLOSED", "quoteType": "EQUITY", "symbol": "PASUPTAC.BO", "underlyingSymbol": null, "shortName": "PASUPATI ACRYLON LTD.", "longName": "Pasupati Acrylon Limited", "currency": "INR", "quoteSourceName": "Delayed Quote", "currencySymbol": "\u20b9", "fromCurrency": null, "toCurrency": null, "lastMarket": null, "marketCap": 1389585152}, "balanceSheetHistory": {"balanceSheetStatements": [{"maxAge": 1, "endDate": "2020-03-31", "cash": 861060000, "netReceivables": 358443000, "inventory": 1114233000, "otherCurrentAssets": 380538000, "totalCurrentAssets": 2714274000, "propertyPlantEquipment": 806169000, "otherAssets": 71164000, "totalAssets": 3591607000, "accountsPayable": 1158925000, "shortLongTermDebt": 3292000, "otherCurrentLiab": 299185000, "longTermDebt": 754000, "otherLiab": 91694000, "totalCurrentLiabilities": 1599690000, "totalLiab": 1692138000, "commonStock": 891410000, "retainedEarnings": 866445000, "treasuryStock": 141614000, "otherStockholderEquity": 141614000, "totalStockholderEquity": 1899469000, "netTangibleAssets": 1899469000}, {"maxAge": 1, "endDate": "2019-03-31", "cash": 642644000, "shortTermInvestments": 305448000, "netReceivables": 685071000, "inventory": 906691000, "otherCurrentAssets": 223797000, "totalCurrentAssets": 2763651000, "propertyPlantEquipment": 850731000, "otherAssets": 59832000, "totalAssets": 3674214000, "accountsPayable": 1466449000, "shortLongTermDebt": 3041000, "otherCurrentLiab": 279334000, "longTermDebt": 4046000, "otherLiab": 79526000, "totalCurrentLiabilities": 1823624000, "totalLiab": 1907196000, "commonStock": 891410000, "retainedEarnings": 735949000, "treasuryStock": 139659000, "otherStockholderEquity": 139659000, "totalStockholderEquity": 1767018000, "netTangibleAssets": 1767018000}, {"maxAge": 1, "endDate": "2018-03-31", "cash": 275196000, "shortTermInvestments": 409654000, "netReceivables": 477909000, "inventory": 1169154000, "otherCurrentAssets": 153494000, "totalCurrentAssets": 2485407000, "longTermInvestments": 67797000, "propertyPlantEquipment": 643295000, "otherAssets": 179913000, "deferredLongTermAssetCharges": 4887000, "totalAssets": 3308615000, "accountsPayable": 1388365000, "shortLongTermDebt": 24787000, "otherCurrentLiab": 276683000, "longTermDebt": 7088000, "otherLiab": 43675000, "totalCurrentLiabilities": 1762248000, "totalLiab": 1813011000, "commonStock": 891410000, "retainedEarnings": 462163000, "treasuryStock": 142031000, "otherStockholderEquity": 142031000, "totalStockholderEquity": 1495604000, "netTangibleAssets": 1495604000}, {"maxAge": 1, "endDate": "2017-03-31", "cash": 78938000, "shortTermInvestments": 333342000, "netReceivables": 330525000, "inventory": 1006958000, "otherCurrentAssets": 301510000, "totalCurrentAssets": 2051273000, "longTermInvestments": 12310000, "propertyPlantEquipment": 630505000, "otherAssets": 67455000, "deferredLongTermAssetCharges": 39263000, "totalAssets": 2749233000, "accountsPayable": 888146000, "shortLongTermDebt": 43260000, "otherCurrentLiab": 287328000, "longTermDebt": 21472000, "otherLiab": 26397000, "totalCurrentLiabilities": 1483804000, "totalLiab": 1531673000, "commonStock": 891410000, "retainedEarnings": 182104000, "treasuryStock": 144046000, "otherStockholderEquity": 144046000, "totalStockholderEquity": 1217560000, "netTangibleAssets": 1217560000}], "maxAge": 86400}, "earningsTrend": {"trend": [{"maxAge": 1, "period": "0q", "endDate": "2018-06-30", "growth": {}, "earningsEstimate": {"avg": 0.0, "low": 0.0, "high": 0.0, "yearAgoEps": {}, "numberOfAnalysts": 0, "growth": {}}, "revenueEstimate": {"avg": 2026400000, "low": 0, "high": 0, "numberOfAnalysts": 0, "yearAgoRevenue": 1190900000, "growth": 0.70199996}, "epsTrend": {"current": 0.0, "7daysAgo": 0.0, "30daysAgo": 0.0, "60daysAgo": 0.0, "90daysAgo": 0.0}, "epsRevisions": {"upLast7days": 0, "upLast30days": 0, "downLast30days": 0, "downLast90days": {}}}, {"maxAge": 1, "period": "+1q", "endDate": "2018-09-30", "growth": {}, "earningsEstimate": {"avg": 0.0, "low": 0.0, "high": 0.0, "yearAgoEps": {}, "numberOfAnalysts": 0, "growth": {}}, "revenueEstimate": {"avg": 2113300000, "low": 0, "high": 0, "numberOfAnalysts": 0, "yearAgoRevenue": 1412700000, "growth": 0.496}, "epsTrend": {"current": 0.0, "7daysAgo": 0.0, "30daysAgo": 0.0, "60daysAgo": 0.0, "90daysAgo": 0.0}, "epsRevisions": {"upLast7days": 0, "upLast30days": 0, "downLast30days": 0, "downLast90days": {}}}, {"maxAge": 1, "period": "0y", "endDate": "2019-03-31", "growth": {}, "earningsEstimate": {"avg": 0.0, "low": 0.0, "high": 0.0, "yearAgoEps": {}, "numberOfAnalysts": 0, "growth": {}}, "revenueEstimate": {"avg": 6090440000, "low": 6090440000, "high": 6090440000, "numberOfAnalysts": 1, "yearAgoRevenue": 5700600000, "growth": 0.068}, "epsTrend": {"current": 0.0, "7daysAgo": 4.22, "30daysAgo": 4.22, "60daysAgo": 4.22, "90daysAgo": 4.22}, "epsRevisions": {"upLast7days": 0, "upLast30days": 0, "downLast30days": 0, "downLast90days": {}}}, {"maxAge": 1, "period": "+1y", "endDate": "2020-03-31", "growth": {}, "earningsEstimate": {"avg": 0.0, "low": 0.0, "high": 0.0, "yearAgoEps": {}, "numberOfAnalysts": 0, "growth": {}}, "revenueEstimate": {"avg": 0, "low": 0, "high": 0, "numberOfAnalysts": 0, "yearAgoRevenue": 6090440000, "growth": {}}, "epsTrend": {"current": 0.0, "7daysAgo": 0.0, "30daysAgo": 0.0, "60daysAgo": 0.0, "90daysAgo": 0.0}, "epsRevisions": {"upLast7days": 0, "upLast30days": 0, "downLast30days": 0, "downLast90days": {}}}, {"maxAge": 1, "period": "+5y", "endDate": null, "growth": {}, "earningsEstimate": {"avg": {}, "low": {}, "high": {}, "yearAgoEps": {}, "numberOfAnalysts": {}, "growth": {}}, "revenueEstimate": {"avg": {}, "low": {}, "high": {}, "numberOfAnalysts": {}, "yearAgoRevenue": {}, "growth": {}}, "epsTrend": {"current": {}, "7daysAgo": {}, "30daysAgo": {}, "60daysAgo": {}, "90daysAgo": {}}, "epsRevisions": {"upLast7days": {}, "upLast30days": {}, "downLast30days": {}, "downLast90days": {}}}, {"maxAge": 1, "period": "-5y", "endDate": null, "growth": {}, "earningsEstimate": {"avg": {}, "low": {}, "high": {}, "yearAgoEps": {}, "numberOfAnalysts": {}, "growth": {}}, "revenueEstimate": {"avg": {}, "low": {}, "high": {}, "numberOfAnalysts": {}, "yearAgoRevenue": {}, "growth": {}}, "epsTrend": {"current": {}, "7daysAgo": {}, "30daysAgo": {}, "60daysAgo": {}, "90daysAgo": {}}, "epsRevisions": {"upLast7days": {}, "upLast30days": {}, "downLast30days": {}, "downLast90days": {}}}], "maxAge": 1}, "financialData": {"maxAge": 86400, "currentPrice": 15.59, "targetHighPrice": 10.0, "targetLowPrice": 10.0, "targetMeanPrice": 10.0, "targetMedianPrice": 10.0, "recommendationKey": "none", "numberOfAnalystOpinions": 1, "grossProfits": 1414559000, "financialCurrency": "INR"}}}