{"PATINTLOG.BO": {"recommendationTrend": {"trend": [{"period": "0m", "strongBuy": 0, "buy": 0, "hold": 0, "sell": 0, "strongSell": 0}, {"period": "-1m", "strongBuy": 0, "buy": 0, "hold": 0, "sell": 0, "strongSell": 0}, {"period": "-2m", "strongBuy": 0, "buy": 0, "hold": 0, "sell": 0, "strongSell": 0}, {"period": "-3m", "strongBuy": 0, "buy": 0, "hold": 0, "sell": 0, "strongSell": 0}], "maxAge": 86400}, "cashflowStatementHistory": {"cashflowStatements": [{"maxAge": 1, "endDate": "2020-03-31", "netIncome": 107406119, "depreciation": 38302871, "changeToNetincome": -99064676, "changeToAccountReceivables": -229426870, "changeToLiabilities": 4353840, "totalCashFromOperatingActivities": -177674720, "capitalExpenditures": -35597400, "investments": 10098082, "otherCashflowsFromInvestingActivities": 15039134, "totalCashflowsFromInvestingActivities": 401061238, "dividendsPaid": -8267962, "netBorrowings": -80847101, "otherCashflowsFromFinancingActivities": -86001340, "totalCashFromFinancingActivities": -175116403, "changeInCash": 48270115}, {"maxAge": 1, "endDate": "2019-03-31", "netIncome": 63253988, "depreciation": 46339082, "changeToNetincome": -25697600, "changeToAccountReceivables": -2314273, "changeToLiabilities": -108995207, "totalCashFromOperatingActivities": -27414010, "capitalExpenditures": -81735051, "investments": 11298646, "otherCashflowsFromInvestingActivities": 51609897, "totalCashflowsFromInvestingActivities": 6336286, "dividendsPaid": -12401943, "netBorrowings": 26404862, "otherCashflowsFromFinancingActivities": -87609538, "totalCashFromFinancingActivities": -73606619, "changeInCash": -94684343}, {"maxAge": 1, "endDate": "2018-03-31", "netIncome": 82253989, "depreciation": 47467873, "changeToNetincome": 63193504, "changeToAccountReceivables": -225665836, "changeToLiabilities": 90333195, "totalCashFromOperatingActivities": 57582725, "capitalExpenditures": -128412846, "investments": -25122319, "otherCashflowsFromInvestingActivities": 36649719, "totalCashflowsFromInvestingActivities": -114569366, "dividendsPaid": -9560377, "netBorrowings": 61410465, "otherCashflowsFromFinancingActivities": -68122158, "totalCashFromFinancingActivities": 39731004, "changeInCash": -17255637, "issuanceOfStock": 56003074}, {"maxAge": 1, "endDate": "2017-03-31", "netIncome": 78571974, "depreciation": 42174333, "changeToNetincome": 89292687, "changeToAccountReceivables": 5166930, "changeToLiabilities": -68474830, "totalCashFromOperatingActivities": 146731094, "capitalExpenditures": -201036499, "investments": -90332729, "otherCashflowsFromInvestingActivities": 28402704, "totalCashflowsFromInvestingActivities": -182435037, "dividendsPaid": -9228900, "netBorrowings": 63997930, "otherCashflowsFromFinancingActivities": -82088854, "totalCashFromFinancingActivities": -27319824, "changeInCash": -63023767, "issuanceOfStock": 56003074}], "maxAge": 86400}, "institutionOwnership": {"ownershipList": [], "maxAge": 1}, "balanceSheetHistoryQuarterly": {"balanceSheetStatements": [{"maxAge": 1, "endDate": "2020-06-30", "totalStockholderEquity": 1190304665, "netTangibleAssets": 1189631744}, {"maxAge": 1, "endDate": "2020-03-31", "cash": 128713276, "shortTermInvestments": 76786940, "netReceivables": 889152796, "otherCurrentAssets": 321099961, "totalCurrentAssets": 1446738717, "longTermInvestments": 30768026, "propertyPlantEquipment": 475943489, "intangibleAssets": 672921, "otherAssets": 99730259, "totalAssets": 2053853412, "accountsPayable": 127454127, "shortLongTermDebt": 50013591, "otherCurrentLiab": 16493540, "longTermDebt": 191048804, "otherLiab": 54074782, "totalCurrentLiabilities": 618425161, "totalLiab": 863548747, "commonStock": 165359230, "retainedEarnings": 694605063, "treasuryStock": -56896497, "capitalSurplus": 387236869, "otherStockholderEquity": -56896497, "totalStockholderEquity": 1190304665, "netTangibleAssets": 1189631744}, {"maxAge": 1, "endDate": "2019-12-31", "totalStockholderEquity": 1343172000, "netTangibleAssets": 1342226000}, {"maxAge": 1, "endDate": "2019-09-30", "cash": 169259000, "shortTermInvestments": 118751000, "netReceivables": 878125000, "otherCurrentAssets": 318540000, "totalCurrentAssets": 1484675000, "longTermInvestments": 88015000, "propertyPlantEquipment": 546891000, "intangibleAssets": 946000, "otherAssets": 68667000, "totalAssets": 2189194000, "accountsPayable": 77360000, "shortLongTermDebt": 88937000, "otherCurrentLiab": 60881000, "longTermDebt": 204684000, "otherLiab": 53302000, "totalCurrentLiabilities": 588036000, "totalLiab": 846022000, "commonStock": 165359000, "treasuryStock": 1177813000, "otherStockholderEquity": 1177813000, "totalStockholderEquity": 1343172000, "netTangibleAssets": 1342226000}], "maxAge": 86400}, "earningsHistory": {"history": [{"maxAge": 1, "epsActual": {}, "epsEstimate": {}, "epsDifference": {}, "surprisePercent": {}, "quarter": {}, "period": "-4q"}, {"maxAge": 1, "epsActual": {}, "epsEstimate": {}, "epsDifference": {}, "surprisePercent": {}, "quarter": {}, "period": "-3q"}, {"maxAge": 1, "epsActual": {}, "epsEstimate": {}, "epsDifference": {}, "surprisePercent": {}, "quarter": {}, "period": "-2q"}, {"maxAge": 1, "epsActual": {}, "epsEstimate": {}, "epsDifference": {}, "surprisePercent": {}, "quarter": {}, "period": "-1q"}], "maxAge": 86400}, "indexTrend": {"maxAge": 1, "symbol": "SP5", "peRatio": 19.7411, "pegRatio": 1.34172, "estimates": [{"period": "0q", "growth": 0.549}, {"period": "+1q", "growth": 0.431}, {"period": "0y", "growth": 0.305}, {"period": "+1y", "growth": 0.109}, {"period": "+5y", "growth": 0.120865}, {"period": "-5y"}]}, "industryTrend": {"maxAge": 1, "symbol": null, "estimates": []}, "insiderTransactions": {"transactions": [{"maxAge": 1, "shares": 75419, "filerUrl": "", "transactionText": "", "filerName": "Transways Combines Pvt Ltd", "filerRelation": "Promoter", "moneyText": "", "startDate": "2014-08-01", "ownership": "D"}, {"maxAge": 1, "shares": 107005, "filerUrl": "", "transactionText": "", "filerName": "Wall Street Securities & Investments India Pvt Ltd", "filerRelation": "Promoter", "moneyText": "", "startDate": "2013-08-16", "ownership": "D"}, {"maxAge": 1, "shares": 20800, "filerUrl": "", "transactionText": "", "filerName": "Patel (Areef A)", "filerRelation": "Executive Vice Chairman", "moneyText": "", "startDate": "2013-01-19", "ownership": "D"}, {"maxAge": 1, "shares": 30410, "filerUrl": "", "transactionText": "", "filerName": "Patel (Areef A)", "filerRelation": "Executive Vice Chairman", "moneyText": "", "startDate": "2013-01-18", "ownership": "D"}, {"maxAge": 1, "shares": 70000, "filerUrl": "", "transactionText": "", "filerName": "Patel (Areef A)", "filerRelation": "Executive Vice Chairman", "moneyText": "", "startDate": "2012-11-16", "ownership": "D"}, {"maxAge": 1, "shares": 62000, "filerUrl": "", "transactionText": "", "filerName": "Patel (Areef A)", "filerRelation": "Executive Vice Chairman", "moneyText": "", "startDate": "2012-10-04", "ownership": "D"}, {"maxAge": 1, "shares": 12000, "filerUrl": "", "transactionText": "", "filerName": "Patel (Areef A)", "filerRelation": "Executive Vice Chairman", "moneyText": "", "startDate": "2012-10-01", "ownership": "D"}, {"maxAge": 1, "shares": 31700, "filerUrl": "", "transactionText": "", "filerName": "Patel (Areef A)", "filerRelation": "Executive Vice Chairman", "moneyText": "", "startDate": "2012-09-28", "ownership": "D"}, {"maxAge": 1, "shares": 50000, "filerUrl": "", "transactionText": "", "filerName": "Patel (Areef A)", "filerRelation": "Executive Vice Chairman", "moneyText": "", "startDate": "2012-08-08", "ownership": "D"}, {"maxAge": 1, "shares": 25000, "filerUrl": "", "transactionText": "", "filerName": "Patel (Areef A)", "filerRelation": "Executive Vice Chairman", "moneyText": "", "startDate": "2012-07-27", "ownership": "D"}, {"maxAge": 1, "shares": 15000, "filerUrl": "", "transactionText": "", "filerName": "Patel (Areef A)", "filerRelation": "Executive Vice Chairman", "moneyText": "", "startDate": "2012-07-24", "ownership": "D"}, {"maxAge": 1, "shares": 10000, "filerUrl": "", "transactionText": "", "filerName": "Patel (Areef A)", "filerRelation": "Executive Vice Chairman", "moneyText": "", "startDate": "2012-05-22", "ownership": "D"}, {"maxAge": 1, "shares": 5000, "filerUrl": "", "transactionText": "", "filerName": "Patel (Areef A)", "filerRelation": "Executive Vice Chairman", "moneyText": "", "startDate": "2012-04-30", "ownership": "D"}, {"maxAge": 1, "shares": 5000, "filerUrl": "", "transactionText": "", "filerName": "Patel (Areef A)", "filerRelation": "Executive Vice Chairman", "moneyText": "", "startDate": "2012-04-27", "ownership": "D"}, {"maxAge": 1, "shares": 2000, "filerUrl": "", "transactionText": "", "filerName": "Patel (Areef A)", "filerRelation": "Executive Vice Chairman", "moneyText": "", "startDate": "2012-04-25", "ownership": "D"}, {"maxAge": 1, "shares": 15200, "filerUrl": "", "transactionText": "", "filerName": "Patel (Areef A)", "filerRelation": "Executive Vice Chairman", "moneyText": "", "startDate": "2012-04-23", "ownership": "D"}, {"maxAge": 1, "shares": 10000, "filerUrl": "", "transactionText": "", "filerName": "Patel (Areef A)", "filerRelation": "Executive Vice Chairman", "moneyText": "", "startDate": "2011-11-21", "ownership": "D"}, {"maxAge": 1, "shares": 450000, "filerUrl": "", "transactionText": "", "filerName": "Patel (Areef A)", "filerRelation": "Executive Vice Chairman", "moneyText": "", "startDate": "2011-11-18", "ownership": "D"}, {"maxAge": 1, "shares": 18097, "filerUrl": "", "transactionText": "", "filerName": "Patel (Asgar S.)", "filerRelation": "Non Executive Chairman", "moneyText": "", "startDate": "2011-09-02", "ownership": "D"}, {"maxAge": 1, "shares": 34042, "filerUrl": "", "transactionText": "", "filerName": "Patel (Asgar S.)", "filerRelation": "Non Executive Chairman", "moneyText": "", "startDate": "2011-08-19", "ownership": "D"}, {"maxAge": 1, "shares": 32390, "filerUrl": "", "transactionText": "", "filerName": "Patel (Asgar S.)", "filerRelation": "Non Executive Chairman", "moneyText": "", "startDate": "2011-08-17", "ownership": "D"}, {"maxAge": 1, "shares": 25666, "filerUrl": "", "transactionText": "", "filerName": "Patel (Asgar S.)", "filerRelation": "Non Executive Chairman", "moneyText": "", "startDate": "2011-08-09", "ownership": "D"}, {"maxAge": 1, "shares": 250000, "filerUrl": "", "transactionText": "", "filerName": "Parikh (Manharlal Chimanlal) HUF", "filerRelation": "UNREPORTED", "moneyText": "", "startDate": "2011-07-14", "ownership": "D"}, {"maxAge": 1, "shares": 11704, "filerUrl": "", "transactionText": "", "filerName": "Patel (Asgar S.)", "filerRelation": "Non Executive Chairman", "moneyText": "", "startDate": "2011-07-06", "ownership": "D"}, {"maxAge": 1, "shares": 49514, "filerUrl": "", "transactionText": "", "filerName": "Patel (Asgar S.)", "filerRelation": "Non Executive Chairman", "moneyText": "", "startDate": "2011-06-30", "ownership": "D"}, {"maxAge": 1, "shares": 16985, "filerUrl": "", "transactionText": "", "filerName": "Patel (Asgar S.)", "filerRelation": "Non Executive Chairman", "moneyText": "", "startDate": "2011-06-22", "ownership": "D"}, {"maxAge": 1, "shares": 11012, "filerUrl": "", "transactionText": "", "filerName": "Patel (Asgar S.)", "filerRelation": "Non Executive Chairman", "moneyText": "", "startDate": "2011-06-21", "ownership": "D"}, {"maxAge": 1, "shares": 25159, "filerUrl": "", "transactionText": "", "filerName": "Patel (Areef A)", "filerRelation": "Executive Vice Chairman", "moneyText": "", "startDate": "2011-06-14", "ownership": "D"}, {"maxAge": 1, "shares": 9214, "filerUrl": "", "transactionText": "", "filerName": "Wall Street Securities & Investments India Pvt Ltd", "filerRelation": "Institution- Corporation", "moneyText": "", "startDate": "2010-05-05", "ownership": "D"}, {"maxAge": 1, "shares": 53145, "filerUrl": "", "transactionText": "", "filerName": "Wall Street Securities & Investments India Pvt Ltd", "filerRelation": "Institution- Corporation", "moneyText": "", "startDate": "2010-03-31", "ownership": "D"}, {"maxAge": 1, "shares": 10340, "filerUrl": "", "transactionText": "", "filerName": "Wall Street Securities & Investments India Pvt Ltd", "filerRelation": "Institution- Corporation", "moneyText": "", "startDate": "2010-03-25", "ownership": "D"}], "maxAge": 1}, "quoteType": {"exchange": "BSE", "quoteType": "EQUITY", "symbol": "PATINTLOG.BO", "underlyingSymbol": "PATINTLOG.BO", "shortName": "PATEL INTEGRATED LOGISTICS LTD", "longName": "Patel Integrated Logistics Limited", "firstTradeDateEpochUtc": "2000-11-01 09:15:00", "timeZoneFullName": "Asia/Kolkata", "timeZoneShortName": "IST", "uuid": "7e461c9c-8da1-304e-ba42-de2070fbf9d8", "gmtOffSetMilliseconds": 19800000, "maxAge": 1}, "incomeStatementHistory": {"incomeStatementHistory": [{"maxAge": 1, "endDate": "2020-03-31", "totalRevenue": 3474092723, "costOfRevenue": 3271333263, "grossProfit": 202759460, "researchDevelopment": {}, "sellingGeneralAdministrative": 21444903, "nonRecurring": {}, "otherOperatingExpenses": -14980145, "totalOperatingExpenses": 3432211416, "operatingIncome": 41881307, "totalOtherIncomeExpenseNet": 86494117, "ebit": 41881307, "interestExpense": -69590251, "incomeBeforeTax": 128375424, "incomeTaxExpense": 20969305, "minorityInterest": {}, "netIncomeFromContinuingOps": 107406119, "discontinuedOperations": {}, "extraordinaryItems": {}, "effectOfAccountingCharges": {}, "otherItems": {}, "netIncome": 107406119, "netIncomeApplicableToCommonShares": 107406119}, {"maxAge": 1, "endDate": "2019-03-31", "totalRevenue": 4477482834, "costOfRevenue": 4101088351, "grossProfit": 376394483, "researchDevelopment": {}, "sellingGeneralAdministrative": 62120706, "nonRecurring": {}, "otherOperatingExpenses": 160126395, "totalOperatingExpenses": 4375691028, "operatingIncome": 101791806, "totalOtherIncomeExpenseNet": -27810512, "ebit": 101791806, "interestExpense": -79048827, "incomeBeforeTax": 73981294, "incomeTaxExpense": 10727306, "minorityInterest": {}, "netIncomeFromContinuingOps": 63253988, "discontinuedOperations": {}, "extraordinaryItems": {}, "effectOfAccountingCharges": {}, "otherItems": {}, "netIncome": 63253988, "netIncomeApplicableToCommonShares": 63253988}, {"maxAge": 1, "endDate": "2018-03-31", "totalRevenue": 4236784901, "costOfRevenue": 3848802235, "grossProfit": 387982666, "researchDevelopment": {}, "sellingGeneralAdministrative": 60199920, "nonRecurring": {}, "otherOperatingExpenses": 147205002, "totalOperatingExpenses": 4110483241, "operatingIncome": 126301660, "totalOtherIncomeExpenseNet": -19159240, "ebit": 126301660, "interestExpense": -65328695, "incomeBeforeTax": 107142420, "incomeTaxExpense": 24888431, "minorityInterest": {}, "netIncomeFromContinuingOps": 82253989, "discontinuedOperations": {}, "extraordinaryItems": {}, "effectOfAccountingCharges": {}, "otherItems": {}, "netIncome": 82253989, "netIncomeApplicableToCommonShares": 82253989}, {"maxAge": 1, "endDate": "2017-03-31", "totalRevenue": 4539515382, "costOfRevenue": 4112513236, "grossProfit": 427002146, "researchDevelopment": {}, "sellingGeneralAdministrative": 61933329, "nonRecurring": {}, "otherOperatingExpenses": 177391466, "totalOperatingExpenses": 4401295204, "operatingIncome": 138220178, "totalOtherIncomeExpenseNet": -33863039, "ebit": 138220178, "interestExpense": -74341653, "incomeBeforeTax": 104357139, "incomeTaxExpense": 25785165, "minorityInterest": {}, "netIncomeFromContinuingOps": 78571974, "discontinuedOperations": {}, "extraordinaryItems": {}, "effectOfAccountingCharges": {}, "otherItems": {}, "netIncome": 78571974, "netIncomeApplicableToCommonShares": 78571974}], "maxAge": 86400}, "fundOwnership": {"ownershipList": [], "maxAge": 1}, "summaryDetail": {"maxAge": 1, "priceHint": 2, "previousClose": 19.3, "open": 20.9, "dayLow": 18.65, "dayHigh": 20.9, "regularMarketPreviousClose": 19.3, "regularMarketOpen": 20.9, "regularMarketDayLow": 18.65, "regularMarketDayHigh": 20.9, "trailingPE": 7.366589, "volume": 3259, "regularMarketVolume": 3259, "averageVolume": 14543, "averageVolume10days": 4165, "averageDailyVolume10Day": 4165, "bid": 18.8, "ask": 19.15, "bidSize": 0, "askSize": 0, "marketCap": 315008896, "fiftyTwoWeekLow": 9.05, "fiftyTwoWeekHigh": 35.65, "fiftyDayAverage": 30.49697, "twoHundredDayAverage": 25.46544, "trailingAnnualDividendRate": 0.1, "trailingAnnualDividendYield": 0.0051813475, "currency": "INR", "fromCurrency": null, "lastMarket": null, "algorithm": null, "tradeable": false}, "sectorTrend": {"maxAge": 1, "symbol": null, "estimates": []}, "incomeStatementHistoryQuarterly": {"incomeStatementHistory": [{"maxAge": 1, "endDate": "2020-06-30", "totalRevenue": 158809000, "costOfRevenue": 144126000, "grossProfit": 14683000, "researchDevelopment": {}, "sellingGeneralAdministrative": 10862000, "nonRecurring": {}, "otherOperatingExpenses": {}, "totalOperatingExpenses": 161372000, "operatingIncome": -2563000, "totalOtherIncomeExpenseNet": -8967000, "ebit": -2563000, "interestExpense": -17408000, "incomeBeforeTax": -11530000, "incomeTaxExpense": -1747000, "minorityInterest": {}, "netIncomeFromContinuingOps": -9783000, "discontinuedOperations": {}, "extraordinaryItems": {}, "effectOfAccountingCharges": {}, "otherItems": {}, "netIncome": -9783000, "netIncomeApplicableToCommonShares": -9783000}, {"maxAge": 1, "endDate": "2020-03-31", "totalRevenue": 827969723, "costOfRevenue": 734892263, "grossProfit": 93077460, "researchDevelopment": {}, "sellingGeneralAdministrative": -77486097, "nonRecurring": {}, "otherOperatingExpenses": -14980145, "totalOperatingExpenses": 764060416, "operatingIncome": 63909307, "totalOtherIncomeExpenseNet": -43185883, "ebit": 63909307, "interestExpense": -15304251, "incomeBeforeTax": 20723424, "incomeTaxExpense": 10508305, "minorityInterest": {}, "netIncomeFromContinuingOps": 10215119, "discontinuedOperations": {}, "extraordinaryItems": {}, "effectOfAccountingCharges": {}, "otherItems": {}, "netIncome": 10215119, "netIncomeApplicableToCommonShares": 10215119}, {"maxAge": 1, "endDate": "2019-12-31", "totalRevenue": 830496000, "costOfRevenue": 788096000, "grossProfit": 42400000, "researchDevelopment": {}, "sellingGeneralAdministrative": 21900000, "nonRecurring": {}, "otherOperatingExpenses": -14980145, "totalOperatingExpenses": 820625000, "operatingIncome": 9871000, "totalOtherIncomeExpenseNet": 1468000, "ebit": 9871000, "interestExpense": -14859000, "incomeBeforeTax": 11339000, "incomeTaxExpense": 1541000, "minorityInterest": {}, "netIncomeFromContinuingOps": 9798000, "discontinuedOperations": {}, "extraordinaryItems": {}, "effectOfAccountingCharges": {}, "otherItems": {}, "netIncome": 9798000, "netIncomeApplicableToCommonShares": 9798000}, {"maxAge": 1, "endDate": "2019-09-30", "totalRevenue": 811131000, "costOfRevenue": 771421000, "grossProfit": 39710000, "researchDevelopment": {}, "sellingGeneralAdministrative": 20758000, "nonRecurring": {}, "otherOperatingExpenses": -14980145, "totalOperatingExpenses": 802662000, "operatingIncome": 8469000, "totalOtherIncomeExpenseNet": 17835000, "ebit": 8469000, "interestExpense": -17415000, "incomeBeforeTax": 26304000, "incomeTaxExpense": -6265000, "minorityInterest": {}, "netIncomeFromContinuingOps": 32569000, "discontinuedOperations": {}, "extraordinaryItems": {}, "effectOfAccountingCharges": {}, "otherItems": {}, "netIncome": 32569000, "netIncomeApplicableToCommonShares": 32569000}], "maxAge": 86400}, "cashflowStatementHistoryQuarterly": {"cashflowStatements": [{"maxAge": 1, "endDate": "2020-06-30", "netIncome": -9783000, "changeToLiabilities": 0}, {"maxAge": 1, "endDate": "2020-03-31", "netIncome": 10215119, "changeToLiabilities": 0}, {"maxAge": 1, "endDate": "2019-12-31", "netIncome": 9798000, "changeToLiabilities": 0}, {"maxAge": 1, "endDate": "2019-09-30", "netIncome": 32569000, "changeToLiabilities": 0}], "maxAge": 86400}, "insiderHolders": {"holders": [{"maxAge": 1, "name": "Parikh (Manharlal Chimanlal) HUF", "relation": "UNREPORTED", "url": "", "transactionDescription": "Acquisition", "latestTransDate": "2011-07-14", "positionDirect": 770000, "positionDirectDate": "2011-07-14"}, {"maxAge": 1, "name": "Patel (Areef A)", "relation": "Executive Vice Chairman", "url": "", "transactionDescription": "Acquisition", "latestTransDate": "2013-01-19", "positionDirect": 907384, "positionDirectDate": "2013-01-19"}, {"maxAge": 1, "name": "Patel (Asgar S.)", "relation": "Non Executive Chairman", "url": "", "transactionDescription": "Acquisition", "latestTransDate": "2011-09-02", "positionDirect": 1063550, "positionDirectDate": "2011-09-02"}, {"maxAge": 1, "name": "Transways Combines Pvt Ltd", "relation": "Promoter", "url": "", "transactionDescription": "Sale", "latestTransDate": "2014-08-01", "positionDirect": 72, "positionDirectDate": "2014-08-01"}, {"maxAge": 1, "name": "Wall Street Securities & Investments India Pvt Ltd", "relation": "Promoter", "url": "", "transactionDescription": "Acquisition", "latestTransDate": "2013-08-16", "positionDirect": 179704, "positionDirectDate": "2013-08-16"}], "maxAge": 1}, "earnings": {"maxAge": 86400, "earningsChart": {"quarterly": [], "earningsDate": []}, "financialsChart": {"yearly": [{"date": 2017, "revenue": 4539515382, "earnings": 78571974}, {"date": 2018, "revenue": 4236784901, "earnings": 82253989}, {"date": 2019, "revenue": 4477482834, "earnings": 63253988}, {"date": 2020, "revenue": 3474092723, "earnings": 107406119}], "quarterly": [{"date": "3Q2019", "revenue": 811131000, "earnings": 32569000}, {"date": "4Q2019", "revenue": 830496000, "earnings": 9798000}, {"date": "1Q2020", "revenue": 827969723, "earnings": 10215119}, {"date": "2Q2020", "revenue": 158809000, "earnings": -9783000}]}, "financialCurrency": "INR"}, "calendarEvents": {"maxAge": 1, "earnings": {"earningsDate": []}}, "upgradeDowngradeHistory": {"history": [], "maxAge": 86400}, "price": {"maxAge": 1, "regularMarketChangePercent": -0.012953368, "regularMarketChange": -0.25, "regularMarketTime": "2021-04-30 15:26:37", "priceHint": 2, "regularMarketPrice": 19.05, "regularMarketDayHigh": 20.9, "regularMarketDayLow": 18.65, "regularMarketVolume": 3259, "averageDailyVolume10Day": 4165, "averageDailyVolume3Month": 14543, "regularMarketPreviousClose": 19.3, "regularMarketSource": "FREE_REALTIME", "regularMarketOpen": 20.9, "exchange": "BSE", "exchangeName": "BSE", "exchangeDataDelayedBy": 0, "marketState": "CLOSED", "quoteType": "EQUITY", "symbol": "PATINTLOG.BO", "underlyingSymbol": null, "shortName": "PATEL INTEGRATED LOGISTICS LTD", "longName": "Patel Integrated Logistics Limited", "currency": "INR", "quoteSourceName": "Delayed Quote", "currencySymbol": "\u20b9", "fromCurrency": null, "lastMarket": null, "marketCap": 315008896}, "balanceSheetHistory": {"balanceSheetStatements": [{"maxAge": 1, "endDate": "2020-03-31", "cash": 128713276, "shortTermInvestments": 76786940, "netReceivables": 889152796, "otherCurrentAssets": 321099961, "totalCurrentAssets": 1446738717, "longTermInvestments": 30768026, "propertyPlantEquipment": 475943489, "intangibleAssets": 672921, "otherAssets": 99730259, "totalAssets": 2053853412, "accountsPayable": 127454127, "shortLongTermDebt": 50013591, "otherCurrentLiab": 16493540, "longTermDebt": 191048804, "otherLiab": 54074782, "totalCurrentLiabilities": 618425161, "totalLiab": 863548747, "commonStock": 165359230, "retainedEarnings": 694605063, "treasuryStock": -56896497, "capitalSurplus": 387236869, "otherStockholderEquity": -56896497, "totalStockholderEquity": 1190304665, "netTangibleAssets": 1189631744}, {"maxAge": 1, "endDate": "2019-03-31", "cash": 126266925, "shortTermInvestments": 81947606, "netReceivables": 995290305, "otherCurrentAssets": 269851916, "totalCurrentAssets": 1530701163, "longTermInvestments": 44790623, "propertyPlantEquipment": 555103101, "intangibleAssets": 3009884, "otherAssets": 136572585, "totalAssets": 2270177356, "accountsPayable": 84973599, "shortLongTermDebt": 103010728, "otherCurrentLiab": 23980826, "longTermDebt": 221949769, "otherLiab": 62114287, "totalCurrentLiabilities": 705342569, "totalLiab": 989406625, "commonStock": 165359230, "retainedEarnings": 714685135, "treasuryStock": 13489497, "capitalSurplus": 387236869, "otherStockholderEquity": 13489497, "totalStockholderEquity": 1280770731, "netTangibleAssets": 1277760847}, {"maxAge": 1, "endDate": "2018-03-31", "cash": 168982103, "shortTermInvestments": 96684565, "netReceivables": 1034630363, "otherCurrentAssets": 189389146, "totalCurrentAssets": 1540885309, "longTermInvestments": 47813982, "propertyPlantEquipment": 557436564, "intangibleAssets": 2277040, "otherAssets": 133450184, "totalAssets": 2281863079, "accountsPayable": 195351985, "shortLongTermDebt": 94719737, "otherCurrentLiab": 14357912, "longTermDebt": 203872898, "otherLiab": 59588584, "deferredLongTermLiab": 2155955, "totalCurrentLiabilities": 744024895, "totalLiab": 1007486377, "commonStock": 165359230, "retainedEarnings": 613856841, "treasuryStock": 107923762, "capitalSurplus": 387236869, "otherStockholderEquity": 107923762, "totalStockholderEquity": 1274376702, "netTangibleAssets": 1272099662}, {"maxAge": 1, "endDate": "2017-03-31", "cash": 180653669, "shortTermInvestments": 27960727, "netReceivables": 878876201, "otherCurrentAssets": 188370086, "totalCurrentAssets": 1309728413, "longTermInvestments": 68525098, "propertyPlantEquipment": 494450232, "intangibleAssets": 748599, "otherAssets": 119182706, "totalAssets": 1992635048, "accountsPayable": 104530770, "shortLongTermDebt": 56587220, "otherCurrentLiab": 20853864, "longTermDebt": 180182950, "otherLiab": 52201799, "deferredLongTermLiab": 2694944, "totalCurrentLiabilities": 607683618, "totalLiab": 840068367, "commonStock": 158866120, "retainedEarnings": 551459095, "treasuryStock": 123182252, "capitalSurplus": 319059214, "otherStockholderEquity": 123182252, "totalStockholderEquity": 1152566681, "netTangibleAssets": 1151818082}], "maxAge": 86400}, "earningsTrend": {"trend": [{"maxAge": 1, "period": "0q", "endDate": null, "growth": {}, "earningsEstimate": {"avg": 0.0, "low": 0.0, "high": 0.0, "yearAgoEps": {}, "numberOfAnalysts": 0, "growth": {}}, "revenueEstimate": {"avg": 0, "low": 0, "high": 0, "numberOfAnalysts": 0, "yearAgoRevenue": {}, "growth": {}}, "epsTrend": {"current": 0.0, "7daysAgo": 0.0, "30daysAgo": 0.0, "60daysAgo": 0.0, "90daysAgo": 0.0}, "epsRevisions": {"upLast7days": 0, "upLast30days": 0, "downLast30days": 0, "downLast90days": {}}}, {"maxAge": 1, "period": "+1q", "endDate": null, "growth": {}, "earningsEstimate": {"avg": 0.0, "low": 0.0, "high": 0.0, "yearAgoEps": {}, "numberOfAnalysts": 0, "growth": {}}, "revenueEstimate": {"avg": 0, "low": 0, "high": 0, "numberOfAnalysts": 0, "yearAgoRevenue": {}, "growth": {}}, "epsTrend": {"current": 0.0, "7daysAgo": 0.0, "30daysAgo": 0.0, "60daysAgo": 0.0, "90daysAgo": 0.0}, "epsRevisions": {"upLast7days": 0, "upLast30days": 0, "downLast30days": 0, "downLast90days": {}}}, {"maxAge": 1, "period": "0y", "endDate": null, "growth": {}, "earningsEstimate": {"avg": 0.0, "low": 0.0, "high": 0.0, "yearAgoEps": {}, "numberOfAnalysts": 0, "growth": {}}, "revenueEstimate": {"avg": 0, "low": 0, "high": 0, "numberOfAnalysts": 0, "yearAgoRevenue": {}, "growth": {}}, "epsTrend": {"current": 0.0, "7daysAgo": 0.0, "30daysAgo": 0.0, "60daysAgo": 0.0, "90daysAgo": 0.0}, "epsRevisions": {"upLast7days": 0, "upLast30days": 0, "downLast30days": 0, "downLast90days": {}}}, {"maxAge": 1, "period": "+1y", "endDate": null, "growth": {}, "earningsEstimate": {"avg": 0.0, "low": 0.0, "high": 0.0, "yearAgoEps": {}, "numberOfAnalysts": 0, "growth": {}}, "revenueEstimate": {"avg": 0, "low": 0, "high": 0, "numberOfAnalysts": 0, "yearAgoRevenue": {}, "growth": {}}, "epsTrend": {"current": 0.0, "7daysAgo": 0.0, "30daysAgo": 0.0, "60daysAgo": 0.0, "90daysAgo": 0.0}, "epsRevisions": {"upLast7days": 0, "upLast30days": 0, "downLast30days": 0, "downLast90days": {}}}, {"maxAge": 1, "period": "+5y", "endDate": null, "growth": {}, "earningsEstimate": {"avg": {}, "low": {}, "high": {}, "yearAgoEps": {}, "numberOfAnalysts": {}, "growth": {}}, "revenueEstimate": {"avg": {}, "low": {}, "high": {}, "numberOfAnalysts": {}, "yearAgoRevenue": {}, "growth": {}}, "epsTrend": {"current": {}, "7daysAgo": {}, "30daysAgo": {}, "60daysAgo": {}, "90daysAgo": {}}, "epsRevisions": {"upLast7days": {}, "upLast30days": {}, "downLast30days": {}, "downLast90days": {}}}, {"maxAge": 1, "period": "-5y", "endDate": null, "growth": {}, "earningsEstimate": {"avg": {}, "low": {}, "high": {}, "yearAgoEps": {}, "numberOfAnalysts": {}, "growth": {}}, "revenueEstimate": {"avg": {}, "low": {}, "high": {}, "numberOfAnalysts": {}, "yearAgoRevenue": {}, "growth": {}}, "epsTrend": {"current": {}, "7daysAgo": {}, "30daysAgo": {}, "60daysAgo": {}, "90daysAgo": {}}, "epsRevisions": {"upLast7days": {}, "upLast30days": {}, "downLast30days": {}, "downLast90days": {}}}], "maxAge": 1}, "financialData": {"maxAge": 86400, "currentPrice": 19.05, "targetHighPrice": 98.0, "targetLowPrice": 98.0, "targetMeanPrice": 98.0, "targetMedianPrice": 98.0, "recommendationKey": "none", "numberOfAnalystOpinions": 1, "grossProfits": 202759460, "financialCurrency": "INR"}}}