{"PATSPINLTD.BO": {"cashflowStatementHistory": {"cashflowStatements": [{"maxAge": 1, "endDate": "2020-03-31", "netIncome": -240177000, "depreciation": 103535000, "changeToNetincome": 104762000, "changeToAccountReceivables": 333826000, "changeToLiabilities": -241059000, "changeToInventory": 400378000, "changeToOperatingActivities": -116154000, "totalCashFromOperatingActivities": 345111000, "capitalExpenditures": -6252000, "investments": -59000, "otherCashflowsFromInvestingActivities": 27429000, "totalCashflowsFromInvestingActivities": 21828000, "netBorrowings": -210846000, "otherCashflowsFromFinancingActivities": -171921000, "totalCashFromFinancingActivities": -382767000, "changeInCash": -15828000}, {"maxAge": 1, "endDate": "2019-03-31", "netIncome": -23602000, "depreciation": 103280000, "changeToNetincome": 259650000, "changeToAccountReceivables": -143799000, "changeToLiabilities": 211036000, "changeToInventory": 111961000, "changeToOperatingActivities": -143033000, "totalCashFromOperatingActivities": 375493000, "capitalExpenditures": -29272000, "investments": 5347000, "otherCashflowsFromInvestingActivities": 24860000, "totalCashflowsFromInvestingActivities": 28006000, "netBorrowings": -153000000, "otherCashflowsFromFinancingActivities": -234369000, "totalCashFromFinancingActivities": -387369000, "changeInCash": 16130000}, {"maxAge": 1, "endDate": "2018-03-31", "netIncome": -43459000, "depreciation": 104445000, "changeToNetincome": 290453000, "changeToAccountReceivables": -13180000, "changeToLiabilities": 288364000, "changeToInventory": 5387000, "changeToOperatingActivities": -154691000, "totalCashFromOperatingActivities": 477319000, "capitalExpenditures": -8270000, "investments": -324000, "otherCashflowsFromInvestingActivities": 15095000, "totalCashflowsFromInvestingActivities": 71876000, "netBorrowings": -392971000, "otherCashflowsFromFinancingActivities": -181807000, "totalCashFromFinancingActivities": -574778000, "changeInCash": -25583000}, {"maxAge": 1, "endDate": "2017-03-31", "netIncome": 100054000, "depreciation": 118917000, "changeToNetincome": 303548000, "changeToAccountReceivables": -273427000, "changeToLiabilities": -75214000, "changeToInventory": -18417000, "changeToOperatingActivities": 315865000, "totalCashFromOperatingActivities": 471326000, "capitalExpenditures": -29332000, "investments": 8870000, "otherCashflowsFromInvestingActivities": 20428000, "totalCashflowsFromInvestingActivities": 115948000, "netBorrowings": -325867000, "otherCashflowsFromFinancingActivities": -267322000, "totalCashFromFinancingActivities": -593189000, "changeInCash": -5916000}], "maxAge": 86400}, "institutionOwnership": {"ownershipList": [], "maxAge": 1}, "balanceSheetHistoryQuarterly": {"balanceSheetStatements": [{"maxAge": 1, "endDate": "2020-06-30", "totalStockholderEquity": 335700000, "netTangibleAssets": 335600000}, {"maxAge": 1, "endDate": "2020-03-31", "cash": 10066000, "netReceivables": 264533000, "inventory": 259015000, "otherCurrentAssets": 116241000, "totalCurrentAssets": 660146000, "longTermInvestments": 1745000, "propertyPlantEquipment": 1904506000, "intangibleAssets": 76000, "otherAssets": 137779000, "deferredLongTermAssetCharges": 127531000, "totalAssets": 2704252000, "accountsPayable": 792085000, "shortLongTermDebt": 237917000, "otherCurrentLiab": 19088000, "longTermDebt": 576199000, "otherLiab": 31763000, "totalCurrentLiabilities": 1760562000, "totalLiab": 2368524000, "commonStock": 309200000, "retainedEarnings": -592878000, "treasuryStock": 572578000, "capitalSurplus": 46828000, "otherStockholderEquity": 572578000, "totalStockholderEquity": 335728000, "netTangibleAssets": 335652000}, {"maxAge": 1, "endDate": "2019-12-31", "totalStockholderEquity": 437500000, "netTangibleAssets": 437400000}, {"maxAge": 1, "endDate": "2019-09-30", "cash": 106700000, "netReceivables": 481700000, "inventory": 637300000, "otherCurrentAssets": 95100000, "totalCurrentAssets": 1320800000, "longTermInvestments": 1800000, "propertyPlantEquipment": 1955800000, "intangibleAssets": 100000, "otherAssets": 19200000, "deferredLongTermAssetCharges": 10100000, "totalAssets": 3297700000, "accountsPayable": 1025400000, "shortLongTermDebt": 1160900000, "otherCurrentLiab": 20900000, "longTermDebt": 567200000, "otherLiab": 38900000, "totalCurrentLiabilities": 2254100000, "totalLiab": 2860200000, "commonStock": 309200000, "treasuryStock": 128300000, "otherStockholderEquity": 128300000, "totalStockholderEquity": 437500000, "netTangibleAssets": 437400000}], "maxAge": 86400}, "indexTrend": {"maxAge": 1, "symbol": "SP5", "peRatio": 19.7411, "pegRatio": 1.34172, "estimates": [{"period": "0q", "growth": 0.549}, {"period": "+1q", "growth": 0.431}, {"period": "0y", "growth": 0.305}, {"period": "+1y", "growth": 0.109}, {"period": "+5y", "growth": 0.120865}, {"period": "-5y"}]}, "insiderTransactions": {"transactions": [{"maxAge": 1, "shares": 1234300, "filerUrl": "", "transactionText": "", "filerName": "Beekaypee Credit Pvt Ltd", "filerRelation": "Promoter", "moneyText": "", "startDate": "2014-01-24", "ownership": "D"}, {"maxAge": 1, "shares": 3000000, "filerUrl": "", "transactionText": "", "filerName": "Itochu Textile Materials Asia Ltd", "filerRelation": "Promoter", "moneyText": "", "startDate": "2014-01-24", "ownership": "D"}, {"maxAge": 1, "shares": 1405700, "filerUrl": "", "transactionText": "", "filerName": "Patodia Exports & Investments Pvt Ltd", "filerRelation": "Promoter", "moneyText": "", "startDate": "2014-01-24", "ownership": "D"}, {"maxAge": 1, "shares": 360000, "filerUrl": "", "transactionText": "", "filerName": "Umang Finance Pvt Ltd", "filerRelation": "Promoter", "moneyText": "", "startDate": "2014-01-24", "ownership": "D"}], "maxAge": 1}, "quoteType": {"exchange": "BSE", "quoteType": "EQUITY", "symbol": "PATSPINLTD.BO", "underlyingSymbol": "PATSPINLTD.BO", "shortName": "PATSPIN INDIA LTD.", "longName": "Patspin India Limited", "firstTradeDateEpochUtc": "2001-11-07 09:15:00", "timeZoneFullName": "Asia/Kolkata", "timeZoneShortName": "IST", "uuid": "389162b0-4bed-381d-94fd-0b9c7245af7b", "gmtOffSetMilliseconds": 19800000, "maxAge": 1}, "incomeStatementHistory": {"incomeStatementHistory": [{"maxAge": 1, "endDate": "2020-03-31", "totalRevenue": 3930513000, "costOfRevenue": 2976272000, "grossProfit": 954241000, "researchDevelopment": {}, "sellingGeneralAdministrative": 346214000, "nonRecurring": {}, "otherOperatingExpenses": 602841000, "totalOperatingExpenses": 4028862000, "operatingIncome": -98349000, "totalOtherIncomeExpenseNet": -263360000, "ebit": -98349000, "interestExpense": -230099000, "incomeBeforeTax": -361709000, "incomeTaxExpense": -121532000, "minorityInterest": {}, "netIncomeFromContinuingOps": -240177000, "discontinuedOperations": {}, "extraordinaryItems": {}, "effectOfAccountingCharges": {}, "otherItems": {}, "netIncome": -240177000, "netIncomeApplicableToCommonShares": -243691000}, {"maxAge": 1, "endDate": "2019-03-31", "totalRevenue": 5485151000, "costOfRevenue": 4023461000, "grossProfit": 1461690000, "researchDevelopment": {}, "sellingGeneralAdministrative": 359666000, "nonRecurring": {}, "otherOperatingExpenses": 730177000, "totalOperatingExpenses": 5216584000, "operatingIncome": 268567000, "totalOtherIncomeExpenseNet": -299085000, "ebit": 268567000, "interestExpense": -250580000, "incomeBeforeTax": -30518000, "incomeTaxExpense": -6916000, "minorityInterest": {}, "netIncomeFromContinuingOps": -23602000, "discontinuedOperations": {}, "extraordinaryItems": {}, "effectOfAccountingCharges": {}, "otherItems": {}, "netIncome": -23602000, "netIncomeApplicableToCommonShares": -27116000}, {"maxAge": 1, "endDate": "2018-03-31", "totalRevenue": 5228378000, "costOfRevenue": 3872658000, "grossProfit": 1355720000, "researchDevelopment": {}, "sellingGeneralAdministrative": 356206000, "nonRecurring": {}, "otherOperatingExpenses": 698845000, "totalOperatingExpenses": 5032154000, "operatingIncome": 196224000, "totalOtherIncomeExpenseNet": -223036000, "ebit": 196224000, "interestExpense": -286616000, "incomeBeforeTax": -26812000, "incomeTaxExpense": 16647000, "minorityInterest": {}, "netIncomeFromContinuingOps": -43459000, "discontinuedOperations": {}, "extraordinaryItems": {}, "effectOfAccountingCharges": {}, "otherItems": {}, "netIncome": -43459000, "netIncomeApplicableToCommonShares": -46973000}, {"maxAge": 1, "endDate": "2017-03-31", "totalRevenue": 5315443000, "costOfRevenue": 3808625000, "grossProfit": 1506818000, "researchDevelopment": {}, "sellingGeneralAdministrative": 339990000, "nonRecurring": {}, "otherOperatingExpenses": 647063000, "totalOperatingExpenses": 4914595000, "operatingIncome": 400848000, "totalOtherIncomeExpenseNet": -269552000, "ebit": 400848000, "interestExpense": -305912000, "incomeBeforeTax": 131296000, "incomeTaxExpense": 31242000, "minorityInterest": {}, "netIncomeFromContinuingOps": 100054000, "discontinuedOperations": {}, "extraordinaryItems": {}, "effectOfAccountingCharges": {}, "otherItems": {}, "netIncome": 100054000, "netIncomeApplicableToCommonShares": 96540000}], "maxAge": 86400}, "fundOwnership": {"ownershipList": [], "maxAge": 1}, "summaryDetail": {"maxAge": 1, "priceHint": 4, "previousClose": 4.75, "open": 4.46, "dayLow": 4.45, "dayHigh": 4.6, "regularMarketPreviousClose": 4.75, "regularMarketOpen": 4.46, "regularMarketDayLow": 4.45, "regularMarketDayHigh": 4.6, "volume": 800, "regularMarketVolume": 800, "averageVolume": 1685, "averageVolume10days": 1271, "averageDailyVolume10Day": 1271, "bid": 4.45, "ask": 4.6, "bidSize": 0, "askSize": 0, "marketCap": 149967360, "fiftyTwoWeekLow": 3.8, "fiftyTwoWeekHigh": 7.81, "fiftyDayAverage": 6.522727, "twoHundredDayAverage": 5.6455474, "currency": "INR", "fromCurrency": null, "lastMarket": null, "algorithm": null, "tradeable": false}, "incomeStatementHistoryQuarterly": {"incomeStatementHistory": [{"maxAge": 1, "endDate": "2020-06-30", "totalRevenue": 266500000, "costOfRevenue": 153300000, "grossProfit": 113200000, "researchDevelopment": {}, "sellingGeneralAdministrative": 48400000, "nonRecurring": {}, "otherOperatingExpenses": 80100000, "totalOperatingExpenses": 307400000, "operatingIncome": -40900000, "totalOtherIncomeExpenseNet": -54000000, "ebit": -40900000, "interestExpense": -54600000, "incomeBeforeTax": -94900000, "incomeTaxExpense": 0, "minorityInterest": {}, "netIncomeFromContinuingOps": -94900000, "discontinuedOperations": {}, "extraordinaryItems": {}, "effectOfAccountingCharges": {}, "otherItems": {}, "netIncome": -94900000, "netIncomeApplicableToCommonShares": -94900000}, {"maxAge": 1, "endDate": "2020-03-31", "totalRevenue": 664413000, "costOfRevenue": 511972000, "grossProfit": 152441000, "researchDevelopment": {}, "sellingGeneralAdministrative": 80514000, "nonRecurring": {}, "otherOperatingExpenses": 85641000, "totalOperatingExpenses": 703862000, "operatingIncome": -39449000, "totalOtherIncomeExpenseNet": -69760000, "ebit": -39449000, "interestExpense": -15199000, "incomeBeforeTax": -109209000, "incomeTaxExpense": -121532000, "minorityInterest": {}, "netIncomeFromContinuingOps": 12323000, "discontinuedOperations": {}, "extraordinaryItems": {}, "effectOfAccountingCharges": {}, "otherItems": {}, "netIncome": 12323000, "netIncomeApplicableToCommonShares": 8809000}, {"maxAge": 1, "endDate": "2019-12-31", "totalRevenue": 930600000, "costOfRevenue": 714400000, "grossProfit": 216200000, "researchDevelopment": {}, "sellingGeneralAdministrative": 85900000, "nonRecurring": {}, "otherOperatingExpenses": 161400000, "totalOperatingExpenses": 987700000, "operatingIncome": -57100000, "totalOtherIncomeExpenseNet": -51400000, "ebit": -57100000, "interestExpense": -67000000, "incomeBeforeTax": -108500000, "incomeTaxExpense": 0, "minorityInterest": {}, "netIncomeFromContinuingOps": -108500000, "discontinuedOperations": {}, "extraordinaryItems": {}, "effectOfAccountingCharges": {}, "otherItems": {}, "netIncome": -108500000, "netIncomeApplicableToCommonShares": -108500000}, {"maxAge": 1, "endDate": "2019-09-30", "totalRevenue": 1140800000, "costOfRevenue": 846300000, "grossProfit": 294500000, "researchDevelopment": {}, "sellingGeneralAdministrative": 92200000, "nonRecurring": {}, "otherOperatingExpenses": 190700000, "totalOperatingExpenses": 1155200000, "operatingIncome": -14400000, "totalOtherIncomeExpenseNet": -68200000, "ebit": -14400000, "interestExpense": -72700000, "incomeBeforeTax": -82600000, "incomeTaxExpense": 0, "minorityInterest": {}, "netIncomeFromContinuingOps": -82600000, "discontinuedOperations": {}, "extraordinaryItems": {}, "effectOfAccountingCharges": {}, "otherItems": {}, "netIncome": -82600000, "netIncomeApplicableToCommonShares": -82600000}], "maxAge": 86400}, "cashflowStatementHistoryQuarterly": {"cashflowStatements": [{"maxAge": 1, "endDate": "2020-06-30", "netIncome": -94900000, "changeToLiabilities": 0}, {"maxAge": 1, "endDate": "2020-03-31", "netIncome": 12323000, "changeToLiabilities": 0}, {"maxAge": 1, "endDate": "2019-12-31", "netIncome": -108500000, "changeToLiabilities": 0}, {"maxAge": 1, "endDate": "2019-09-30", "netIncome": -82600000, "changeToLiabilities": 0}], "maxAge": 86400}, "insiderHolders": {"holders": [{"maxAge": 1, "name": "Beekaypee Credit Pvt Ltd", "relation": "Promoter", "url": "", "transactionDescription": "Other", "latestTransDate": "2014-01-24", "positionDirect": 1366900, "positionDirectDate": "2014-01-24"}, {"maxAge": 1, "name": "Itochu Textile Materials Asia Ltd", "relation": "Promoter", "url": "", "transactionDescription": "Other", "latestTransDate": "2014-01-24", "positionDirect": 0, "positionDirectDate": "2014-01-24"}, {"maxAge": 1, "name": "Patodia Exports & Investments Pvt Ltd", "relation": "Promoter", "url": "", "transactionDescription": "Other", "latestTransDate": "2014-01-24", "positionDirect": 1487700, "positionDirectDate": "2014-01-24"}, {"maxAge": 1, "name": "Umang Finance Pvt Ltd", "relation": "Promoter", "url": "", "transactionDescription": "Other", "latestTransDate": "2014-01-24", "positionDirect": 384900, "positionDirectDate": "2014-01-24"}], "maxAge": 1}, "calendarEvents": {"maxAge": 1, "earnings": {"earningsDate": []}}, "upgradeDowngradeHistory": {"history": [], "maxAge": 86400}, "price": {"maxAge": 1, "regularMarketChangePercent": -0.03157897, "regularMarketChange": -0.1500001, "regularMarketTime": "2021-04-30 14:21:34", "priceHint": 4, "regularMarketPrice": 4.6, "regularMarketDayHigh": 4.6, "regularMarketDayLow": 4.45, "regularMarketVolume": 800, "averageDailyVolume10Day": 1271, "averageDailyVolume3Month": 1685, "regularMarketPreviousClose": 4.75, "regularMarketSource": "FREE_REALTIME", "regularMarketOpen": 4.46, "exchange": "BSE", "exchangeName": "BSE", "exchangeDataDelayedBy": 0, "marketState": "CLOSED", "quoteType": "EQUITY", "symbol": "PATSPINLTD.BO", "underlyingSymbol": null, "shortName": "PATSPIN INDIA LTD.", "longName": "Patspin India Limited", "currency": "INR", "quoteSourceName": "Delayed Quote", "currencySymbol": "\u20b9", "fromCurrency": null, "lastMarket": null, "marketCap": 149967360}, "balanceSheetHistory": {"balanceSheetStatements": [{"maxAge": 1, "endDate": "2020-03-31", "cash": 10066000, "netReceivables": 264533000, "inventory": 259015000, "otherCurrentAssets": 116241000, "totalCurrentAssets": 660146000, "longTermInvestments": 1745000, "propertyPlantEquipment": 1904506000, "intangibleAssets": 76000, "otherAssets": 137779000, "deferredLongTermAssetCharges": 127531000, "totalAssets": 2704252000, "accountsPayable": 792085000, "shortLongTermDebt": 237917000, "otherCurrentLiab": 19088000, "longTermDebt": 576199000, "otherLiab": 31763000, "totalCurrentLiabilities": 1760562000, "totalLiab": 2368524000, "commonStock": 309200000, "retainedEarnings": -592878000, "treasuryStock": 572578000, "capitalSurplus": 46828000, "otherStockholderEquity": 572578000, "totalStockholderEquity": 335728000, "netTangibleAssets": 335652000}, {"maxAge": 1, "endDate": "2019-03-31", "cash": 25894000, "netReceivables": 606320000, "inventory": 659393000, "otherCurrentAssets": 144410000, "totalCurrentAssets": 1445382000, "longTermInvestments": 1744000, "propertyPlantEquipment": 2002290000, "intangibleAssets": 76000, "otherAssets": 30715000, "deferredLongTermAssetCharges": 7419000, "totalAssets": 3480207000, "accountsPayable": 1018851000, "shortLongTermDebt": 318714000, "otherCurrentLiab": 12263000, "longTermDebt": 688628000, "otherLiab": 24541000, "totalCurrentLiabilities": 2184488000, "totalLiab": 2897657000, "commonStock": 309200000, "retainedEarnings": -352701000, "treasuryStock": 579223000, "capitalSurplus": 46828000, "otherStockholderEquity": 579223000, "totalStockholderEquity": 582550000, "netTangibleAssets": 582474000}, {"maxAge": 1, "endDate": "2018-03-31", "cash": 9764000, "netReceivables": 467856000, "inventory": 771354000, "otherCurrentAssets": 117645000, "totalCurrentAssets": 1380098000, "longTermInvestments": 7106000, "propertyPlantEquipment": 2121718000, "intangibleAssets": 76000, "otherAssets": 70112000, "deferredLongTermAssetCharges": 3389000, "totalAssets": 3579110000, "accountsPayable": 816449000, "shortLongTermDebt": 259638000, "otherCurrentLiab": 21757000, "longTermDebt": 950866000, "otherLiab": 22329000, "totalCurrentLiabilities": 1989240000, "totalLiab": 2962500000, "commonStock": 309200000, "retainedEarnings": -349749000, "treasuryStock": 610331000, "capitalSurplus": 46828000, "otherStockholderEquity": 610331000, "totalStockholderEquity": 616610000, "netTangibleAssets": 616534000}, {"maxAge": 1, "endDate": "2017-03-31", "cash": 35347000, "netReceivables": 456007000, "inventory": 776741000, "otherCurrentAssets": 175515000, "totalCurrentAssets": 1451510000, "longTermInvestments": 5808000, "propertyPlantEquipment": 2274553000, "intangibleAssets": 76000, "otherAssets": 85204000, "deferredLongTermAssetCharges": 12606000, "totalAssets": 3817151000, "accountsPayable": 512574000, "shortLongTermDebt": 359674000, "otherCurrentLiab": 105211000, "longTermDebt": 1225077000, "otherLiab": 20247000, "totalCurrentLiabilities": 1903678000, "totalLiab": 3149248000, "commonStock": 309200000, "retainedEarnings": -306290000, "treasuryStock": 618165000, "capitalSurplus": 46828000, "otherStockholderEquity": 618165000, "totalStockholderEquity": 667903000, "netTangibleAssets": 667827000}], "maxAge": 86400}, "financialData": {"maxAge": 86400, "currentPrice": 4.6, "recommendationKey": "none", "grossProfits": 954241000, "financialCurrency": "INR"}}}