{"PAUSHAKLTD.BO": {"recommendationTrend": {"trend": [{"period": "0m", "strongBuy": 0, "buy": 0, "hold": 0, "sell": 0, "strongSell": 0}, {"period": "-1m", "strongBuy": 0, "buy": 0, "hold": 0, "sell": 0, "strongSell": 0}, {"period": "-2m", "strongBuy": 0, "buy": 0, "hold": 0, "sell": 0, "strongSell": 0}, {"period": "-3m", "strongBuy": 0, "buy": 0, "hold": 0, "sell": 0, "strongSell": 0}], "maxAge": 86400}, "cashflowStatementHistory": {"cashflowStatements": [{"maxAge": 1, "endDate": "2020-03-31", "netIncome": 349121000, "depreciation": 43821000, "changeToNetincome": -49457000, "changeToAccountReceivables": 64071000, "changeToLiabilities": 29812000, "changeToInventory": 16443000, "changeToOperatingActivities": -40755000, "totalCashFromOperatingActivities": 413056000, "capitalExpenditures": -170535000, "investments": -278322000, "otherCashflowsFromInvestingActivities": 32435000, "totalCashflowsFromInvestingActivities": -391873000, "dividendsPaid": -15246000, "netBorrowings": -35000, "otherCashflowsFromFinancingActivities": -3185000, "totalCashFromFinancingActivities": -18466000, "changeInCash": 2717000}, {"maxAge": 1, "endDate": "2019-03-31", "netIncome": 389574000, "depreciation": 38651000, "changeToNetincome": -131508000, "changeToAccountReceivables": 61980000, "changeToLiabilities": -66236000, "changeToInventory": -58018000, "changeToOperatingActivities": 998000, "totalCashFromOperatingActivities": 235441000, "capitalExpenditures": -103752000, "investments": -5602000, "otherCashflowsFromInvestingActivities": 6522000, "totalCashflowsFromInvestingActivities": -1101000, "dividendsPaid": -9216000, "netBorrowings": -5709000, "otherCashflowsFromFinancingActivities": -1967000, "totalCashFromFinancingActivities": -229392000, "changeInCash": 4948000, "repurchaseOfStock": -212500000}, {"maxAge": 1, "endDate": "2018-03-31", "netIncome": 214708000, "depreciation": 33870000, "changeToNetincome": -10555000, "changeToAccountReceivables": -222590000, "changeToLiabilities": 126211000, "changeToInventory": -35151000, "changeToOperatingActivities": -1660000, "totalCashFromOperatingActivities": 104833000, "capitalExpenditures": -56422000, "investments": -52390000, "otherCashflowsFromInvestingActivities": 10571000, "totalCashflowsFromInvestingActivities": -98241000, "dividendsPaid": -9407000, "netBorrowings": 5374000, "otherCashflowsFromFinancingActivities": -1996000, "totalCashFromFinancingActivities": -6029000, "changeInCash": 563000, "repurchaseOfStock": -212500000}, {"maxAge": 1, "endDate": "2017-03-31", "netIncome": 109424000, "depreciation": 32124000, "changeToNetincome": -38024000, "changeToAccountReceivables": 44231000, "changeToLiabilities": -33255000, "changeToInventory": 5562000, "changeToOperatingActivities": 4298000, "totalCashFromOperatingActivities": 124360000, "capitalExpenditures": -55716000, "investments": -61275000, "otherCashflowsFromInvestingActivities": 8849000, "totalCashflowsFromInvestingActivities": -108142000, "dividendsPaid": -9460000, "netBorrowings": -4771000, "otherCashflowsFromFinancingActivities": -2113000, "totalCashFromFinancingActivities": -16344000, "changeInCash": -126000, "repurchaseOfStock": -212500000}], "maxAge": 86400}, "institutionOwnership": {"maxAge": 1, "ownershipList": []}, "balanceSheetHistoryQuarterly": {"balanceSheetStatements": [{"maxAge": 1, "endDate": "2020-06-30", "totalStockholderEquity": 2272418000, "netTangibleAssets": 2271696000}, {"maxAge": 1, "endDate": "2020-03-31", "cash": 7988000, "shortTermInvestments": 118000, "netReceivables": 271552000, "inventory": 162543000, "otherCurrentAssets": 12052000, "totalCurrentAssets": 1105232000, "longTermInvestments": 985818000, "propertyPlantEquipment": 565663000, "intangibleAssets": 722000, "otherAssets": 40835000, "totalAssets": 2698270000, "accountsPayable": 137444000, "otherCurrentLiab": 10352000, "otherLiab": 263643000, "totalCurrentLiabilities": 162209000, "totalLiab": 425852000, "commonStock": 30821000, "retainedEarnings": 1430519000, "treasuryStock": 811078000, "otherStockholderEquity": 811078000, "totalStockholderEquity": 2272418000, "netTangibleAssets": 2271696000}, {"maxAge": 1, "endDate": "2019-12-31", "totalStockholderEquity": 1931100000, "netTangibleAssets": 1930300000}, {"maxAge": 1, "endDate": "2019-09-30", "cash": 4900000, "shortTermInvestments": 486600000, "netReceivables": 347800000, "inventory": 155500000, "otherCurrentAssets": 21900000, "totalCurrentAssets": 1016700000, "longTermInvestments": 813100000, "propertyPlantEquipment": 453700000, "intangibleAssets": 800000, "otherAssets": 29000000, "totalAssets": 2313300000, "accountsPayable": 107800000, "otherCurrentLiab": 36800000, "otherLiab": 233300000, "totalCurrentLiabilities": 148900000, "totalLiab": 382200000, "commonStock": 30800000, "treasuryStock": 1900300000, "otherStockholderEquity": 1900300000, "totalStockholderEquity": 1931100000, "netTangibleAssets": 1930300000}], "maxAge": 86400}, "earningsHistory": {"history": [{"maxAge": 1, "epsActual": {}, "epsEstimate": {}, "epsDifference": {}, "surprisePercent": {}, "quarter": {}, "period": "-4q"}, {"maxAge": 1, "epsActual": {}, "epsEstimate": {}, "epsDifference": {}, "surprisePercent": {}, "quarter": {}, "period": "-3q"}, {"maxAge": 1, "epsActual": {}, "epsEstimate": {}, "epsDifference": {}, "surprisePercent": {}, "quarter": {}, "period": "-2q"}, {"maxAge": 1, "epsActual": {}, "epsEstimate": {}, "epsDifference": {}, "surprisePercent": {}, "quarter": {}, "period": "-1q"}], "maxAge": 86400}, "indexTrend": {"maxAge": 1, "symbol": "SP5", "peRatio": 19.7411, "pegRatio": 1.34172, "estimates": [{"period": "0q", "growth": 0.549}, {"period": "+1q", "growth": 0.431}, {"period": "0y", "growth": 0.305}, {"period": "+1y", "growth": 0.109}, {"period": "+5y", "growth": 0.120859005}, {"period": "-5y"}]}, "industryTrend": {"maxAge": 1, "symbol": null, "estimates": []}, "insiderTransactions": {"transactions": [{"maxAge": 1, "shares": 300, "value": 16324, "filerUrl": "", "transactionText": "Sale at price 54.41 per share.", "filerName": "Patel (Vishal V)", "filerRelation": "UNREPORTED", "moneyText": "", "startDate": "2020-08-12", "ownership": "D"}, {"maxAge": 1, "shares": 0, "filerUrl": "", "transactionText": "", "filerName": "Amin (Pranav Chirayu)", "filerRelation": "Promoter", "moneyText": "", "startDate": "2020-01-02", "ownership": "I"}, {"maxAge": 1, "shares": 0, "filerUrl": "", "transactionText": "", "filerName": "Amin (Malika C)", "filerRelation": "Promoter", "moneyText": "", "startDate": "2020-01-02", "ownership": "I"}, {"maxAge": 1, "shares": 10, "filerUrl": "", "transactionText": "", "filerName": "Amin (Barkha Pranav)", "filerRelation": "Promoter", "moneyText": "", "startDate": "2019-12-24", "ownership": "D"}, {"maxAge": 1, "shares": 10, "filerUrl": "", "transactionText": "", "filerName": "Viramya Packlight, Ltd.", "filerRelation": "Promoter", "moneyText": "", "startDate": "2019-12-24", "ownership": "D"}, {"maxAge": 1, "shares": 10, "filerUrl": "", "transactionText": "", "filerName": "Amin (Samira Pranav)", "filerRelation": "Promoter", "moneyText": "", "startDate": "2019-12-24", "ownership": "D"}, {"maxAge": 1, "shares": 10, "filerUrl": "", "transactionText": "", "filerName": "Amin (Ranvir Pranav)", "filerRelation": "Promoter", "moneyText": "", "startDate": "2019-12-24", "ownership": "D"}, {"maxAge": 1, "shares": 10, "filerUrl": "", "transactionText": "", "filerName": "Amin (Naintara Shaunak)", "filerRelation": "Promoter", "moneyText": "", "startDate": "2019-12-24", "ownership": "D"}, {"maxAge": 1, "shares": 10, "filerUrl": "", "transactionText": "", "filerName": "Amin (Krupa Shaunak)", "filerRelation": "Promoter", "moneyText": "", "startDate": "2019-12-24", "ownership": "D"}, {"maxAge": 1, "shares": 10, "filerUrl": "", "transactionText": "", "filerName": "Amin (Inaaya Shaunak)", "filerRelation": "Promoter", "moneyText": "", "startDate": "2019-12-24", "ownership": "D"}, {"maxAge": 1, "shares": 10, "filerUrl": "", "transactionText": "", "filerName": "Alembic City Ltd", "filerRelation": "Promoter", "moneyText": "", "startDate": "2019-09-25", "ownership": "D"}, {"maxAge": 1, "shares": 10, "filerUrl": "", "transactionText": "", "filerName": "Laksh Trust", "filerRelation": "Promoter", "moneyText": "", "startDate": "2019-09-25", "ownership": "D"}, {"maxAge": 1, "shares": 10, "filerUrl": "", "transactionText": "", "filerName": "Grace Star Trust", "filerRelation": "Promoter", "moneyText": "", "startDate": "2019-09-25", "ownership": "D"}, {"maxAge": 1, "shares": 10, "filerUrl": "", "transactionText": "", "filerName": "Gallup Trust", "filerRelation": "Promoter", "moneyText": "", "startDate": "2019-09-25", "ownership": "D"}, {"maxAge": 1, "shares": 10, "filerUrl": "", "transactionText": "", "filerName": "Satori Trust", "filerRelation": "Retired", "moneyText": "", "startDate": "2019-09-25", "ownership": "D"}, {"maxAge": 1, "shares": 10, "filerUrl": "", "transactionText": "", "filerName": "Shreno Publications Ltd", "filerRelation": "Promoter", "moneyText": "", "startDate": "2019-09-25", "ownership": "D"}, {"maxAge": 1, "shares": 5324, "filerUrl": "", "transactionText": "", "filerName": "Uday Education Society", "filerRelation": "Promoter", "moneyText": "", "startDate": "2019-04-03", "ownership": "D"}, {"maxAge": 1, "shares": 3222, "filerUrl": "", "transactionText": "", "filerName": "Arogyavardhini Society", "filerRelation": "Promoter", "moneyText": "", "startDate": "2019-04-03", "ownership": "D"}, {"maxAge": 1, "shares": 3222, "filerUrl": "", "transactionText": "", "filerName": "Bhailal Amin General Hospital", "filerRelation": "Promoter", "moneyText": "", "startDate": "2019-04-03", "ownership": "D"}, {"maxAge": 1, "shares": 108, "filerUrl": "", "transactionText": "", "filerName": "Vidyanidhi Trust", "filerRelation": "Promoter", "moneyText": "", "startDate": "2019-04-03", "ownership": "D"}], "maxAge": 1}, "quoteType": {"exchange": "BSE", "quoteType": "EQUITY", "symbol": "PAUSHAKLTD.BO", "underlyingSymbol": "PAUSHAKLTD.BO", "shortName": "PAUSHAK LTD.", "longName": "Paushak Limited", "firstTradeDateEpochUtc": "2006-05-11 09:15:00", "timeZoneFullName": "Asia/Kolkata", "timeZoneShortName": "IST", "uuid": "0f3b6f60-b19e-3781-bc96-0186497169f0", "messageBoardId": null, "gmtOffSetMilliseconds": 19800000, "maxAge": 1}, "incomeStatementHistory": {"incomeStatementHistory": [{"maxAge": 1, "endDate": "2020-03-31", "totalRevenue": 1379296000, "costOfRevenue": 497303000, "grossProfit": 881993000, "researchDevelopment": {}, "sellingGeneralAdministrative": 215465000, "nonRecurring": {}, "otherOperatingExpenses": 237822000, "totalOperatingExpenses": 994411000, "operatingIncome": 384885000, "totalOtherIncomeExpenseNet": 68847000, "ebit": 384885000, "interestExpense": -16000, "incomeBeforeTax": 453732000, "incomeTaxExpense": 104611000, "minorityInterest": {}, "netIncomeFromContinuingOps": 349121000, "discontinuedOperations": {}, "extraordinaryItems": {}, "effectOfAccountingCharges": {}, "otherItems": {}, "netIncome": 349121000, "netIncomeApplicableToCommonShares": 349121000}, {"maxAge": 1, "endDate": "2019-03-31", "totalRevenue": 1396222000, "costOfRevenue": 575388000, "grossProfit": 820834000, "researchDevelopment": {}, "sellingGeneralAdministrative": 184743000, "nonRecurring": {}, "otherOperatingExpenses": 231162000, "totalOperatingExpenses": 1029944000, "operatingIncome": 366278000, "totalOtherIncomeExpenseNet": 123620000, "ebit": 366278000, "interestExpense": -66000, "incomeBeforeTax": 489898000, "incomeTaxExpense": 100324000, "minorityInterest": {}, "netIncomeFromContinuingOps": 389574000, "discontinuedOperations": {}, "extraordinaryItems": {}, "effectOfAccountingCharges": {}, "otherItems": {}, "netIncome": 389574000, "netIncomeApplicableToCommonShares": 389574000}, {"maxAge": 1, "endDate": "2018-03-31", "totalRevenue": 1035990000, "costOfRevenue": 386436000, "grossProfit": 649554000, "researchDevelopment": {}, "sellingGeneralAdministrative": 140151000, "nonRecurring": {}, "otherOperatingExpenses": 208117000, "totalOperatingExpenses": 768574000, "operatingIncome": 267416000, "totalOtherIncomeExpenseNet": 21237000, "ebit": 267416000, "interestExpense": -37000, "incomeBeforeTax": 288653000, "incomeTaxExpense": 73945000, "minorityInterest": {}, "netIncomeFromContinuingOps": 214708000, "discontinuedOperations": {}, "extraordinaryItems": {}, "effectOfAccountingCharges": {}, "otherItems": {}, "netIncome": 214708000, "netIncomeApplicableToCommonShares": 214708000}, {"maxAge": 1, "endDate": "2017-03-31", "totalRevenue": 668620000, "costOfRevenue": 209575000, "grossProfit": 459045000, "researchDevelopment": {}, "sellingGeneralAdministrative": 117439000, "nonRecurring": {}, "otherOperatingExpenses": 213718000, "totalOperatingExpenses": 572856000, "operatingIncome": 95764000, "totalOtherIncomeExpenseNet": 45413000, "ebit": 95764000, "interestExpense": -154000, "incomeBeforeTax": 141177000, "incomeTaxExpense": 31753000, "minorityInterest": {}, "netIncomeFromContinuingOps": 109424000, "discontinuedOperations": {}, "extraordinaryItems": {}, "effectOfAccountingCharges": {}, "otherItems": {}, "netIncome": 109424000, "netIncomeApplicableToCommonShares": 109424000}], "maxAge": 86400}, "fundOwnership": {"maxAge": 1, "ownershipList": []}, "summaryDetail": {"maxAge": 1, "priceHint": 2, "previousClose": 7441.9, "open": 7466.0, "dayLow": 7250.0, "dayHigh": 7510.0, "regularMarketPreviousClose": 7441.9, "regularMarketOpen": 7466.0, "regularMarketDayLow": 7250.0, "regularMarketDayHigh": 7510.0, "trailingPE": 67.437, "forwardPE": 171.70375, "volume": 726, "regularMarketVolume": 726, "averageVolume": 2137, "averageVolume10days": 1919, "averageDailyVolume10Day": 1919, "bid": 0.0, "ask": 7331.75, "bidSize": 0, "askSize": 0, "marketCap": 22597259264, "fiftyTwoWeekLow": 1301.8, "fiftyTwoWeekHigh": 7510.0, "fiftyDayAverage": 4306.773, "twoHundredDayAverage": 3910.643, "trailingAnnualDividendRate": 6.0, "trailingAnnualDividendYield": 0.0008062457, "currency": "INR", "fromCurrency": null, "toCurrency": null, "lastMarket": null, "algorithm": null, "tradeable": false}, "sectorTrend": {"maxAge": 1, "symbol": null, "estimates": []}, "incomeStatementHistoryQuarterly": {"incomeStatementHistory": [{"maxAge": 1, "endDate": "2020-06-30", "totalRevenue": 322400000, "costOfRevenue": 105600000, "grossProfit": 216800000, "researchDevelopment": {}, "sellingGeneralAdministrative": 47200000, "nonRecurring": {}, "otherOperatingExpenses": 66900000, "totalOperatingExpenses": 231100000, "operatingIncome": 91300000, "totalOtherIncomeExpenseNet": 13200000, "ebit": 91300000, "interestExpense": -200000, "incomeBeforeTax": 104500000, "incomeTaxExpense": 18200000, "minorityInterest": {}, "netIncomeFromContinuingOps": 86300000, "discontinuedOperations": {}, "extraordinaryItems": {}, "effectOfAccountingCharges": {}, "otherItems": {}, "netIncome": 86300000, "netIncomeApplicableToCommonShares": 86300000}, {"maxAge": 1, "endDate": "2020-03-31", "totalRevenue": 293096000, "costOfRevenue": 124503000, "grossProfit": 168593000, "researchDevelopment": {}, "sellingGeneralAdministrative": 57365000, "nonRecurring": {}, "otherOperatingExpenses": 32422000, "totalOperatingExpenses": 225411000, "operatingIncome": 67685000, "totalOtherIncomeExpenseNet": 14247000, "ebit": 67685000, "interestExpense": -200000, "incomeBeforeTax": 81932000, "incomeTaxExpense": 18111000, "minorityInterest": {}, "netIncomeFromContinuingOps": 63821000, "discontinuedOperations": {}, "extraordinaryItems": {}, "effectOfAccountingCharges": {}, "otherItems": {}, "netIncome": 63821000, "netIncomeApplicableToCommonShares": 63821000}, {"maxAge": 1, "endDate": "2019-12-31", "totalRevenue": 383000000, "costOfRevenue": 114700000, "grossProfit": 268300000, "researchDevelopment": {}, "sellingGeneralAdministrative": 54400000, "nonRecurring": {}, "otherOperatingExpenses": 75800000, "totalOperatingExpenses": 256100000, "operatingIncome": 126900000, "totalOtherIncomeExpenseNet": 15800000, "ebit": 126900000, "interestExpense": -200000, "incomeBeforeTax": 142700000, "incomeTaxExpense": 32600000, "minorityInterest": {}, "netIncomeFromContinuingOps": 110100000, "discontinuedOperations": {}, "extraordinaryItems": {}, "effectOfAccountingCharges": {}, "otherItems": {}, "netIncome": 110100000, "netIncomeApplicableToCommonShares": 110100000}, {"maxAge": 1, "endDate": "2019-09-30", "totalRevenue": 344400000, "costOfRevenue": 123700000, "grossProfit": 220700000, "researchDevelopment": {}, "sellingGeneralAdministrative": 54100000, "nonRecurring": {}, "otherOperatingExpenses": 67400000, "totalOperatingExpenses": 256000000, "operatingIncome": 88400000, "totalOtherIncomeExpenseNet": 7300000, "ebit": 88400000, "interestExpense": -200000, "incomeBeforeTax": 95700000, "incomeTaxExpense": 20900000, "minorityInterest": {}, "netIncomeFromContinuingOps": 74800000, "discontinuedOperations": {}, "extraordinaryItems": {}, "effectOfAccountingCharges": {}, "otherItems": {}, "netIncome": 74800000, "netIncomeApplicableToCommonShares": 74800000}], "maxAge": 86400}, "cashflowStatementHistoryQuarterly": {"cashflowStatements": [{"maxAge": 1, "endDate": "2020-06-30", "netIncome": 86300000, "changeToLiabilities": 0}, {"maxAge": 1, "endDate": "2020-03-31", "netIncome": 63821000, "changeToLiabilities": 0}, {"maxAge": 1, "endDate": "2019-12-31", "netIncome": 110100000, "changeToLiabilities": 0}, {"maxAge": 1, "endDate": "2019-09-30", "netIncome": 74800000, "changeToLiabilities": 0}], "maxAge": 86400}, "insiderHolders": {"holders": [{"maxAge": 1, "name": "Amin (Barkha Pranav)", "relation": "Promoter", "url": "", "transactionDescription": "Acquisition", "latestTransDate": "2019-12-24", "positionDirect": 10, "positionDirectDate": "2019-12-24"}, {"maxAge": 1, "name": "Amin (Inaaya Shaunak)", "relation": "Promoter", "url": "", "transactionDescription": "Acquisition", "latestTransDate": "2019-12-24", "positionDirect": 10, "positionDirectDate": "2019-12-24"}, {"maxAge": 1, "name": "Amin (Krupa Shaunak)", "relation": "Promoter", "url": "", "transactionDescription": "Acquisition", "latestTransDate": "2019-12-24", "positionDirect": 10, "positionDirectDate": "2019-12-24"}, {"maxAge": 1, "name": "Amin (Malika C)", "relation": "Promoter", "url": "", "transactionDescription": "Other", "latestTransDate": "2020-01-02", "positionIndirect": 37598, "positionIndirectDate": 1577923200}, {"maxAge": 1, "name": "Amin (Naintara Shaunak)", "relation": "Promoter", "url": "", "transactionDescription": "Acquisition", "latestTransDate": "2019-12-24", "positionDirect": 10, "positionDirectDate": "2019-12-24"}, {"maxAge": 1, "name": "Amin (Pranav Chirayu)", "relation": "Promoter", "url": "", "transactionDescription": "Other", "latestTransDate": "2020-01-02", "positionIndirect": 28336, "positionIndirectDate": 1577923200}, {"maxAge": 1, "name": "Amin (Ranvir Pranav)", "relation": "Promoter", "url": "", "transactionDescription": "Acquisition", "latestTransDate": "2019-12-24", "positionDirect": 10, "positionDirectDate": "2019-12-24"}, {"maxAge": 1, "name": "Amin (Samira Pranav)", "relation": "Promoter", "url": "", "transactionDescription": "Acquisition", "latestTransDate": "2019-12-24", "positionDirect": 10, "positionDirectDate": "2019-12-24"}, {"maxAge": 1, "name": "Patel (Vishal V)", "relation": "UNREPORTED", "url": "", "transactionDescription": "Sale", "latestTransDate": "2020-08-12", "positionDirect": 0, "positionDirectDate": "2020-08-12"}, {"maxAge": 1, "name": "Viramya Packlight, Ltd.", "relation": "Promoter", "url": "", "transactionDescription": "Acquisition", "latestTransDate": "2019-12-24", "positionDirect": 10, "positionDirectDate": "2019-12-24"}], "maxAge": 1}, "earnings": {"maxAge": 86400, "earningsChart": {"quarterly": [], "earningsDate": []}, "financialsChart": {"yearly": [{"date": 2017, "revenue": 668620000, "earnings": 109424000}, {"date": 2018, "revenue": 1035990000, "earnings": 214708000}, {"date": 2019, "revenue": 1396222000, "earnings": 389574000}, {"date": 2020, "revenue": 1379296000, "earnings": 349121000}], "quarterly": [{"date": "3Q2019", "revenue": 344400000, "earnings": 74800000}, {"date": "4Q2019", "revenue": 383000000, "earnings": 110100000}, {"date": "1Q2020", "revenue": 293096000, "earnings": 63821000}, {"date": "2Q2020", "revenue": 322400000, "earnings": 86300000}]}, "financialCurrency": "INR"}, "calendarEvents": {"maxAge": 1, "earnings": {"earningsDate": []}}, "price": {"maxAge": 1, "regularMarketChangePercent": -0.014801315, "regularMarketChange": -110.1499, "regularMarketTime": "2021-04-30 15:40:40", "priceHint": 2, "regularMarketPrice": 7331.75, "regularMarketDayHigh": 7510.0, "regularMarketDayLow": 7250.0, "regularMarketVolume": 726, "averageDailyVolume10Day": 1919, "averageDailyVolume3Month": 2137, "regularMarketPreviousClose": 7441.9, "regularMarketSource": "FREE_REALTIME", "regularMarketOpen": 7466.0, "exchange": "BSE", "exchangeName": "BSE", "exchangeDataDelayedBy": 0, "marketState": "CLOSED", "quoteType": "EQUITY", "symbol": "PAUSHAKLTD.BO", "underlyingSymbol": null, "shortName": "PAUSHAK LTD.", "longName": "Paushak Limited", "currency": "INR", "quoteSourceName": "Delayed Quote", "currencySymbol": "\u20b9", "fromCurrency": null, "toCurrency": null, "lastMarket": null, "marketCap": 22597259264}, "balanceSheetHistory": {"balanceSheetStatements": [{"maxAge": 1, "endDate": "2020-03-31", "cash": 7988000, "shortTermInvestments": 118000, "netReceivables": 271552000, "inventory": 162543000, "otherCurrentAssets": 12052000, "totalCurrentAssets": 1105232000, "longTermInvestments": 985818000, "propertyPlantEquipment": 565663000, "intangibleAssets": 722000, "otherAssets": 40835000, "totalAssets": 2698270000, "accountsPayable": 137444000, "otherCurrentLiab": 10352000, "otherLiab": 263643000, "totalCurrentLiabilities": 162209000, "totalLiab": 425852000, "commonStock": 30821000, "retainedEarnings": 1430519000, "treasuryStock": 811078000, "otherStockholderEquity": 811078000, "totalStockholderEquity": 2272418000, "netTangibleAssets": 2271696000}, {"maxAge": 1, "endDate": "2019-03-31", "cash": 5442000, "shortTermInvestments": 112000, "netReceivables": 348349000, "inventory": 178986000, "otherCurrentAssets": 6120000, "totalCurrentAssets": 898554000, "longTermInvestments": 801847000, "propertyPlantEquipment": 439933000, "intangibleAssets": 286000, "otherAssets": 1000, "totalAssets": 2140621000, "accountsPayable": 107824000, "otherCurrentLiab": 13578000, "otherLiab": 216924000, "totalCurrentLiabilities": 148039000, "totalLiab": 364963000, "commonStock": 30821000, "retainedEarnings": 1102246000, "treasuryStock": 642591000, "otherStockholderEquity": 642591000, "totalStockholderEquity": 1775658000, "netTangibleAssets": 1775372000}, {"maxAge": 1, "endDate": "2018-03-31", "cash": 577000, "shortTermInvestments": 59000, "netReceivables": 407002000, "inventory": 120968000, "otherCurrentAssets": 6046000, "totalCurrentAssets": 559041000, "longTermInvestments": 509751000, "propertyPlantEquipment": 375310000, "otherAssets": 88000, "totalAssets": 1444190000, "accountsPayable": 174129000, "otherCurrentLiab": 19637000, "otherLiab": 87952000, "totalCurrentLiabilities": 224941000, "totalLiab": 312893000, "commonStock": 32071000, "retainedEarnings": 857179000, "treasuryStock": 163783000, "capitalSurplus": 78264000, "otherStockholderEquity": 163783000, "totalStockholderEquity": 1131297000, "netTangibleAssets": 1131297000}, {"maxAge": 1, "endDate": "2017-03-31", "cash": 256000, "shortTermInvestments": 31000, "netReceivables": 166545000, "inventory": 85817000, "otherCurrentAssets": 3724000, "totalCurrentAssets": 262461000, "longTermInvestments": 329864000, "propertyPlantEquipment": 350399000, "otherAssets": 88000, "totalAssets": 942812000, "accountsPayable": 47918000, "otherCurrentLiab": 15017000, "otherLiab": 41493000, "totalCurrentLiabilities": 71136000, "totalLiab": 112629000, "commonStock": 32071000, "retainedEarnings": 654399000, "treasuryStock": 65449000, "capitalSurplus": 78264000, "otherStockholderEquity": 65449000, "totalStockholderEquity": 830183000, "netTangibleAssets": 830183000}], "maxAge": 86400}, "earningsTrend": {"trend": [{"maxAge": 1, "period": "0q", "endDate": null, "growth": {}, "earningsEstimate": {"avg": 0.0, "low": 0.0, "high": 0.0, "yearAgoEps": {}, "numberOfAnalysts": 0, "growth": {}}, "revenueEstimate": {"avg": 0, "low": 0, "high": 0, "numberOfAnalysts": 0, "yearAgoRevenue": {}, "growth": {}}, "epsTrend": {"current": 0.0, "7daysAgo": 0.0, "30daysAgo": 0.0, "60daysAgo": 0.0, "90daysAgo": 0.0}, "epsRevisions": {"upLast7days": 0, "upLast30days": 0, "downLast30days": 0, "downLast90days": {}}}, {"maxAge": 1, "period": "+1q", "endDate": null, "growth": {}, "earningsEstimate": {"avg": 0.0, "low": 0.0, "high": 0.0, "yearAgoEps": {}, "numberOfAnalysts": 0, "growth": {}}, "revenueEstimate": {"avg": 0, "low": 0, "high": 0, "numberOfAnalysts": 0, "yearAgoRevenue": {}, "growth": {}}, "epsTrend": {"current": 0.0, "7daysAgo": 0.0, "30daysAgo": 0.0, "60daysAgo": 0.0, "90daysAgo": 0.0}, "epsRevisions": {"upLast7days": 0, "upLast30days": 0, "downLast30days": 0, "downLast90days": {}}}, {"maxAge": 1, "period": "0y", "endDate": null, "growth": {}, "earningsEstimate": {"avg": 0.0, "low": 0.0, "high": 0.0, "yearAgoEps": {}, "numberOfAnalysts": 0, "growth": {}}, "revenueEstimate": {"avg": 0, "low": 0, "high": 0, "numberOfAnalysts": 0, "yearAgoRevenue": {}, "growth": {}}, "epsTrend": {"current": 0.0, "7daysAgo": 0.0, "30daysAgo": 0.0, "60daysAgo": 0.0, "90daysAgo": 0.0}, "epsRevisions": {"upLast7days": 0, "upLast30days": 0, "downLast30days": 0, "downLast90days": {}}}, {"maxAge": 1, "period": "+1y", "endDate": null, "growth": {}, "earningsEstimate": {"avg": 0.0, "low": 0.0, "high": 0.0, "yearAgoEps": {}, "numberOfAnalysts": 0, "growth": {}}, "revenueEstimate": {"avg": 0, "low": 0, "high": 0, "numberOfAnalysts": 0, "yearAgoRevenue": {}, "growth": {}}, "epsTrend": {"current": 0.0, "7daysAgo": 0.0, "30daysAgo": 0.0, "60daysAgo": 0.0, "90daysAgo": 0.0}, "epsRevisions": {"upLast7days": 0, "upLast30days": 0, "downLast30days": 0, "downLast90days": {}}}, {"maxAge": 1, "period": "+5y", "endDate": null, "growth": {}, "earningsEstimate": {"avg": {}, "low": {}, "high": {}, "yearAgoEps": {}, "numberOfAnalysts": {}, "growth": {}}, "revenueEstimate": {"avg": {}, "low": {}, "high": {}, "numberOfAnalysts": {}, "yearAgoRevenue": {}, "growth": {}}, "epsTrend": {"current": {}, "7daysAgo": {}, "30daysAgo": {}, "60daysAgo": {}, "90daysAgo": {}}, "epsRevisions": {"upLast7days": {}, "upLast30days": {}, "downLast30days": {}, "downLast90days": {}}}, {"maxAge": 1, "period": "-5y", "endDate": null, "growth": {}, "earningsEstimate": {"avg": {}, "low": {}, "high": {}, "yearAgoEps": {}, "numberOfAnalysts": {}, "growth": {}}, "revenueEstimate": {"avg": {}, "low": {}, "high": {}, "numberOfAnalysts": {}, "yearAgoRevenue": {}, "growth": {}}, "epsTrend": {"current": {}, "7daysAgo": {}, "30daysAgo": {}, "60daysAgo": {}, "90daysAgo": {}}, "epsRevisions": {"upLast7days": {}, "upLast30days": {}, "downLast30days": {}, "downLast90days": {}}}], "maxAge": 1}, "financialData": {"maxAge": 86400, "currentPrice": 7331.75, "targetHighPrice": 680.0, "targetLowPrice": 680.0, "targetMeanPrice": 680.0, "targetMedianPrice": 680.0, "recommendationKey": "none", "numberOfAnalystOpinions": 1, "grossProfits": 881993000, "financialCurrency": "INR"}}}