{"PBMPOLY.BO": {"cashflowStatementHistory": {"cashflowStatements": [{"maxAge": 1, "endDate": "2020-03-31", "netIncome": -26373000, "depreciation": 35342000, "changeToNetincome": 10713000, "changeToAccountReceivables": 36618000, "changeToLiabilities": 52486000, "changeToInventory": -84889000, "totalCashFromOperatingActivities": 24203000, "capitalExpenditures": -7214000, "investments": 194031000, "otherCashflowsFromInvestingActivities": 2228000, "totalCashflowsFromInvestingActivities": 190190000, "dividendsPaid": -5270000, "netBorrowings": -149938000, "otherCashflowsFromFinancingActivities": -6457000, "totalCashFromFinancingActivities": -261665000, "changeInCash": -47272000, "repurchaseOfStock": -100000000}, {"maxAge": 1, "endDate": "2019-03-31", "netIncome": 32013000, "depreciation": 33528000, "changeToNetincome": 38267000, "changeToAccountReceivables": -51734000, "changeToLiabilities": 15614000, "changeToInventory": 157407000, "totalCashFromOperatingActivities": 225641000, "capitalExpenditures": -30746000, "investments": -213800000, "otherCashflowsFromInvestingActivities": 3701000, "totalCashflowsFromInvestingActivities": -236298000, "dividendsPaid": -34039000, "netBorrowings": 75207000, "otherCashflowsFromFinancingActivities": -9905000, "totalCashFromFinancingActivities": 31263000, "changeInCash": 20606000, "repurchaseOfStock": -100000000}, {"maxAge": 1, "endDate": "2018-03-31", "netIncome": 38066000, "depreciation": 34138000, "changeToNetincome": -195000, "changeToAccountReceivables": 6041000, "changeToLiabilities": -28889000, "changeToInventory": -8444000, "totalCashFromOperatingActivities": 40941000, "capitalExpenditures": -21983000, "investments": 66972000, "otherCashflowsFromInvestingActivities": 6418000, "totalCashflowsFromInvestingActivities": 55080000, "dividendsPaid": -29017000, "netBorrowings": -80238000, "otherCashflowsFromFinancingActivities": -8079000, "totalCashFromFinancingActivities": -117334000, "changeInCash": -21313000, "repurchaseOfStock": -100000000}, {"maxAge": 1, "endDate": "2017-03-31", "netIncome": 54755000, "depreciation": 34905000, "changeToNetincome": -5081000, "changeToAccountReceivables": -30615000, "changeToLiabilities": 1312000, "changeToInventory": -66966000, "totalCashFromOperatingActivities": -11385000, "capitalExpenditures": -9507000, "investments": 52061000, "otherCashflowsFromInvestingActivities": 1211000, "totalCashflowsFromInvestingActivities": 47402000, "dividendsPaid": -28646000, "netBorrowings": 32672000, "otherCashflowsFromFinancingActivities": -11391000, "totalCashFromFinancingActivities": -7365000, "changeInCash": 28651000, "repurchaseOfStock": -100000000}], "maxAge": 86400}, "institutionOwnership": {"ownershipList": [], "maxAge": 1}, "balanceSheetHistoryQuarterly": {"balanceSheetStatements": [{"maxAge": 1, "endDate": "2020-06-30", "totalStockholderEquity": 1020059000, "netTangibleAssets": 1019080000}, {"maxAge": 1, "endDate": "2020-03-31", "cash": 5822000, "netReceivables": 102452000, "inventory": 450803000, "otherCurrentAssets": 44997000, "totalCurrentAssets": 705252000, "longTermInvestments": 21739000, "propertyPlantEquipment": 506793000, "intangibleAssets": 979000, "otherAssets": 12967000, "totalAssets": 1247730000, "accountsPayable": 76738000, "otherCurrentLiab": 33709000, "otherLiab": 65218000, "totalCurrentLiabilities": 160284000, "totalLiab": 227671000, "commonStock": 68790000, "retainedEarnings": 790407000, "treasuryStock": 160862000, "otherStockholderEquity": 160862000, "totalStockholderEquity": 1020059000, "netTangibleAssets": 1019080000}, {"maxAge": 1, "endDate": "2019-12-31", "totalStockholderEquity": 1003300000, "netTangibleAssets": 1002838000}, {"maxAge": 1, "endDate": "2019-09-30", "cash": 19734000, "shortTermInvestments": 334371000, "netReceivables": 68422000, "inventory": 199855000, "otherCurrentAssets": 19271000, "totalCurrentAssets": 641653000, "longTermInvestments": 21497000, "propertyPlantEquipment": 520017000, "intangibleAssets": 462000, "otherAssets": 11675000, "totalAssets": 1195304000, "accountsPayable": 15861000, "otherCurrentLiab": 81892000, "otherLiab": 63095000, "totalCurrentLiabilities": 128909000, "totalLiab": 192004000, "commonStock": 68796000, "treasuryStock": 934504000, "otherStockholderEquity": 934504000, "totalStockholderEquity": 1003300000, "netTangibleAssets": 1002838000}], "maxAge": 86400}, "indexTrend": {"maxAge": 1, "symbol": "SP5", "peRatio": 19.7411, "pegRatio": 1.34172, "estimates": [{"period": "0q", "growth": 0.549}, {"period": "+1q", "growth": 0.431}, {"period": "0y", "growth": 0.305}, {"period": "+1y", "growth": 0.109}, {"period": "+5y", "growth": 0.120859005}, {"period": "-5y"}]}, "insiderTransactions": {"transactions": [{"maxAge": 1, "shares": 43773, "filerUrl": "", "transactionText": "", "filerName": "Patodia (Namrata)", "filerRelation": "Promoter", "moneyText": "", "startDate": "2014-10-13", "ownership": "D"}, {"maxAge": 1, "shares": 43773, "filerUrl": "", "transactionText": "", "filerName": "Patodia (Vikash)", "filerRelation": "Senior Vice President", "moneyText": "", "startDate": "2014-10-13", "ownership": "D"}, {"maxAge": 1, "shares": 0, "filerUrl": "", "transactionText": "", "filerName": "Patodia (Vikash)", "filerRelation": "President", "moneyText": "", "startDate": "2014-10-13", "ownership": "I"}], "maxAge": 1}, "quoteType": {"exchange": "BSE", "quoteType": "EQUITY", "symbol": "PBMPOLY.BO", "underlyingSymbol": "PBMPOLY.BO", "shortName": "PBM POLYTEX LTD.", "longName": "PBM Polytex Limited", "firstTradeDateEpochUtc": "2000-01-04 09:15:00", "timeZoneFullName": "Asia/Kolkata", "timeZoneShortName": "IST", "uuid": "6c8b287a-cb4e-3c16-a38b-2ca27d1b9405", "gmtOffSetMilliseconds": 19800000, "maxAge": 1}, "incomeStatementHistory": {"incomeStatementHistory": [{"maxAge": 1, "endDate": "2020-03-31", "totalRevenue": 1708221000, "costOfRevenue": 1104540000, "grossProfit": 603681000, "researchDevelopment": {}, "sellingGeneralAdministrative": 217760000, "nonRecurring": {}, "otherOperatingExpenses": 345082000, "totalOperatingExpenses": 1703030000, "operatingIncome": 5191000, "totalOtherIncomeExpenseNet": -47599000, "ebit": 5191000, "interestExpense": -959000, "incomeBeforeTax": -42408000, "incomeTaxExpense": -16035000, "minorityInterest": {}, "netIncomeFromContinuingOps": -26373000, "discontinuedOperations": {}, "extraordinaryItems": {}, "effectOfAccountingCharges": {}, "otherItems": {}, "netIncome": -26373000, "netIncomeApplicableToCommonShares": -26373000}, {"maxAge": 1, "endDate": "2019-03-31", "totalRevenue": 2110148000, "costOfRevenue": 1346456000, "grossProfit": 763692000, "researchDevelopment": {}, "sellingGeneralAdministrative": 245247000, "nonRecurring": {}, "otherOperatingExpenses": 390152000, "totalOperatingExpenses": 2015929000, "operatingIncome": 94219000, "totalOtherIncomeExpenseNet": -29472000, "ebit": 94219000, "interestExpense": -2472000, "incomeBeforeTax": 64747000, "incomeTaxExpense": 32734000, "minorityInterest": {}, "netIncomeFromContinuingOps": 32013000, "discontinuedOperations": {}, "extraordinaryItems": {}, "effectOfAccountingCharges": {}, "otherItems": {}, "netIncome": 32013000, "netIncomeApplicableToCommonShares": 32013000}, {"maxAge": 1, "endDate": "2018-03-31", "totalRevenue": 1968783000, "costOfRevenue": 1266157000, "grossProfit": 702626000, "researchDevelopment": {}, "sellingGeneralAdministrative": 231815000, "nonRecurring": {}, "otherOperatingExpenses": 380236000, "totalOperatingExpenses": 1912570000, "operatingIncome": 56213000, "totalOtherIncomeExpenseNet": -24631000, "ebit": 56213000, "interestExpense": -2803000, "incomeBeforeTax": 31582000, "incomeTaxExpense": -6484000, "minorityInterest": {}, "netIncomeFromContinuingOps": 38066000, "discontinuedOperations": {}, "extraordinaryItems": {}, "effectOfAccountingCharges": {}, "otherItems": {}, "netIncome": 38066000, "netIncomeApplicableToCommonShares": 38066000}, {"maxAge": 1, "endDate": "2017-03-31", "totalRevenue": 1787216000, "costOfRevenue": 1099908000, "grossProfit": 687308000, "researchDevelopment": {}, "sellingGeneralAdministrative": 212110000, "nonRecurring": {}, "otherOperatingExpenses": 363741000, "totalOperatingExpenses": 1710969000, "operatingIncome": 76247000, "totalOtherIncomeExpenseNet": -139000, "ebit": 76247000, "interestExpense": -2800000, "incomeBeforeTax": 76108000, "incomeTaxExpense": 21353000, "minorityInterest": {}, "netIncomeFromContinuingOps": 54755000, "discontinuedOperations": {}, "extraordinaryItems": {}, "effectOfAccountingCharges": {}, "otherItems": {}, "netIncome": 54755000, "netIncomeApplicableToCommonShares": 54755000}], "maxAge": 86400}, "fundOwnership": {"ownershipList": [], "maxAge": 1}, "summaryDetail": {"maxAge": 1, "priceHint": 2, "previousClose": 50.65, "open": 51.9, "dayLow": 49.05, "dayHigh": 51.9, "regularMarketPreviousClose": 50.65, "regularMarketOpen": 51.9, "regularMarketDayLow": 49.05, "regularMarketDayHigh": 51.9, "volume": 1689, "regularMarketVolume": 1689, "averageVolume": 1637, "averageVolume10days": 254, "averageDailyVolume10Day": 254, "bid": 49.85, "ask": 51.1, "bidSize": 0, "askSize": 0, "marketCap": 415036480, "fiftyTwoWeekLow": 24.0, "fiftyTwoWeekHigh": 60.7, "fiftyDayAverage": 55.54697, "twoHundredDayAverage": 40.348175, "trailingAnnualDividendRate": 0.6, "trailingAnnualDividendYield": 0.011846002, "currency": "INR", "fromCurrency": null, "lastMarket": null, "algorithm": null, "tradeable": false}, "incomeStatementHistoryQuarterly": {"incomeStatementHistory": [{"maxAge": 1, "endDate": "2020-06-30", "totalRevenue": 157263000, "costOfRevenue": 118558000, "grossProfit": 38705000, "researchDevelopment": {}, "sellingGeneralAdministrative": 41405000, "nonRecurring": {}, "otherOperatingExpenses": 23488000, "totalOperatingExpenses": 192228000, "operatingIncome": -34965000, "totalOtherIncomeExpenseNet": -107000, "ebit": -34965000, "interestExpense": -638000, "incomeBeforeTax": -35072000, "incomeTaxExpense": -8666000, "minorityInterest": {}, "netIncomeFromContinuingOps": -26406000, "discontinuedOperations": {}, "extraordinaryItems": {}, "effectOfAccountingCharges": {}, "otherItems": {}, "netIncome": -26406000, "netIncomeApplicableToCommonShares": -26406000}, {"maxAge": 1, "endDate": "2020-03-31", "totalRevenue": 454386000, "costOfRevenue": 136363000, "grossProfit": 318023000, "researchDevelopment": {}, "sellingGeneralAdministrative": 49762000, "nonRecurring": {}, "otherOperatingExpenses": 236942000, "totalOperatingExpenses": 433165000, "operatingIncome": 21221000, "totalOtherIncomeExpenseNet": -23850000, "ebit": 21221000, "interestExpense": -638000, "incomeBeforeTax": -2629000, "incomeTaxExpense": -1884000, "minorityInterest": {}, "netIncomeFromContinuingOps": -745000, "discontinuedOperations": {}, "extraordinaryItems": {}, "effectOfAccountingCharges": {}, "otherItems": {}, "netIncome": -745000, "netIncomeApplicableToCommonShares": -745000}, {"maxAge": 1, "endDate": "2019-12-31", "totalRevenue": 381234000, "costOfRevenue": 294673000, "grossProfit": 86561000, "researchDevelopment": {}, "sellingGeneralAdministrative": 55017000, "nonRecurring": {}, "otherOperatingExpenses": 33333000, "totalOperatingExpenses": 391624000, "operatingIncome": -10390000, "totalOtherIncomeExpenseNet": 4989000, "ebit": -10390000, "interestExpense": -1971000, "incomeBeforeTax": -5401000, "incomeTaxExpense": 3177000, "minorityInterest": {}, "netIncomeFromContinuingOps": -8578000, "discontinuedOperations": {}, "extraordinaryItems": {}, "effectOfAccountingCharges": {}, "otherItems": {}, "netIncome": -8578000, "netIncomeApplicableToCommonShares": -8578000}, {"maxAge": 1, "endDate": "2019-09-30", "totalRevenue": 381366000, "costOfRevenue": 296050000, "grossProfit": 85316000, "researchDevelopment": {}, "sellingGeneralAdministrative": 54740000, "nonRecurring": {}, "otherOperatingExpenses": 34429000, "totalOperatingExpenses": 393737000, "operatingIncome": -12371000, "totalOtherIncomeExpenseNet": -20792000, "ebit": -12371000, "interestExpense": -1511000, "incomeBeforeTax": -33163000, "incomeTaxExpense": -15332000, "minorityInterest": {}, "netIncomeFromContinuingOps": -17831000, "discontinuedOperations": {}, "extraordinaryItems": {}, "effectOfAccountingCharges": {}, "otherItems": {}, "netIncome": -17831000, "netIncomeApplicableToCommonShares": -17831000}], "maxAge": 86400}, "cashflowStatementHistoryQuarterly": {"cashflowStatements": [{"maxAge": 1, "endDate": "2020-06-30", "netIncome": -26406000, "changeToLiabilities": 0}, {"maxAge": 1, "endDate": "2020-03-31", "netIncome": -745000, "changeToLiabilities": 0}, {"maxAge": 1, "endDate": "2019-12-31", "netIncome": -8578000, "changeToLiabilities": 0}, {"maxAge": 1, "endDate": "2019-09-30", "netIncome": -17831000, "changeToLiabilities": 0}], "maxAge": 86400}, "insiderHolders": {"holders": [{"maxAge": 1, "name": "Patodia (Namrata)", "relation": "Promoter", "url": "", "transactionDescription": "Other", "latestTransDate": "2014-10-13", "positionDirect": 0, "positionDirectDate": "2014-10-13"}, {"maxAge": 1, "name": "Patodia (Vikash)", "relation": "Senior Vice President", "url": "", "transactionDescription": "Other", "latestTransDate": "2014-10-13", "positionDirect": 49518, "positionDirectDate": "2014-10-13"}], "maxAge": 1}, "calendarEvents": {"maxAge": 1, "earnings": {"earningsDate": ["2020-09-15 05:30:S"]}}, "upgradeDowngradeHistory": {"history": [], "maxAge": 86400}, "price": {"maxAge": 1, "regularMarketChangePercent": 0.0078972895, "regularMarketChange": 0.3999977, "regularMarketTime": "2021-04-30 15:28:25", "priceHint": 2, "regularMarketPrice": 51.05, "regularMarketDayHigh": 51.9, "regularMarketDayLow": 49.05, "regularMarketVolume": 1689, "averageDailyVolume10Day": 254, "averageDailyVolume3Month": 1637, "regularMarketPreviousClose": 50.65, "regularMarketSource": "FREE_REALTIME", "regularMarketOpen": 51.9, "exchange": "BSE", "exchangeName": "BSE", "exchangeDataDelayedBy": 0, "marketState": "CLOSED", "quoteType": "EQUITY", "symbol": "PBMPOLY.BO", "underlyingSymbol": null, "shortName": "PBM POLYTEX LTD.", "longName": "PBM Polytex Limited", "currency": "INR", "quoteSourceName": "Delayed Quote", "currencySymbol": "\u20b9", "fromCurrency": null, "lastMarket": null, "marketCap": 415036480}, "balanceSheetHistory": {"balanceSheetStatements": [{"maxAge": 1, "endDate": "2020-03-31", "cash": 5822000, "netReceivables": 102452000, "inventory": 450803000, "otherCurrentAssets": 44997000, "totalCurrentAssets": 705252000, "longTermInvestments": 21739000, "propertyPlantEquipment": 506793000, "intangibleAssets": 979000, "otherAssets": 12967000, "totalAssets": 1247730000, "accountsPayable": 76738000, "otherCurrentLiab": 33709000, "otherLiab": 65218000, "totalCurrentLiabilities": 160284000, "totalLiab": 227671000, "commonStock": 68790000, "retainedEarnings": 790407000, "treasuryStock": 160862000, "otherStockholderEquity": 160862000, "totalStockholderEquity": 1020059000, "netTangibleAssets": 1019080000}, {"maxAge": 1, "endDate": "2019-03-31", "cash": 53094000, "netReceivables": 142253000, "inventory": 365914000, "otherCurrentAssets": 41623000, "totalCurrentAssets": 887958000, "longTermInvestments": 71430000, "propertyPlantEquipment": 532245000, "intangibleAssets": 755000, "otherAssets": 11969000, "totalAssets": 1504357000, "accountsPayable": 40170000, "shortLongTermDebt": 11775000, "otherCurrentLiab": 31860000, "otherLiab": 84303000, "totalCurrentLiabilities": 273342000, "totalLiab": 357645000, "commonStock": 81290000, "retainedEarnings": 880955000, "treasuryStock": 148362000, "capitalSurplus": 36105000, "otherStockholderEquity": 148362000, "totalStockholderEquity": 1146712000, "netTangibleAssets": 1145957000}, {"maxAge": 1, "endDate": "2018-03-31", "cash": 32489000, "netReceivables": 82268000, "inventory": 523321000, "otherCurrentAssets": 48836000, "totalCurrentAssets": 742168000, "longTermInvestments": 99481000, "propertyPlantEquipment": 537472000, "intangibleAssets": 1201000, "otherAssets": 12913000, "totalAssets": 1393235000, "accountsPayable": 36461000, "shortLongTermDebt": 24550000, "otherCurrentLiab": 29883000, "longTermDebt": 11775000, "otherLiab": 79198000, "totalCurrentLiabilities": 173632000, "totalLiab": 264605000, "commonStock": 81290000, "retainedEarnings": 862873000, "treasuryStock": 148362000, "capitalSurplus": 36105000, "otherStockholderEquity": 148362000, "totalStockholderEquity": 1128630000, "netTangibleAssets": 1127429000}, {"maxAge": 1, "endDate": "2017-03-31", "cash": 53802000, "netReceivables": 91766000, "inventory": 514877000, "otherCurrentAssets": 44210000, "totalCurrentAssets": 818776000, "longTermInvestments": 135554000, "propertyPlantEquipment": 553162000, "intangibleAssets": 1074000, "otherAssets": 14224000, "totalAssets": 1522790000, "accountsPayable": 65198000, "shortLongTermDebt": 24550000, "otherCurrentLiab": 41746000, "longTermDebt": 36325000, "otherLiab": 101018000, "totalCurrentLiabilities": 273353000, "totalLiab": 410696000, "commonStock": 81290000, "retainedEarnings": 846337000, "treasuryStock": 148362000, "capitalSurplus": 36105000, "otherStockholderEquity": 148362000, "totalStockholderEquity": 1112094000, "netTangibleAssets": 1111020000}], "maxAge": 86400}, "financialData": {"maxAge": 86400, "currentPrice": 51.05, "recommendationKey": "none", "grossProfits": 603681000, "financialCurrency": "INR"}}}