{"PCCOSMA.BO": {"cashflowStatementHistory": {"cashflowStatements": [{"maxAge": 1, "endDate": "2020-03-31", "netIncome": 21053613, "depreciation": 7323392, "changeToNetincome": 1281898, "changeToAccountReceivables": 1514534, "changeToLiabilities": 999233, "changeToInventory": 24659492, "changeToOperatingActivities": -24444381, "totalCashFromOperatingActivities": 32547895, "capitalExpenditures": -7367867, "otherCashflowsFromInvestingActivities": 90039, "totalCashflowsFromInvestingActivities": -6802159, "dividendsPaid": -15877500, "netBorrowings": 14303304, "otherCashflowsFromFinancingActivities": -4578689, "totalCashFromFinancingActivities": -6152885, "changeInCash": 19592851}, {"maxAge": 1, "endDate": "2019-03-31", "netIncome": 28366009, "depreciation": 5826611, "changeToNetincome": 1175307, "changeToAccountReceivables": 420756, "changeToLiabilities": 269329, "changeToInventory": -6089475, "changeToOperatingActivities": -18715914, "totalCashFromOperatingActivities": 11299104, "capitalExpenditures": -4745462, "otherCashflowsFromInvestingActivities": 160379, "totalCashflowsFromInvestingActivities": -4607153, "dividendsPaid": -7938750, "netBorrowings": 4742545, "otherCashflowsFromFinancingActivities": -2951826, "totalCashFromFinancingActivities": -6148031, "changeInCash": 543921}, {"maxAge": 1, "endDate": "2018-03-31", "netIncome": 36684866, "depreciation": 6773536, "changeToNetincome": 1635998, "changeToAccountReceivables": -1986760, "changeToLiabilities": 2696652, "changeToInventory": -16576620, "changeToOperatingActivities": -7020630, "totalCashFromOperatingActivities": 22207042, "capitalExpenditures": -2145430, "otherCashflowsFromInvestingActivities": 108822, "totalCashflowsFromInvestingActivities": -1847038, "dividendsPaid": -6615625, "netBorrowings": -11460601, "otherCashflowsFromFinancingActivities": -3162249, "totalCashFromFinancingActivities": -21238475, "changeInCash": -878471}, {"maxAge": 1, "endDate": "2017-03-31", "netIncome": 15392301, "depreciation": 7319282, "changeToNetincome": 4571925, "changeToAccountReceivables": 1298057, "changeToLiabilities": -2321056, "changeToInventory": 3316227, "changeToOperatingActivities": 195442, "totalCashFromOperatingActivities": 29772178, "capitalExpenditures": -4669522, "otherCashflowsFromInvestingActivities": 340838, "totalCashflowsFromInvestingActivities": -4287684, "dividendsPaid": -4763250, "netBorrowings": -15210826, "otherCashflowsFromFinancingActivities": -5671462, "totalCashFromFinancingActivities": -25645538, "changeInCash": -161044}], "maxAge": 86400}, "institutionOwnership": {"ownershipList": [], "maxAge": 1}, "balanceSheetHistoryQuarterly": {"balanceSheetStatements": [{"maxAge": 1, "endDate": "2020-06-30", "totalStockholderEquity": 224910000, "netTangibleAssets": 224716000}, {"maxAge": 1, "endDate": "2020-03-31", "cash": 21718461, "shortTermInvestments": 30000, "netReceivables": 43208401, "inventory": 95736417, "otherCurrentAssets": 3187988, "totalCurrentAssets": 164539610, "longTermInvestments": 989275, "propertyPlantEquipment": 67941551, "intangibleAssets": 194161, "otherAssets": 87006582, "deferredLongTermAssetCharges": 4370558, "totalAssets": 320671179, "accountsPayable": 14694958, "otherCurrentLiab": 12067260, "otherLiab": 5018423, "totalCurrentLiabilities": 88444679, "totalLiab": 95761835, "commonStock": 26462500, "retainedEarnings": 123618924, "treasuryStock": 74827920, "otherStockholderEquity": 74827920, "totalStockholderEquity": 224909344, "netTangibleAssets": 224715183}, {"maxAge": 1, "endDate": "2019-12-31", "totalStockholderEquity": 237110000, "netTangibleAssets": 236840000}, {"maxAge": 1, "endDate": "2019-09-30", "cash": 48304000, "netReceivables": 33426000, "inventory": 98091000, "otherCurrentAssets": 11008000, "totalCurrentAssets": 190829000, "longTermInvestments": 5433000, "propertyPlantEquipment": 62274000, "intangibleAssets": 270000, "otherAssets": 76328000, "deferredLongTermAssetCharges": 4311000, "totalAssets": 335134000, "accountsPayable": 30180000, "otherCurrentLiab": 21612000, "otherLiab": 4272000, "totalCurrentLiabilities": 93752000, "totalLiab": 98024000, "commonStock": 26463000, "treasuryStock": 210647000, "otherStockholderEquity": 210647000, "totalStockholderEquity": 237110000, "netTangibleAssets": 236840000}], "maxAge": 86400}, "indexTrend": {"maxAge": 1, "symbol": "SP5", "peRatio": 19.7411, "pegRatio": 1.34172, "estimates": [{"period": "0q", "growth": 0.549}, {"period": "+1q", "growth": 0.431}, {"period": "0y", "growth": 0.305}, {"period": "+1y", "growth": 0.109}, {"period": "+5y", "growth": 0.120859005}, {"period": "-5y"}]}, "insiderTransactions": {"transactions": [{"maxAge": 1, "shares": 121794, "filerUrl": "", "transactionText": "", "filerName": "Jain (Ashok Kumar)", "filerRelation": "Promoter", "moneyText": "", "startDate": "2020-10-28", "ownership": "D"}, {"maxAge": 1, "shares": 121794, "filerUrl": "", "transactionText": "", "filerName": "Jain (Maya)", "filerRelation": "Promoter", "moneyText": "", "startDate": "2020-10-28", "ownership": "D"}], "maxAge": 1}, "quoteType": {"exchange": "BSE", "quoteType": "EQUITY", "symbol": "PCCOSMA.BO", "underlyingSymbol": "PCCOSMA.BO", "shortName": "PEE CEE COSMA SOPE LTD.", "longName": "Pee Cee Cosma Sope Ltd.", "firstTradeDateEpochUtc": "2000-01-03 09:15:00", "timeZoneFullName": "Asia/Kolkata", "timeZoneShortName": "IST", "uuid": "2eba727e-e0a8-3246-80ea-09a2c2eeb190", "gmtOffSetMilliseconds": 19800000, "maxAge": 1}, "incomeStatementHistory": {"incomeStatementHistory": [{"maxAge": 1, "endDate": "2020-03-31", "totalRevenue": 739561773, "costOfRevenue": 523045383, "grossProfit": 216516390, "researchDevelopment": {}, "sellingGeneralAdministrative": 111067190, "nonRecurring": {}, "otherOperatingExpenses": 70524604, "totalOperatingExpenses": 712110943, "operatingIncome": 27450830, "totalOtherIncomeExpenseNet": 1285798, "ebit": 27450830, "interestExpense": -1634503, "incomeBeforeTax": 28736628, "incomeTaxExpense": 7683015, "minorityInterest": {}, "netIncomeFromContinuingOps": 21053613, "discontinuedOperations": {}, "extraordinaryItems": {}, "effectOfAccountingCharges": {}, "otherItems": {}, "netIncome": 21053613, "netIncomeApplicableToCommonShares": 21053613}, {"maxAge": 1, "endDate": "2019-03-31", "totalRevenue": 760796252, "costOfRevenue": 540898374, "grossProfit": 219897878, "researchDevelopment": {}, "sellingGeneralAdministrative": 99381747, "nonRecurring": {}, "otherOperatingExpenses": 73849400, "totalOperatingExpenses": 719992900, "operatingIncome": 40803352, "totalOtherIncomeExpenseNet": -320050, "ebit": 40803352, "interestExpense": -1335687, "incomeBeforeTax": 40483302, "incomeTaxExpense": 12117293, "minorityInterest": {}, "netIncomeFromContinuingOps": 28366009, "discontinuedOperations": {}, "extraordinaryItems": {}, "effectOfAccountingCharges": {}, "otherItems": {}, "netIncome": 28366009, "netIncomeApplicableToCommonShares": 28366009}, {"maxAge": 1, "endDate": "2018-03-31", "totalRevenue": 764425127, "costOfRevenue": 537911531, "grossProfit": 226513596, "researchDevelopment": {}, "sellingGeneralAdministrative": 91479175, "nonRecurring": {}, "otherOperatingExpenses": 70507201, "totalOperatingExpenses": 706661730, "operatingIncome": 57763397, "totalOtherIncomeExpenseNet": -2099150, "ebit": 57763397, "interestExpense": -1815467, "incomeBeforeTax": 55664247, "incomeTaxExpense": 18979381, "minorityInterest": {}, "netIncomeFromContinuingOps": 36684866, "discontinuedOperations": {}, "extraordinaryItems": {}, "effectOfAccountingCharges": {}, "otherItems": {}, "netIncome": 36684866, "netIncomeApplicableToCommonShares": 36684866}, {"maxAge": 1, "endDate": "2017-03-31", "totalRevenue": 709939616, "costOfRevenue": 518408333, "grossProfit": 191531283, "researchDevelopment": {}, "sellingGeneralAdministrative": 87040961, "nonRecurring": {}, "otherOperatingExpenses": 69648624, "totalOperatingExpenses": 682407487, "operatingIncome": 27532129, "totalOtherIncomeExpenseNet": -4458694, "ebit": 27532129, "interestExpense": -4701780, "incomeBeforeTax": 23073435, "incomeTaxExpense": 7681134, "minorityInterest": {}, "netIncomeFromContinuingOps": 15392301, "discontinuedOperations": {}, "extraordinaryItems": {}, "effectOfAccountingCharges": {}, "otherItems": {}, "netIncome": 15392301, "netIncomeApplicableToCommonShares": 15392301}], "maxAge": 86400}, "fundOwnership": {"ownershipList": [], "maxAge": 1}, "summaryDetail": {"maxAge": 1, "priceHint": 2, "previousClose": 122.3, "open": 127.15, "dayLow": 116.05, "dayHigh": 127.15, "regularMarketPreviousClose": 122.3, "regularMarketOpen": 127.15, "regularMarketDayLow": 116.05, "regularMarketDayHigh": 127.15, "trailingPE": 12.725659, "volume": 706, "regularMarketVolume": 706, "averageVolume": 1409, "averageVolume10days": 878, "averageDailyVolume10Day": 878, "bid": 121.95, "ask": 121.95, "bidSize": 0, "askSize": 0, "marketCap": 322710176, "fiftyTwoWeekLow": 44.25, "fiftyTwoWeekHigh": 131.45, "fiftyDayAverage": 108.46364, "twoHundredDayAverage": 94.45294, "trailingAnnualDividendRate": 3.0, "trailingAnnualDividendYield": 0.024529845, "currency": "INR", "fromCurrency": null, "lastMarket": null, "algorithm": null, "tradeable": false}, "incomeStatementHistoryQuarterly": {"incomeStatementHistory": [{"maxAge": 1, "endDate": "2020-06-30", "totalRevenue": 217283000, "costOfRevenue": 157647000, "grossProfit": 59636000, "researchDevelopment": {}, "sellingGeneralAdministrative": 18586000, "nonRecurring": {}, "otherOperatingExpenses": 19426000, "totalOperatingExpenses": 197302000, "operatingIncome": 19981000, "totalOtherIncomeExpenseNet": 761000, "ebit": 19981000, "interestExpense": -217000, "incomeBeforeTax": 20742000, "incomeTaxExpense": 5778000, "minorityInterest": {}, "netIncomeFromContinuingOps": 14964000, "discontinuedOperations": {}, "extraordinaryItems": {}, "effectOfAccountingCharges": {}, "otherItems": {}, "netIncome": 14964000, "netIncomeApplicableToCommonShares": 14964000}, {"maxAge": 1, "endDate": "2020-03-31", "totalRevenue": 150128773, "costOfRevenue": 103823383, "grossProfit": 46305390, "researchDevelopment": {}, "sellingGeneralAdministrative": 46977190, "nonRecurring": {}, "otherOperatingExpenses": -5955396, "totalOperatingExpenses": 147844943, "operatingIncome": 2283830, "totalOtherIncomeExpenseNet": 26798, "ebit": 2283830, "interestExpense": -595503, "incomeBeforeTax": 2310628, "incomeTaxExpense": 1263015, "minorityInterest": {}, "netIncomeFromContinuingOps": 1047613, "discontinuedOperations": {}, "extraordinaryItems": {}, "effectOfAccountingCharges": {}, "otherItems": {}, "netIncome": 1047613, "netIncomeApplicableToCommonShares": 1047613}, {"maxAge": 1, "endDate": "2019-12-31", "totalRevenue": 198255000, "costOfRevenue": 140336000, "grossProfit": 57919000, "researchDevelopment": {}, "sellingGeneralAdministrative": 21726000, "nonRecurring": {}, "otherOperatingExpenses": 26136000, "totalOperatingExpenses": 189725000, "operatingIncome": 8530000, "totalOtherIncomeExpenseNet": -454000, "ebit": 8530000, "interestExpense": -477000, "incomeBeforeTax": 8076000, "incomeTaxExpense": 2072000, "minorityInterest": {}, "netIncomeFromContinuingOps": 6004000, "discontinuedOperations": {}, "extraordinaryItems": {}, "effectOfAccountingCharges": {}, "otherItems": {}, "netIncome": 6004000, "netIncomeApplicableToCommonShares": 6004000}, {"maxAge": 1, "endDate": "2019-09-30", "totalRevenue": 181175000, "costOfRevenue": 130131000, "grossProfit": 51044000, "researchDevelopment": {}, "sellingGeneralAdministrative": 21303000, "nonRecurring": {}, "otherOperatingExpenses": 25322000, "totalOperatingExpenses": 178260000, "operatingIncome": 2915000, "totalOtherIncomeExpenseNet": 1621000, "ebit": 2915000, "interestExpense": -116000, "incomeBeforeTax": 4536000, "incomeTaxExpense": 1382000, "minorityInterest": {}, "netIncomeFromContinuingOps": 3154000, "discontinuedOperations": {}, "extraordinaryItems": {}, "effectOfAccountingCharges": {}, "otherItems": {}, "netIncome": 3154000, "netIncomeApplicableToCommonShares": 3154000}], "maxAge": 86400}, "cashflowStatementHistoryQuarterly": {"cashflowStatements": [{"maxAge": 1, "endDate": "2020-06-30", "netIncome": 14964000, "changeToLiabilities": 0}, {"maxAge": 1, "endDate": "2020-03-31", "netIncome": 1047613, "changeToLiabilities": 0}, {"maxAge": 1, "endDate": "2019-12-31", "netIncome": 6004000, "changeToLiabilities": 0}, {"maxAge": 1, "endDate": "2019-09-30", "netIncome": 3154000, "changeToLiabilities": 0}], "maxAge": 86400}, "insiderHolders": {"holders": [{"maxAge": 1, "name": "Jain (Ashok Kumar)", "relation": "Promoter", "url": "", "transactionDescription": "Other", "latestTransDate": "2020-10-28", "positionDirect": 0, "positionDirectDate": "2020-10-28"}, {"maxAge": 1, "name": "Jain (Maya)", "relation": "Promoter", "url": "", "transactionDescription": "Other", "latestTransDate": "2020-10-28", "positionDirect": 238904, "positionDirectDate": "2020-10-28"}], "maxAge": 1}, "calendarEvents": {"maxAge": 1, "earnings": {"earningsDate": ["2020-08-14 05:30:S"]}}, "upgradeDowngradeHistory": {"history": [], "maxAge": 86400}, "price": {"maxAge": 1, "regularMarketChangePercent": -0.002861865, "regularMarketChange": -0.3500061, "regularMarketTime": "2021-04-30 15:49:01", "priceHint": 2, "regularMarketPrice": 121.95, "regularMarketDayHigh": 127.15, "regularMarketDayLow": 116.05, "regularMarketVolume": 706, "averageDailyVolume10Day": 878, "averageDailyVolume3Month": 1409, "regularMarketPreviousClose": 122.3, "regularMarketSource": "FREE_REALTIME", "regularMarketOpen": 127.15, "exchange": "BSE", "exchangeName": "BSE", "exchangeDataDelayedBy": 0, "marketState": "CLOSED", "quoteType": "EQUITY", "symbol": "PCCOSMA.BO", "underlyingSymbol": null, "shortName": "PEE CEE COSMA SOPE LTD.", "longName": "Pee Cee Cosma Sope Ltd.", "currency": "INR", "quoteSourceName": "Delayed Quote", "currencySymbol": "\u20b9", "fromCurrency": null, "lastMarket": null, "marketCap": 322710176}, "balanceSheetHistory": {"balanceSheetStatements": [{"maxAge": 1, "endDate": "2020-03-31", "cash": 21718461, "shortTermInvestments": 30000, "netReceivables": 43208401, "inventory": 95736417, "otherCurrentAssets": 3187988, "totalCurrentAssets": 164539610, "longTermInvestments": 989275, "propertyPlantEquipment": 67941551, "intangibleAssets": 194161, "otherAssets": 87006582, "deferredLongTermAssetCharges": 4370558, "totalAssets": 320671179, "accountsPayable": 14694958, "otherCurrentLiab": 12067260, "otherLiab": 5018423, "totalCurrentLiabilities": 88444679, "totalLiab": 95761835, "commonStock": 26462500, "retainedEarnings": 123618924, "treasuryStock": 74827920, "otherStockholderEquity": 74827920, "totalStockholderEquity": 224909344, "netTangibleAssets": 224715183}, {"maxAge": 1, "endDate": "2019-03-31", "cash": 2125610, "shortTermInvestments": 30000, "netReceivables": 25250336, "inventory": 119206689, "otherCurrentAssets": 2871579, "totalCurrentAssets": 149970290, "longTermInvestments": 880982, "propertyPlantEquipment": 63634614, "intangibleAssets": 354275, "otherAssets": 80261075, "deferredLongTermAssetCharges": 3807614, "totalAssets": 295101236, "accountsPayable": 13695725, "otherCurrentLiab": 9252800, "otherLiab": 4330281, "totalCurrentLiabilities": 67664071, "totalLiab": 71994352, "commonStock": 26462500, "retainedEarnings": 121816465, "treasuryStock": 74827919, "otherStockholderEquity": 74827919, "totalStockholderEquity": 223106884, "netTangibleAssets": 222752609}, {"maxAge": 1, "endDate": "2018-03-31", "cash": 1581689, "shortTermInvestments": 41006, "netReceivables": 4751477, "inventory": 111992151, "otherCurrentAssets": 2002846, "totalCurrentAssets": 120908552, "longTermInvestments": 815000, "propertyPlantEquipment": 65116518, "otherAssets": 81392799, "deferredLongTermAssetCharges": 4264372, "totalAssets": 268232869, "accountsPayable": 13426396, "otherCurrentLiab": 9831018, "otherLiab": 4151475, "totalCurrentLiabilities": 59785629, "totalLiab": 63937104, "commonStock": 26462500, "retainedEarnings": 103005345, "treasuryStock": 74827920, "otherStockholderEquity": 74827920, "totalStockholderEquity": 204295765, "netTangibleAssets": 204295765}, {"maxAge": 1, "endDate": "2017-03-31", "cash": 2460160, "shortTermInvestments": 41006, "netReceivables": 2760399, "inventory": 95078040, "otherCurrentAssets": 3288038, "totalCurrentAssets": 104091323, "longTermInvestments": 810000, "propertyPlantEquipment": 69868845, "otherAssets": 80643337, "deferredLongTermAssetCharges": 3712736, "totalAssets": 255413505, "accountsPayable": 10729744, "shortLongTermDebt": 899976, "otherCurrentLiab": 8892244, "longTermDebt": 1483143, "otherLiab": 4907092, "totalCurrentLiabilities": 73444667, "totalLiab": 79834902, "commonStock": 26462500, "retainedEarnings": 74282886, "treasuryStock": 74833217, "otherStockholderEquity": 74833217, "totalStockholderEquity": 175578603, "netTangibleAssets": 175578603}], "maxAge": 86400}, "financialData": {"maxAge": 86400, "currentPrice": 121.95, "recommendationKey": "none", "grossProfits": 216516390, "financialCurrency": "INR"}}}