{"PCS.BO": {"recommendationTrend": {"trend": [{"period": "0m", "strongBuy": 0, "buy": 0, "hold": 0, "sell": 0, "strongSell": 0}, {"period": "-1m", "strongBuy": 0, "buy": 0, "hold": 0, "sell": 0, "strongSell": 0}, {"period": "-2m", "strongBuy": 0, "buy": 0, "hold": 0, "sell": 0, "strongSell": 0}, {"period": "-3m", "strongBuy": 0, "buy": 0, "hold": 0, "sell": 0, "strongSell": 0}], "maxAge": 86400}, "cashflowStatementHistory": {"cashflowStatements": [{"maxAge": 1, "endDate": "2020-03-31", "netIncome": -52838921, "depreciation": 2509513, "changeToNetincome": 48025166, "changeToAccountReceivables": -48940121, "changeToLiabilities": -36244368, "totalCashFromOperatingActivities": -87488731, "investments": 38577777, "otherCashflowsFromInvestingActivities": 48051645, "totalCashflowsFromInvestingActivities": 86663734, "netBorrowings": 299324, "otherCashflowsFromFinancingActivities": -4931006, "totalCashFromFinancingActivities": -4631682, "changeInCash": -5456679}, {"maxAge": 1, "endDate": "2019-03-31", "netIncome": -22275968, "depreciation": 2837620, "changeToNetincome": 12524594, "changeToAccountReceivables": -36530038, "changeToLiabilities": -2058661, "totalCashFromOperatingActivities": -45502453, "investments": 14201200, "otherCashflowsFromInvestingActivities": 36704040, "totalCashflowsFromInvestingActivities": 53070330, "netBorrowings": 266316, "otherCashflowsFromFinancingActivities": -4932505, "totalCashFromFinancingActivities": -4666189, "changeInCash": 2901688}, {"maxAge": 1, "endDate": "2018-03-31", "netIncome": 28142668, "depreciation": 3971228, "changeToNetincome": -16936162, "changeToAccountReceivables": -114715065, "changeToLiabilities": -40624796, "changeToInventory": 380793, "totalCashFromOperatingActivities": -139781334, "investments": 79540024, "otherCashflowsFromInvestingActivities": 25468861, "totalCashflowsFromInvestingActivities": 120502822, "netBorrowings": -34483183, "otherCashflowsFromFinancingActivities": -8314186, "totalCashFromFinancingActivities": -42797369, "changeInCash": -62075881}, {"maxAge": 1, "endDate": "2017-03-31", "netIncome": 41548862, "depreciation": 10418711, "changeToNetincome": 24060529, "changeToAccountReceivables": 79100324, "changeToLiabilities": -41866725, "changeToInventory": 2324918, "totalCashFromOperatingActivities": 115741983, "capitalExpenditures": -244900, "investments": -108256956, "otherCashflowsFromInvestingActivities": 33280725, "totalCashflowsFromInvestingActivities": -65321131, "netBorrowings": -14079888, "otherCashflowsFromFinancingActivities": -857104, "totalCashFromFinancingActivities": -14936992, "changeInCash": 35483860}], "maxAge": 86400}, "institutionOwnership": {"ownershipList": [], "maxAge": 1}, "balanceSheetHistoryQuarterly": {"balanceSheetStatements": [{"maxAge": 1, "endDate": "2020-06-30", "totalStockholderEquity": 414388786, "netTangibleAssets": 414388786}, {"maxAge": 1, "endDate": "2020-03-31", "cash": 10570338, "shortTermInvestments": 335616568, "netReceivables": 3156676, "otherCurrentAssets": 1436433, "totalCurrentAssets": 350872146, "longTermInvestments": 20000, "propertyPlantEquipment": 92857398, "otherAssets": 12705008, "totalAssets": 456454552, "accountsPayable": 836900, "otherCurrentLiab": 255233, "longTermDebt": 37477428, "otherLiab": 2825118, "totalCurrentLiabilities": 1763220, "totalLiab": 42065766, "commonStock": 209506770, "retainedEarnings": 204882016, "totalStockholderEquity": 414388786, "netTangibleAssets": 414388786}, {"maxAge": 1, "endDate": "2019-12-31", "totalStockholderEquity": 440548000, "netTangibleAssets": 440548000}, {"maxAge": 1, "endDate": "2019-09-30", "cash": 157784000, "shortTermInvestments": 193616000, "netReceivables": 44851000, "otherCurrentAssets": 17830000, "totalCurrentAssets": 414081000, "longTermInvestments": 20000, "propertyPlantEquipment": 94104000, "otherAssets": 13481000, "totalAssets": 521686000, "accountsPayable": 39126000, "otherCurrentLiab": 1608000, "longTermDebt": 37328000, "otherLiab": 2604000, "totalCurrentLiabilities": 41206000, "totalLiab": 81138000, "commonStock": 209507000, "retainedEarnings": 231041000, "totalStockholderEquity": 440548000, "netTangibleAssets": 440548000}], "maxAge": 86400}, "earningsHistory": {"history": [{"maxAge": 1, "epsActual": {}, "epsEstimate": {}, "epsDifference": {}, "surprisePercent": {}, "quarter": {}, "period": "-4q"}, {"maxAge": 1, "epsActual": {}, "epsEstimate": {}, "epsDifference": {}, "surprisePercent": {}, "quarter": {}, "period": "-3q"}, {"maxAge": 1, "epsActual": {}, "epsEstimate": {}, "epsDifference": {}, "surprisePercent": {}, "quarter": {}, "period": "-2q"}, {"maxAge": 1, "epsActual": 0.72, "epsEstimate": 0.76, "epsDifference": -0.04, "surprisePercent": -0.053000003, "quarter": "2015-03-31", "period": "-1q"}], "maxAge": 86400}, "indexTrend": {"maxAge": 1, "symbol": "SP5", "peRatio": 19.7411, "pegRatio": 1.34172, "estimates": [{"period": "0q", "growth": 0.549}, {"period": "+1q", "growth": 0.431}, {"period": "0y", "growth": 0.305}, {"period": "+1y", "growth": 0.109}, {"period": "+5y", "growth": 0.120859005}, {"period": "-5y"}]}, "industryTrend": {"maxAge": 1, "symbol": null, "estimates": []}, "quoteType": {"exchange": "BSE", "quoteType": "EQUITY", "symbol": "PCS.BO", "underlyingSymbol": "PCS.BO", "shortName": "PCS TECHNOLOGY LTD.", "longName": "PCS Technology Limited", "firstTradeDateEpochUtc": "2000-11-14 09:15:00", "timeZoneFullName": "Asia/Kolkata", "timeZoneShortName": "IST", "uuid": "aa6fbea1-8be4-3c3f-a47c-2e2917836ad9", "gmtOffSetMilliseconds": 19800000, "maxAge": 1}, "incomeStatementHistory": {"incomeStatementHistory": [{"maxAge": 1, "endDate": "2020-03-31", "totalRevenue": 2989797, "costOfRevenue": 8445850, "grossProfit": -5456053, "researchDevelopment": {}, "sellingGeneralAdministrative": 1572083, "nonRecurring": {}, "otherOperatingExpenses": 2566936, "totalOperatingExpenses": 15094382, "operatingIncome": -12104585, "totalOtherIncomeExpenseNet": -41003438, "ebit": -12104585, "interestExpense": -4931006, "incomeBeforeTax": -53108023, "incomeTaxExpense": -269102, "minorityInterest": {}, "netIncomeFromContinuingOps": -52838921, "discontinuedOperations": {}, "extraordinaryItems": {}, "effectOfAccountingCharges": {}, "otherItems": {}, "netIncome": -52838921, "netIncomeApplicableToCommonShares": -52838921}, {"maxAge": 1, "endDate": "2019-03-31", "totalRevenue": 5808368, "costOfRevenue": 13270591, "grossProfit": -7462223, "researchDevelopment": {}, "sellingGeneralAdministrative": 1864588, "nonRecurring": {}, "otherOperatingExpenses": 11664300, "totalOperatingExpenses": 29637099, "operatingIncome": -23828731, "totalOtherIncomeExpenseNet": 10975055, "ebit": -23828731, "interestExpense": -4922597, "incomeBeforeTax": -12853676, "incomeTaxExpense": 9422292, "minorityInterest": {}, "netIncomeFromContinuingOps": -22275968, "discontinuedOperations": {}, "extraordinaryItems": {}, "effectOfAccountingCharges": {}, "otherItems": {}, "netIncome": -22275968, "netIncomeApplicableToCommonShares": -22275968}, {"maxAge": 1, "endDate": "2018-03-31", "totalRevenue": 102717188, "costOfRevenue": 72324400, "grossProfit": 30392788, "researchDevelopment": {}, "sellingGeneralAdministrative": 2352503, "nonRecurring": {}, "otherOperatingExpenses": 25369617, "totalOperatingExpenses": 104017748, "operatingIncome": -1300560, "totalOtherIncomeExpenseNet": 35526167, "ebit": -1300560, "interestExpense": -8314186, "incomeBeforeTax": 34225607, "incomeTaxExpense": 6082939, "minorityInterest": {}, "netIncomeFromContinuingOps": 28142668, "discontinuedOperations": {}, "extraordinaryItems": {}, "effectOfAccountingCharges": {}, "otherItems": {}, "netIncome": 28142668, "netIncomeApplicableToCommonShares": 28142668}, {"maxAge": 1, "endDate": "2017-03-31", "totalRevenue": 258550577, "costOfRevenue": 163222757, "grossProfit": 95327820, "researchDevelopment": {}, "sellingGeneralAdministrative": 3939705, "nonRecurring": {}, "otherOperatingExpenses": 60945802, "totalOperatingExpenses": 238682339, "operatingIncome": 19868238, "totalOtherIncomeExpenseNet": 31391407, "ebit": 19868238, "interestExpense": -7068189, "incomeBeforeTax": 51259645, "incomeTaxExpense": 9710783, "minorityInterest": {}, "netIncomeFromContinuingOps": 41548862, "discontinuedOperations": {}, "extraordinaryItems": {}, "effectOfAccountingCharges": {}, "otherItems": {}, "netIncome": 41548862, "netIncomeApplicableToCommonShares": 41548862}], "maxAge": 86400}, "fundOwnership": {"ownershipList": [], "maxAge": 1}, "summaryDetail": {"maxAge": 1, "priceHint": 4, "previousClose": 4.89, "open": 4.66, "dayLow": 4.66, "dayHigh": 5.36, "regularMarketPreviousClose": 4.89, "regularMarketOpen": 4.66, "regularMarketDayLow": 4.66, "regularMarketDayHigh": 5.36, "volume": 2044, "regularMarketVolume": 2044, "averageVolume": 2458, "averageVolume10days": 2496, "averageDailyVolume10Day": 2496, "bid": 5.0, "ask": 5.14, "bidSize": 0, "askSize": 0, "marketCap": 103915472, "fiftyTwoWeekLow": 1.94, "fiftyTwoWeekHigh": 7.26, "fiftyDayAverage": 5.8966665, "twoHundredDayAverage": 5.1361766, "currency": "INR", "fromCurrency": null, "lastMarket": null, "algorithm": null, "tradeable": false}, "sectorTrend": {"maxAge": 1, "symbol": null, "estimates": []}, "incomeStatementHistoryQuarterly": {"incomeStatementHistory": [{"maxAge": 1, "endDate": "2020-06-30", "totalRevenue": 582000, "costOfRevenue": 1973000, "grossProfit": -1391000, "researchDevelopment": {}, "sellingGeneralAdministrative": {}, "nonRecurring": {}, "otherOperatingExpenses": 1381000, "totalOperatingExpenses": 3971000, "operatingIncome": -3389000, "totalOtherIncomeExpenseNet": 6208000, "ebit": -3389000, "interestExpense": -881000, "incomeBeforeTax": 2819000, "incomeTaxExpense": 838000, "minorityInterest": {}, "netIncomeFromContinuingOps": 1981000, "discontinuedOperations": {}, "extraordinaryItems": {}, "effectOfAccountingCharges": {}, "otherItems": {}, "netIncome": 1981000, "netIncomeApplicableToCommonShares": 1981000}, {"maxAge": 1, "endDate": "2020-03-31", "totalRevenue": 639797, "costOfRevenue": 1815850, "grossProfit": -1176053, "researchDevelopment": {}, "sellingGeneralAdministrative": 1572083, "nonRecurring": {}, "otherOperatingExpenses": -10283064, "totalOperatingExpenses": -6278618, "operatingIncome": 6918415, "totalOtherIncomeExpenseNet": -16540438, "ebit": 6918415, "interestExpense": -1211006, "incomeBeforeTax": -9622023, "incomeTaxExpense": -142102, "minorityInterest": {}, "netIncomeFromContinuingOps": -9479921, "discontinuedOperations": {}, "extraordinaryItems": {}, "effectOfAccountingCharges": {}, "otherItems": {}, "netIncome": -9479921, "netIncomeApplicableToCommonShares": -9479921}, {"maxAge": 1, "endDate": "2019-12-31", "totalRevenue": 755000, "costOfRevenue": 2300000, "grossProfit": -1545000, "researchDevelopment": {}, "sellingGeneralAdministrative": 1572083, "nonRecurring": {}, "otherOperatingExpenses": 3184000, "totalOperatingExpenses": 6114000, "operatingIncome": -5359000, "totalOtherIncomeExpenseNet": -9376000, "ebit": -5359000, "interestExpense": -1229000, "incomeBeforeTax": -14735000, "incomeTaxExpense": -944000, "minorityInterest": {}, "netIncomeFromContinuingOps": -13791000, "discontinuedOperations": {}, "extraordinaryItems": {}, "effectOfAccountingCharges": {}, "otherItems": {}, "netIncome": -13791000, "netIncomeApplicableToCommonShares": -13791000}, {"maxAge": 1, "endDate": "2019-09-30", "totalRevenue": 778000, "costOfRevenue": 2126000, "grossProfit": -1348000, "researchDevelopment": {}, "sellingGeneralAdministrative": 1572083, "nonRecurring": {}, "otherOperatingExpenses": 6262000, "totalOperatingExpenses": 9021000, "operatingIncome": -8243000, "totalOtherIncomeExpenseNet": -24026000, "ebit": -8243000, "interestExpense": -1292000, "incomeBeforeTax": -32269000, "incomeTaxExpense": 475000, "minorityInterest": {}, "netIncomeFromContinuingOps": -32744000, "discontinuedOperations": {}, "extraordinaryItems": {}, "effectOfAccountingCharges": {}, "otherItems": {}, "netIncome": -32744000, "netIncomeApplicableToCommonShares": -32744000}], "maxAge": 86400}, "cashflowStatementHistoryQuarterly": {"cashflowStatements": [{"maxAge": 1, "endDate": "2020-06-30", "netIncome": 1981000, "changeToLiabilities": 0}, {"maxAge": 1, "endDate": "2020-03-31", "netIncome": -9479921, "changeToLiabilities": 0}, {"maxAge": 1, "endDate": "2019-12-31", "netIncome": -13791000, "changeToLiabilities": 0}, {"maxAge": 1, "endDate": "2019-09-30", "netIncome": -32744000, "changeToLiabilities": 0}], "maxAge": 86400}, "insiderHolders": {"holders": [], "maxAge": 1}, "earnings": {"maxAge": 86400, "earningsChart": {"quarterly": [{"date": "1Q2015", "actual": 0.72, "estimate": 0.76}], "currentQuarterEstimateDate": "2Q", "currentQuarterEstimateYear": 2015, "earningsDate": ["2020-11-14 05:30:S", "2020-11-15 05:30:S"]}, "financialsChart": {"yearly": [{"date": 2017, "revenue": 258550577, "earnings": 41548862}, {"date": 2018, "revenue": 102717188, "earnings": 28142668}, {"date": 2019, "revenue": 5808368, "earnings": -22275968}, {"date": 2020, "revenue": 2989797, "earnings": -52838921}], "quarterly": [{"date": "3Q2019", "revenue": 778000, "earnings": -32744000}, {"date": "4Q2019", "revenue": 755000, "earnings": -13791000}, {"date": "1Q2020", "revenue": 639797, "earnings": -9479921}, {"date": "2Q2020", "revenue": 582000, "earnings": 1981000}]}, "financialCurrency": "INR"}, "calendarEvents": {"maxAge": 1, "earnings": {"earningsDate": ["2020-11-14 05:30:S", "2020-11-15 05:30:S"]}}, "upgradeDowngradeHistory": {"history": [], "maxAge": 86400}, "price": {"maxAge": 1, "regularMarketChangePercent": 0.0143149635, "regularMarketChange": 0.07000017, "regularMarketTime": "2021-04-30 15:29:14", "priceHint": 4, "regularMarketPrice": 4.96, "regularMarketDayHigh": 5.36, "regularMarketDayLow": 4.66, "regularMarketVolume": 2044, "averageDailyVolume10Day": 2496, "averageDailyVolume3Month": 2458, "regularMarketPreviousClose": 4.89, "regularMarketSource": "FREE_REALTIME", "regularMarketOpen": 4.66, "exchange": "BSE", "exchangeName": "BSE", "exchangeDataDelayedBy": 0, "marketState": "CLOSED", "quoteType": "EQUITY", "symbol": "PCS.BO", "underlyingSymbol": null, "shortName": "PCS TECHNOLOGY LTD.", "longName": "PCS Technology Limited", "currency": "INR", "quoteSourceName": "Delayed Quote", "currencySymbol": "\u20b9", "fromCurrency": null, "lastMarket": null, "marketCap": 103915472}, "balanceSheetHistory": {"balanceSheetStatements": [{"maxAge": 1, "endDate": "2020-03-31", "cash": 10570338, "shortTermInvestments": 335616568, "netReceivables": 3156676, "otherCurrentAssets": 1436433, "totalCurrentAssets": 350872146, "longTermInvestments": 20000, "propertyPlantEquipment": 92857398, "otherAssets": 12705008, "totalAssets": 456454552, "accountsPayable": 836900, "otherCurrentLiab": 255233, "longTermDebt": 37477428, "otherLiab": 2825118, "totalCurrentLiabilities": 1763220, "totalLiab": 42065766, "commonStock": 209506770, "retainedEarnings": 204882016, "totalStockholderEquity": 414388786, "netTangibleAssets": 414388786}, {"maxAge": 1, "endDate": "2019-03-31", "cash": 16027017, "shortTermInvestments": 366900164, "netReceivables": 51764642, "otherCurrentAssets": 2775743, "totalCurrentAssets": 437631085, "longTermInvestments": 20000, "propertyPlantEquipment": 95332599, "otherAssets": 15962470, "totalAssets": 548946154, "accountsPayable": 38403576, "otherCurrentLiab": 1897496, "longTermDebt": 37178104, "otherLiab": 2777543, "totalCurrentLiabilities": 40847866, "totalLiab": 80803513, "commonStock": 209506770, "retainedEarnings": 258635871, "totalStockholderEquity": 468142641, "netTangibleAssets": 468142641}, {"maxAge": 1, "endDate": "2018-03-31", "cash": 13125329, "shortTermInvestments": 332698964, "netReceivables": 72537229, "otherCurrentAssets": 4979777, "totalCurrentAssets": 423796686, "longTermInvestments": 20000, "propertyPlantEquipment": 99873978, "otherAssets": 46927549, "totalAssets": 570618213, "accountsPayable": 37815340, "otherCurrentLiab": 2831260, "longTermDebt": 36911788, "otherLiab": 2787995, "totalCurrentLiabilities": 41953783, "totalLiab": 81653566, "commonStock": 209506770, "retainedEarnings": 279457877, "totalStockholderEquity": 488964647, "netTangibleAssets": 488964647}, {"maxAge": 1, "endDate": "2017-03-31", "cash": 74193328, "shortTermInvestments": 168658940, "netReceivables": 128028957, "inventory": 380793, "otherCurrentAssets": 2254000, "totalCurrentAssets": 374578998, "longTermInvestments": 5024000, "propertyPlantEquipment": 106551560, "otherAssets": 56597926, "totalAssets": 542752484, "accountsPayable": 4286432, "otherCurrentLiab": 5471598, "longTermDebt": 53255404, "otherLiab": 1596739, "totalCurrentLiabilities": 32126572, "totalLiab": 86978715, "commonStock": 209506770, "retainedEarnings": 246266999, "totalStockholderEquity": 455773769, "netTangibleAssets": 455773769}], "maxAge": 86400}, "earningsTrend": {"trend": [{"maxAge": 1, "period": "0q", "endDate": "2015-06-30", "growth": {}, "earningsEstimate": {"avg": 0.0, "low": 0.0, "high": 0.0, "yearAgoEps": {}, "numberOfAnalysts": 0, "growth": {}}, "revenueEstimate": {"avg": 0, "low": 0, "high": 0, "numberOfAnalysts": 0, "yearAgoRevenue": {}, "growth": {}}, "epsTrend": {"current": 0.0, "7daysAgo": 0.0, "30daysAgo": 0.0, "60daysAgo": 0.0, "90daysAgo": 0.0}, "epsRevisions": {"upLast7days": 0, "upLast30days": 0, "downLast30days": 0, "downLast90days": {}}}, {"maxAge": 1, "period": "+1q", "endDate": "2015-09-30", "growth": {}, "earningsEstimate": {"avg": 0.0, "low": 0.0, "high": 0.0, "yearAgoEps": {}, "numberOfAnalysts": 0, "growth": {}}, "revenueEstimate": {"avg": 0, "low": 0, "high": 0, "numberOfAnalysts": 0, "yearAgoRevenue": {}, "growth": {}}, "epsTrend": {"current": 0.0, "7daysAgo": 0.0, "30daysAgo": 0.0, "60daysAgo": 0.0, "90daysAgo": 0.0}, "epsRevisions": {"upLast7days": 0, "upLast30days": 0, "downLast30days": 0, "downLast90days": {}}}, {"maxAge": 1, "period": "0y", "endDate": "2016-03-31", "growth": {}, "earningsEstimate": {"avg": 0.0, "low": 0.0, "high": 0.0, "yearAgoEps": {}, "numberOfAnalysts": 0, "growth": {}}, "revenueEstimate": {"avg": 1192400000, "low": 1192400000, "high": 1192400000, "numberOfAnalysts": 1, "yearAgoRevenue": 1004590000, "growth": 0.187}, "epsTrend": {"current": 0.0, "7daysAgo": 3.01, "30daysAgo": 3.01, "60daysAgo": 3.01, "90daysAgo": 3.01}, "epsRevisions": {"upLast7days": 0, "upLast30days": 0, "downLast30days": 0, "downLast90days": {}}}, {"maxAge": 1, "period": "+1y", "endDate": "2017-03-31", "growth": {}, "earningsEstimate": {"avg": 0.0, "low": 0.0, "high": 0.0, "yearAgoEps": {}, "numberOfAnalysts": 0, "growth": {}}, "revenueEstimate": {"avg": 0, "low": 0, "high": 0, "numberOfAnalysts": 0, "yearAgoRevenue": 1192400000, "growth": {}}, "epsTrend": {"current": 0.0, "7daysAgo": 0.0, "30daysAgo": 0.0, "60daysAgo": 0.0, "90daysAgo": 0.0}, "epsRevisions": {"upLast7days": 0, "upLast30days": 0, "downLast30days": 0, "downLast90days": {}}}, {"maxAge": 1, "period": "+5y", "endDate": null, "growth": {}, "earningsEstimate": {"avg": {}, "low": {}, "high": {}, "yearAgoEps": {}, "numberOfAnalysts": {}, "growth": {}}, "revenueEstimate": {"avg": {}, "low": {}, "high": {}, "numberOfAnalysts": {}, "yearAgoRevenue": {}, "growth": {}}, "epsTrend": {"current": {}, "7daysAgo": {}, "30daysAgo": {}, "60daysAgo": {}, "90daysAgo": {}}, "epsRevisions": {"upLast7days": {}, "upLast30days": {}, "downLast30days": {}, "downLast90days": {}}}, {"maxAge": 1, "period": "-5y", "endDate": null, "growth": {}, "earningsEstimate": {"avg": {}, "low": {}, "high": {}, "yearAgoEps": {}, "numberOfAnalysts": {}, "growth": {}}, "revenueEstimate": {"avg": {}, "low": {}, "high": {}, "numberOfAnalysts": {}, "yearAgoRevenue": {}, "growth": {}}, "epsTrend": {"current": {}, "7daysAgo": {}, "30daysAgo": {}, "60daysAgo": {}, "90daysAgo": {}}, "epsRevisions": {"upLast7days": {}, "upLast30days": {}, "downLast30days": {}, "downLast90days": {}}}], "maxAge": 1}, "financialData": {"maxAge": 86400, "currentPrice": 4.96, "targetHighPrice": 35.0, "targetLowPrice": 35.0, "targetMeanPrice": 35.0, "targetMedianPrice": 35.0, "recommendationMean": 1.0, "recommendationKey": "strong_buy", "numberOfAnalystOpinions": 1, "grossProfits": -5456053, "financialCurrency": "INR"}}}