{"PDMJEPAPER.BO": {"recommendationTrend": {"trend": [{"period": "0m", "strongBuy": 0, "buy": 0, "hold": 0, "sell": 0, "strongSell": 0}, {"period": "-1m", "strongBuy": 0, "buy": 0, "hold": 0, "sell": 0, "strongSell": 0}, {"period": "-2m", "strongBuy": 0, "buy": 0, "hold": 0, "sell": 0, "strongSell": 0}, {"period": "-3m", "strongBuy": 0, "buy": 0, "hold": 0, "sell": 0, "strongSell": 0}], "maxAge": 86400}, "cashflowStatementHistory": {"cashflowStatements": [{"maxAge": 1, "endDate": "2020-03-31", "netIncome": 272125000, "depreciation": 113213000, "changeToNetincome": 87026000, "changeToAccountReceivables": 137457000, "changeToLiabilities": 61600000, "changeToInventory": 26445000, "changeToOperatingActivities": -175806000, "totalCashFromOperatingActivities": 522736000, "capitalExpenditures": -75517000, "investments": -292606000, "otherCashflowsFromInvestingActivities": 50607000, "totalCashflowsFromInvestingActivities": -310354000, "dividendsPaid": -33233000, "netBorrowings": -98971000, "otherCashflowsFromFinancingActivities": -75217000, "totalCashFromFinancingActivities": -207421000, "changeInCash": 4961000}, {"maxAge": 1, "endDate": "2019-03-31", "netIncome": 167424000, "depreciation": 72507000, "changeToNetincome": 91328000, "changeToAccountReceivables": -51015000, "changeToLiabilities": 77868000, "changeToInventory": -263565000, "changeToOperatingActivities": 43726000, "totalCashFromOperatingActivities": 138273000, "capitalExpenditures": -211044000, "investments": -35135000, "otherCashflowsFromInvestingActivities": 31144000, "totalCashflowsFromInvestingActivities": -211815000, "dividendsPaid": -14243000, "netBorrowings": 186653000, "otherCashflowsFromFinancingActivities": -100962000, "totalCashFromFinancingActivities": 71448000, "changeInCash": -2094000}, {"maxAge": 1, "endDate": "2018-03-31", "netIncome": 191470000, "depreciation": 66070000, "changeToNetincome": 97362000, "changeToAccountReceivables": -27397000, "changeToLiabilities": 230760000, "changeToInventory": -149117000, "changeToOperatingActivities": -165990000, "totalCashFromOperatingActivities": 243158000, "capitalExpenditures": -143718000, "investments": 2199000, "otherCashflowsFromInvestingActivities": 26959000, "totalCashflowsFromInvestingActivities": -93230000, "dividendsPaid": -14243000, "netBorrowings": -81226000, "otherCashflowsFromFinancingActivities": -80845000, "totalCashFromFinancingActivities": -176314000, "changeInCash": -26386000}, {"maxAge": 1, "endDate": "2017-03-31", "netIncome": 205780000, "depreciation": 58735000, "changeToNetincome": 157586000, "changeToAccountReceivables": -3634000, "changeToLiabilities": -67618000, "changeToInventory": 475247000, "changeToOperatingActivities": -5078000, "totalCashFromOperatingActivities": 821572000, "capitalExpenditures": -174968000, "investments": -250001000, "otherCashflowsFromInvestingActivities": 23065000, "totalCashflowsFromInvestingActivities": -328626000, "dividendsPaid": -9495000, "netBorrowings": -363627000, "otherCashflowsFromFinancingActivities": -98618000, "totalCashFromFinancingActivities": -471740000, "changeInCash": 21206000}], "maxAge": 86400}, "institutionOwnership": {"ownershipList": [], "maxAge": 1}, "balanceSheetHistoryQuarterly": {"balanceSheetStatements": [{"maxAge": 1, "endDate": "2020-06-30", "totalStockholderEquity": 2799568000, "netTangibleAssets": 2014590000}, {"maxAge": 1, "endDate": "2020-03-31", "cash": 39087000, "shortTermInvestments": 515387000, "netReceivables": 743658000, "inventory": 919290000, "otherCurrentAssets": 148317000, "totalCurrentAssets": 2372566000, "longTermInvestments": 24475000, "propertyPlantEquipment": 1808889000, "goodWill": 779305000, "intangibleAssets": 5673000, "otherAssets": 168094000, "totalAssets": 5159002000, "accountsPayable": 819941000, "shortLongTermDebt": 197546000, "otherCurrentLiab": 128557000, "longTermDebt": 446421000, "otherLiab": 505464000, "totalCurrentLiabilities": 1368542000, "totalLiab": 2359434000, "commonStock": 94950000, "retainedEarnings": 900568000, "treasuryStock": 1794550000, "capitalSurplus": 9500000, "otherStockholderEquity": 1794550000, "totalStockholderEquity": 2799568000, "netTangibleAssets": 2014590000}, {"maxAge": 1, "endDate": "2019-12-31", "totalStockholderEquity": 2699573000, "netTangibleAssets": 1916471000}, {"maxAge": 1, "endDate": "2019-09-30", "cash": 87756000, "shortTermInvestments": 491834000, "netReceivables": 725374000, "inventory": 811149000, "otherCurrentAssets": 108831000, "totalCurrentAssets": 2224944000, "longTermInvestments": 475000, "propertyPlantEquipment": 1838233000, "goodWill": 779305000, "intangibleAssets": 3797000, "otherAssets": 172473000, "totalAssets": 5019227000, "accountsPayable": 860111000, "otherCurrentLiab": 417354000, "longTermDebt": 558157000, "otherLiab": 398190000, "totalCurrentLiabilities": 1363307000, "totalLiab": 2319654000, "commonStock": 94950000, "treasuryStock": 2604623000, "otherStockholderEquity": 2604623000, "totalStockholderEquity": 2699573000, "netTangibleAssets": 1916471000}], "maxAge": 86400}, "earningsHistory": {"history": [{"maxAge": 1, "epsActual": {}, "epsEstimate": {}, "epsDifference": {}, "surprisePercent": {}, "quarter": {}, "period": "-4q"}, {"maxAge": 1, "epsActual": {}, "epsEstimate": {}, "epsDifference": {}, "surprisePercent": {}, "quarter": {}, "period": "-3q"}, {"maxAge": 1, "epsActual": {}, "epsEstimate": {}, "epsDifference": {}, "surprisePercent": {}, "quarter": {}, "period": "-2q"}, {"maxAge": 1, "epsActual": {}, "epsEstimate": {}, "epsDifference": {}, "surprisePercent": {}, "quarter": {}, "period": "-1q"}], "maxAge": 86400}, "indexTrend": {"maxAge": 1, "symbol": "SP5", "peRatio": 19.7411, "pegRatio": 1.34172, "estimates": [{"period": "0q", "growth": 0.549}, {"period": "+1q", "growth": 0.431}, {"period": "0y", "growth": 0.305}, {"period": "+1y", "growth": 0.109}, {"period": "+5y", "growth": 0.120865}, {"period": "-5y"}]}, "industryTrend": {"maxAge": 1, "symbol": null, "estimates": []}, "insiderTransactions": {"transactions": [{"maxAge": 1, "shares": 346343, "value": 67121, "filerUrl": "", "transactionText": "Acquisition at price 0.19 per share.", "filerName": "Pudumjee Industries Ltd", "filerRelation": "Promoter", "moneyText": "", "startDate": "2020-09-22", "ownership": "D"}, {"maxAge": 1, "shares": 38190, "value": 7424, "filerUrl": "", "transactionText": "Acquisition at price 0.19 per share.", "filerName": "AMJ Land Holdings Pvt. Ltd.", "filerRelation": "Promoter", "moneyText": "", "startDate": "2020-09-18", "ownership": "D"}, {"maxAge": 1, "shares": 3326, "value": 645, "filerUrl": "", "transactionText": "Acquisition at price 0.19 per share.", "filerName": "AMJ Land Holdings Pvt. Ltd.", "filerRelation": "Promoter", "moneyText": "", "startDate": "2020-09-17", "ownership": "D"}, {"maxAge": 1, "shares": 44532, "value": 8608, "filerUrl": "", "transactionText": "Acquisition at price 0.19 per share.", "filerName": "Pudumjee Industries Ltd", "filerRelation": "Promoter", "moneyText": "", "startDate": "2020-08-20", "ownership": "D"}, {"maxAge": 1, "shares": 13360400, "value": 2618638, "filerUrl": "", "transactionText": "Acquisition at price 0.20 per share.", "filerName": "Pudumjee Industries Ltd", "filerRelation": "Promoter", "moneyText": "", "startDate": "2020-08-19", "ownership": "D"}, {"maxAge": 1, "shares": 505944, "filerUrl": "", "transactionText": "", "filerName": "Fujisan Technologies Ltd", "filerRelation": "Promoter", "moneyText": "", "startDate": "2019-09-25", "ownership": "D"}, {"maxAge": 1, "shares": 2985808, "filerUrl": "", "transactionText": "", "filerName": "Chem Mach Pvt Ltd", "filerRelation": "Promoter", "moneyText": "", "startDate": "2019-08-26", "ownership": "D"}, {"maxAge": 1, "shares": 2985808, "filerUrl": "", "transactionText": "", "filerName": "Pudumjee Industries Ltd", "filerRelation": "Promoter", "moneyText": "", "startDate": "2019-08-26", "ownership": "D"}, {"maxAge": 1, "shares": 125327, "filerUrl": "", "transactionText": "", "filerName": "Jajodia (Gautam Nandkishore)", "filerRelation": "UNREPORTED", "moneyText": "", "startDate": "2019-02-25", "ownership": "D"}, {"maxAge": 1, "shares": 992500, "filerUrl": "", "transactionText": "", "filerName": "Vrinda Jatia Trust", "filerRelation": "Institution- Corporation", "moneyText": "", "startDate": "2019-02-15", "ownership": "D"}, {"maxAge": 1, "shares": 992500, "filerUrl": "", "transactionText": "", "filerName": "Vasudha Jatia Trust", "filerRelation": "Institution- Corporation", "moneyText": "", "startDate": "2019-02-15", "ownership": "D"}, {"maxAge": 1, "shares": 992500, "filerUrl": "", "transactionText": "", "filerName": "Jatia (Vrinda)", "filerRelation": "Promoter", "moneyText": "", "startDate": "2019-02-15", "ownership": "D"}, {"maxAge": 1, "shares": 992500, "filerUrl": "", "transactionText": "", "filerName": "Jatia (Vasudha)", "filerRelation": "Promoter", "moneyText": "", "startDate": "2019-02-15", "ownership": "D"}, {"maxAge": 1, "shares": 29896, "filerUrl": "", "transactionText": "", "filerName": "Birla (Hanuman Prasad)", "filerRelation": "UNREPORTED", "moneyText": "", "startDate": "2019-01-07", "ownership": "D"}, {"maxAge": 1, "shares": 34948, "filerUrl": "", "transactionText": "", "filerName": "Birla (Hanuman Prasad)", "filerRelation": "UNREPORTED", "moneyText": "", "startDate": "2019-01-04", "ownership": "D"}, {"maxAge": 1, "shares": 2991, "filerUrl": "", "transactionText": "", "filerName": "Birla (Hanuman Prasad)", "filerRelation": "UNREPORTED", "moneyText": "", "startDate": "2019-01-03", "ownership": "D"}, {"maxAge": 1, "shares": 14246, "filerUrl": "", "transactionText": "", "filerName": "Birla (Hanuman Prasad)", "filerRelation": "UNREPORTED", "moneyText": "", "startDate": "2019-01-02", "ownership": "D"}, {"maxAge": 1, "shares": 36628, "filerUrl": "", "transactionText": "", "filerName": "Birla (Hanuman Prasad)", "filerRelation": "UNREPORTED", "moneyText": "", "startDate": "2019-01-01", "ownership": "D"}, {"maxAge": 1, "shares": 35437, "filerUrl": "", "transactionText": "", "filerName": "Birla (Hanuman Prasad)", "filerRelation": "UNREPORTED", "moneyText": "", "startDate": "2018-12-19", "ownership": "D"}, {"maxAge": 1, "shares": 38450, "filerUrl": "", "transactionText": "", "filerName": "Birla (Hanuman Prasad)", "filerRelation": "UNREPORTED", "moneyText": "", "startDate": "2018-12-18", "ownership": "D"}, {"maxAge": 1, "shares": 24158, "filerUrl": "", "transactionText": "", "filerName": "Birla (Hanuman Prasad)", "filerRelation": "UNREPORTED", "moneyText": "", "startDate": "2018-12-17", "ownership": "D"}, {"maxAge": 1, "shares": 210000, "filerUrl": "", "transactionText": "", "filerName": "Yashvardhan Jatia Trust", "filerRelation": "Promoter", "moneyText": "", "startDate": "2018-01-23", "ownership": "D"}, {"maxAge": 1, "shares": 210000, "filerUrl": "", "transactionText": "", "filerName": "Agarwal (Nandkishore)", "filerRelation": "Promoter", "moneyText": "", "startDate": "2018-01-23", "ownership": "D"}, {"maxAge": 1, "shares": 9465101, "filerUrl": "", "transactionText": "", "filerName": "Yashvardhan Jatia Trust", "filerRelation": "Institution- Corporation", "moneyText": "", "startDate": "2017-03-21", "ownership": "D"}, {"maxAge": 1, "shares": 4324629, "filerUrl": "", "transactionText": "", "filerName": "Jatia (Yashvardhan)", "filerRelation": "Promoter", "moneyText": "", "startDate": "2017-03-21", "ownership": "D"}], "maxAge": 1}, "quoteType": {"exchange": "BSE", "quoteType": "EQUITY", "symbol": "PDMJEPAPER.BO", "underlyingSymbol": "PDMJEPAPER.BO", "shortName": "Pudumjee Paper Products Limite", "longName": "Pudumjee Paper Products Limited", "firstTradeDateEpochUtc": "2016-03-30 09:15:00", "timeZoneFullName": "Asia/Kolkata", "timeZoneShortName": "IST", "uuid": "789202a0-d6e9-381a-aa0f-b3672dad2a6c", "gmtOffSetMilliseconds": 19800000, "maxAge": 1}, "incomeStatementHistory": {"incomeStatementHistory": [{"maxAge": 1, "endDate": "2020-03-31", "totalRevenue": 6044822000, "costOfRevenue": 4582821000, "grossProfit": 1462001000, "researchDevelopment": {}, "sellingGeneralAdministrative": 513966000, "nonRecurring": {}, "otherOperatingExpenses": 347294000, "totalOperatingExpenses": 5557970000, "operatingIncome": 486852000, "totalOtherIncomeExpenseNet": -76339000, "ebit": 486852000, "interestExpense": -57267000, "incomeBeforeTax": 410513000, "incomeTaxExpense": 138388000, "minorityInterest": {}, "netIncomeFromContinuingOps": 272125000, "discontinuedOperations": {}, "extraordinaryItems": {}, "effectOfAccountingCharges": {}, "otherItems": {}, "netIncome": 272125000, "netIncomeApplicableToCommonShares": 272125000}, {"maxAge": 1, "endDate": "2019-03-31", "totalRevenue": 5895213000, "costOfRevenue": 4637136000, "grossProfit": 1258077000, "researchDevelopment": {}, "sellingGeneralAdministrative": 519396000, "nonRecurring": {}, "otherOperatingExpenses": 323632000, "totalOperatingExpenses": 5552671000, "operatingIncome": 342542000, "totalOtherIncomeExpenseNet": -86335000, "ebit": 342542000, "interestExpense": -58360000, "incomeBeforeTax": 256207000, "incomeTaxExpense": 88783000, "minorityInterest": {}, "netIncomeFromContinuingOps": 167424000, "discontinuedOperations": {}, "extraordinaryItems": {}, "effectOfAccountingCharges": {}, "otherItems": {}, "netIncome": 167424000, "netIncomeApplicableToCommonShares": 167424000}, {"maxAge": 1, "endDate": "2018-03-31", "totalRevenue": 4993235000, "costOfRevenue": 3866446000, "grossProfit": 1126789000, "researchDevelopment": {}, "sellingGeneralAdministrative": 475999000, "nonRecurring": {}, "otherOperatingExpenses": 244215000, "totalOperatingExpenses": 4652730000, "operatingIncome": 340505000, "totalOtherIncomeExpenseNet": -40119000, "ebit": 340505000, "interestExpense": -67204000, "incomeBeforeTax": 300386000, "incomeTaxExpense": 108916000, "minorityInterest": {}, "netIncomeFromContinuingOps": 191470000, "discontinuedOperations": {}, "extraordinaryItems": {}, "effectOfAccountingCharges": {}, "otherItems": {}, "netIncome": 191470000, "netIncomeApplicableToCommonShares": 191470000}, {"maxAge": 1, "endDate": "2017-03-31", "totalRevenue": 5138392000, "costOfRevenue": 4056255000, "grossProfit": 1082137000, "researchDevelopment": {}, "sellingGeneralAdministrative": 421125000, "nonRecurring": {}, "otherOperatingExpenses": 180896000, "totalOperatingExpenses": 4730774000, "operatingIncome": 407618000, "totalOtherIncomeExpenseNet": -92807000, "ebit": 407618000, "interestExpense": -81917000, "incomeBeforeTax": 314811000, "incomeTaxExpense": 109031000, "minorityInterest": {}, "netIncomeFromContinuingOps": 205780000, "discontinuedOperations": {}, "extraordinaryItems": {}, "effectOfAccountingCharges": {}, "otherItems": {}, "netIncome": 205780000, "netIncomeApplicableToCommonShares": 205780000}], "maxAge": 86400}, "fundOwnership": {"ownershipList": [], "maxAge": 1}, "summaryDetail": {"maxAge": 1, "priceHint": 2, "previousClose": 23.4, "open": 23.3, "dayLow": 22.5, "dayHigh": 23.55, "regularMarketPreviousClose": 23.4, "regularMarketOpen": 23.3, "regularMarketDayLow": 22.5, "regularMarketDayHigh": 23.55, "trailingPE": 10.771028, "volume": 12573, "regularMarketVolume": 12573, "averageVolume": 49313, "averageVolume10days": 19180, "averageDailyVolume10Day": 19180, "bid": 22.9, "ask": 23.5, "bidSize": 0, "askSize": 0, "marketCap": 2188597504, "fiftyTwoWeekLow": 9.45, "fiftyTwoWeekHigh": 24.8, "fiftyDayAverage": 22.386364, "twoHundredDayAverage": 17.56669, "trailingAnnualDividendRate": 0.2, "trailingAnnualDividendYield": 0.008547009, "currency": "INR", "fromCurrency": null, "lastMarket": null, "algorithm": null, "tradeable": false}, "sectorTrend": {"maxAge": 1, "symbol": null, "estimates": []}, "incomeStatementHistoryQuarterly": {"incomeStatementHistory": [{"maxAge": 1, "endDate": "2020-06-30", "totalRevenue": 603011000, "costOfRevenue": 421864000, "grossProfit": 181147000, "researchDevelopment": {}, "sellingGeneralAdministrative": 107627000, "nonRecurring": {}, "otherOperatingExpenses": 68604000, "totalOperatingExpenses": 625220000, "operatingIncome": -22209000, "totalOtherIncomeExpenseNet": 7464000, "ebit": -22209000, "interestExpense": -15886000, "incomeBeforeTax": -14745000, "incomeTaxExpense": -6704000, "minorityInterest": {}, "netIncomeFromContinuingOps": -8041000, "discontinuedOperations": {}, "extraordinaryItems": {}, "effectOfAccountingCharges": {}, "otherItems": {}, "netIncome": -8041000, "netIncomeApplicableToCommonShares": -8041000}, {"maxAge": 1, "endDate": "2020-03-31", "totalRevenue": 1332723000, "costOfRevenue": 1079788000, "grossProfit": 252935000, "researchDevelopment": {}, "sellingGeneralAdministrative": 166894000, "nonRecurring": {}, "otherOperatingExpenses": -74390000, "totalOperatingExpenses": 1218062000, "operatingIncome": 114661000, "totalOtherIncomeExpenseNet": -56691000, "ebit": 114661000, "interestExpense": -15886000, "incomeBeforeTax": 57970000, "incomeTaxExpense": 18949000, "minorityInterest": {}, "netIncomeFromContinuingOps": 39021000, "discontinuedOperations": {}, "extraordinaryItems": {}, "effectOfAccountingCharges": {}, "otherItems": {}, "netIncome": 39021000, "netIncomeApplicableToCommonShares": 39021000}, {"maxAge": 1, "endDate": "2019-12-31", "totalRevenue": 1532111000, "costOfRevenue": 1081786000, "grossProfit": 450325000, "researchDevelopment": {}, "sellingGeneralAdministrative": 116903000, "nonRecurring": {}, "otherOperatingExpenses": 153168000, "totalOperatingExpenses": 1375471000, "operatingIncome": 156640000, "totalOtherIncomeExpenseNet": -5563000, "ebit": 156640000, "interestExpense": -17894000, "incomeBeforeTax": 151077000, "incomeTaxExpense": 52013000, "minorityInterest": {}, "netIncomeFromContinuingOps": 99064000, "discontinuedOperations": {}, "extraordinaryItems": {}, "effectOfAccountingCharges": {}, "otherItems": {}, "netIncome": 99064000, "netIncomeApplicableToCommonShares": 99064000}, {"maxAge": 1, "endDate": "2019-09-30", "totalRevenue": 1587245000, "costOfRevenue": 1193401000, "grossProfit": 393844000, "researchDevelopment": {}, "sellingGeneralAdministrative": 116444000, "nonRecurring": {}, "otherOperatingExpenses": 121774000, "totalOperatingExpenses": 1454131000, "operatingIncome": 133114000, "totalOtherIncomeExpenseNet": -18673000, "ebit": 133114000, "interestExpense": -21500000, "incomeBeforeTax": 114441000, "incomeTaxExpense": 38013000, "minorityInterest": {}, "netIncomeFromContinuingOps": 76428000, "discontinuedOperations": {}, "extraordinaryItems": {}, "effectOfAccountingCharges": {}, "otherItems": {}, "netIncome": 76428000, "netIncomeApplicableToCommonShares": 76428000}], "maxAge": 86400}, "cashflowStatementHistoryQuarterly": {"cashflowStatements": [{"maxAge": 1, "endDate": "2020-06-30", "netIncome": -8041000, "changeToLiabilities": 0}, {"maxAge": 1, "endDate": "2020-03-31", "netIncome": 39021000, "changeToLiabilities": 0}, {"maxAge": 1, "endDate": "2019-12-31", "netIncome": 99064000, "changeToLiabilities": 0}, {"maxAge": 1, "endDate": "2019-09-30", "netIncome": 76428000, "changeToLiabilities": 0}], "maxAge": 86400}, "insiderHolders": {"holders": [{"maxAge": 1, "name": "AMJ Land Holdings Pvt. Ltd.", "relation": "Promoter", "url": "", "transactionDescription": "Acquisition", "latestTransDate": "2020-09-18", "positionDirect": 1041906, "positionDirectDate": "2020-09-18"}, {"maxAge": 1, "name": "Birla (Hanuman Prasad)", "relation": "UNREPORTED", "url": "", "transactionDescription": "Sale", "latestTransDate": "2019-01-07", "positionDirect": 338291, "positionDirectDate": "2019-01-07"}, {"maxAge": 1, "name": "Chem Mach Pvt Ltd", "relation": "Promoter", "url": "", "transactionDescription": "Acquisition", "latestTransDate": "2019-08-26", "positionDirect": 7700000, "positionDirectDate": "2019-08-26"}, {"maxAge": 1, "name": "Fujisan Technologies Ltd", "relation": "Promoter", "url": "", "transactionDescription": "Acquisition", "latestTransDate": "2019-09-25", "positionDirect": 900000, "positionDirectDate": "2019-09-25"}, {"maxAge": 1, "name": "Jajodia (Gautam Nandkishore)", "relation": "UNREPORTED", "url": "", "transactionDescription": "Purchase", "latestTransDate": "2019-02-25", "positionDirect": 125327, "positionDirectDate": "2019-02-25"}, {"maxAge": 1, "name": "Jatia (Vasudha)", "relation": "Promoter", "url": "", "transactionDescription": "Sale", "latestTransDate": "2019-02-15", "positionDirect": 0, "positionDirectDate": "2019-02-15"}, {"maxAge": 1, "name": "Jatia (Vrinda)", "relation": "Promoter", "url": "", "transactionDescription": "Sale", "latestTransDate": "2019-02-15", "positionDirect": 0, "positionDirectDate": "2019-02-15"}, {"maxAge": 1, "name": "Pudumjee Industries Ltd", "relation": "Promoter", "url": "", "transactionDescription": "Acquisition", "latestTransDate": "2020-09-22", "positionDirect": 1103436, "positionDirectDate": "2020-09-22"}, {"maxAge": 1, "name": "Vasudha Jatia Trust", "relation": "Institution- Corporation", "url": "", "transactionDescription": "Purchase", "latestTransDate": "2019-02-15", "positionDirect": 992500, "positionDirectDate": "2019-02-15"}, {"maxAge": 1, "name": "Vrinda Jatia Trust", "relation": "Institution- Corporation", "url": "", "transactionDescription": "Purchase", "latestTransDate": "2019-02-15", "positionDirect": 992500, "positionDirectDate": "2019-02-15"}], "maxAge": 1}, "earnings": {"maxAge": 86400, "earningsChart": {"quarterly": [], "earningsDate": []}, "financialsChart": {"yearly": [{"date": 2017, "revenue": 5138392000, "earnings": 205780000}, {"date": 2018, "revenue": 4993235000, "earnings": 191470000}, {"date": 2019, "revenue": 5895213000, "earnings": 167424000}, {"date": 2020, "revenue": 6044822000, "earnings": 272125000}], "quarterly": [{"date": "3Q2019", "revenue": 1587245000, "earnings": 76428000}, {"date": "4Q2019", "revenue": 1532111000, "earnings": 99064000}, {"date": "1Q2020", "revenue": 1332723000, "earnings": 39021000}, {"date": "2Q2020", "revenue": 603011000, "earnings": -8041000}]}, "financialCurrency": "INR"}, "calendarEvents": {"maxAge": 1, "earnings": {"earningsDate": []}}, "upgradeDowngradeHistory": {"history": [], "maxAge": 86400}, "price": {"maxAge": 1, "regularMarketChangePercent": -0.014957282, "regularMarketChange": -0.35000038, "regularMarketTime": "2021-04-30 15:28:27", "priceHint": 2, "regularMarketPrice": 23.05, "regularMarketDayHigh": 23.55, "regularMarketDayLow": 22.5, "regularMarketVolume": 12573, "averageDailyVolume10Day": 19180, "averageDailyVolume3Month": 49313, "regularMarketPreviousClose": 23.4, "regularMarketSource": "FREE_REALTIME", "regularMarketOpen": 23.3, "exchange": "BSE", "exchangeName": "BSE", "exchangeDataDelayedBy": 0, "marketState": "CLOSED", "quoteType": "EQUITY", "symbol": "PDMJEPAPER.BO", "underlyingSymbol": null, "shortName": "Pudumjee Paper Products Limite", "longName": "Pudumjee Paper Products Limited", "currency": "INR", "quoteSourceName": "Delayed Quote", "currencySymbol": "\u20b9", "fromCurrency": null, "lastMarket": null, "marketCap": 2188597504}, "balanceSheetHistory": {"balanceSheetStatements": [{"maxAge": 1, "endDate": "2020-03-31", "cash": 39087000, "shortTermInvestments": 515387000, "netReceivables": 743658000, "inventory": 919290000, "otherCurrentAssets": 148317000, "totalCurrentAssets": 2372566000, "longTermInvestments": 24475000, "propertyPlantEquipment": 1808889000, "goodWill": 779305000, "intangibleAssets": 5673000, "otherAssets": 168094000, "totalAssets": 5159002000, "accountsPayable": 819941000, "shortLongTermDebt": 197546000, "otherCurrentLiab": 128557000, "longTermDebt": 446421000, "otherLiab": 505464000, "totalCurrentLiabilities": 1368542000, "totalLiab": 2359434000, "commonStock": 94950000, "retainedEarnings": 900568000, "treasuryStock": 1794550000, "capitalSurplus": 9500000, "otherStockholderEquity": 1794550000, "totalStockholderEquity": 2799568000, "netTangibleAssets": 2014590000}, {"maxAge": 1, "endDate": "2019-03-31", "cash": 34126000, "shortTermInvestments": 246986000, "netReceivables": 701552000, "inventory": 945735000, "otherCurrentAssets": 138911000, "totalCurrentAssets": 2084038000, "longTermInvestments": 475000, "propertyPlantEquipment": 1798340000, "goodWill": 779305000, "intangibleAssets": 3558000, "otherAssets": 173824000, "totalAssets": 4839540000, "accountsPayable": 828472000, "shortLongTermDebt": 110932000, "otherCurrentLiab": 118817000, "longTermDebt": 689770000, "otherLiab": 363479000, "totalCurrentLiabilities": 1205402000, "totalLiab": 2258651000, "commonStock": 94950000, "retainedEarnings": 681889000, "treasuryStock": 1794550000, "capitalSurplus": 9500000, "otherStockholderEquity": 1794550000, "totalStockholderEquity": 2580889000, "netTangibleAssets": 1798026000}, {"maxAge": 1, "endDate": "2018-03-31", "cash": 36220000, "shortTermInvestments": 240200000, "netReceivables": 682180000, "inventory": 682170000, "otherCurrentAssets": 146997000, "totalCurrentAssets": 1796919000, "longTermInvestments": 25000, "propertyPlantEquipment": 1670069000, "goodWill": 779305000, "intangibleAssets": 3438000, "otherAssets": 191666000, "totalAssets": 4441422000, "accountsPayable": 753492000, "shortLongTermDebt": 371551000, "otherCurrentLiab": 131165000, "longTermDebt": 258997000, "otherLiab": 369880000, "totalCurrentLiabilities": 1385665000, "totalLiab": 2014542000, "commonStock": 94950000, "retainedEarnings": 527880000, "treasuryStock": 1794550000, "capitalSurplus": 9500000, "otherStockholderEquity": 1794550000, "totalStockholderEquity": 2426880000, "netTangibleAssets": 1644137000}, {"maxAge": 1, "endDate": "2017-03-31", "cash": 62606000, "shortTermInvestments": 252058000, "netReceivables": 684886000, "inventory": 533053000, "otherCurrentAssets": 117809000, "totalCurrentAssets": 1665822000, "propertyPlantEquipment": 1594575000, "goodWill": 779305000, "intangibleAssets": 2797000, "otherAssets": 17409000, "totalAssets": 4059908000, "accountsPayable": 538836000, "shortLongTermDebt": 128788000, "otherCurrentLiab": 168863000, "longTermDebt": 530822000, "otherLiab": 306751000, "totalCurrentLiabilities": 973446000, "totalLiab": 1811019000, "commonStock": 94950000, "retainedEarnings": 349889000, "treasuryStock": 1794550000, "capitalSurplus": 9500000, "otherStockholderEquity": 1794550000, "totalStockholderEquity": 2248889000, "netTangibleAssets": 1466787000}], "maxAge": 86400}, "earningsTrend": {"trend": [{"maxAge": 1, "period": "0q", "endDate": null, "growth": {}, "earningsEstimate": {"avg": 0.0, "low": 0.0, "high": 0.0, "yearAgoEps": {}, "numberOfAnalysts": 0, "growth": {}}, "revenueEstimate": {"avg": 0, "low": 0, "high": 0, "numberOfAnalysts": 0, "yearAgoRevenue": {}, "growth": {}}, "epsTrend": {"current": 0.0, "7daysAgo": 0.0, "30daysAgo": 0.0, "60daysAgo": 0.0, "90daysAgo": 0.0}, "epsRevisions": {"upLast7days": 0, "upLast30days": 0, "downLast30days": 0, "downLast90days": {}}}, {"maxAge": 1, "period": "+1q", "endDate": null, "growth": {}, "earningsEstimate": {"avg": 0.0, "low": 0.0, "high": 0.0, "yearAgoEps": {}, "numberOfAnalysts": 0, "growth": {}}, "revenueEstimate": {"avg": 0, "low": 0, "high": 0, "numberOfAnalysts": 0, "yearAgoRevenue": {}, "growth": {}}, "epsTrend": {"current": 0.0, "7daysAgo": 0.0, "30daysAgo": 0.0, "60daysAgo": 0.0, "90daysAgo": 0.0}, "epsRevisions": {"upLast7days": 0, "upLast30days": 0, "downLast30days": 0, "downLast90days": {}}}, {"maxAge": 1, "period": "0y", "endDate": null, "growth": {}, "earningsEstimate": {"avg": 0.0, "low": 0.0, "high": 0.0, "yearAgoEps": {}, "numberOfAnalysts": 0, "growth": {}}, "revenueEstimate": {"avg": 0, "low": 0, "high": 0, "numberOfAnalysts": 0, "yearAgoRevenue": {}, "growth": {}}, "epsTrend": {"current": 0.0, "7daysAgo": 0.0, "30daysAgo": 0.0, "60daysAgo": 0.0, "90daysAgo": 0.0}, "epsRevisions": {"upLast7days": 0, "upLast30days": 0, "downLast30days": 0, "downLast90days": {}}}, {"maxAge": 1, "period": "+1y", "endDate": null, "growth": {}, "earningsEstimate": {"avg": 0.0, "low": 0.0, "high": 0.0, "yearAgoEps": {}, "numberOfAnalysts": 0, "growth": {}}, "revenueEstimate": {"avg": 0, "low": 0, "high": 0, "numberOfAnalysts": 0, "yearAgoRevenue": {}, "growth": {}}, "epsTrend": {"current": 0.0, "7daysAgo": 0.0, "30daysAgo": 0.0, "60daysAgo": 0.0, "90daysAgo": 0.0}, "epsRevisions": {"upLast7days": 0, "upLast30days": 0, "downLast30days": 0, "downLast90days": {}}}, {"maxAge": 1, "period": "+5y", "endDate": null, "growth": {}, "earningsEstimate": {"avg": {}, "low": {}, "high": {}, "yearAgoEps": {}, "numberOfAnalysts": {}, "growth": {}}, "revenueEstimate": {"avg": {}, "low": {}, "high": {}, "numberOfAnalysts": {}, "yearAgoRevenue": {}, "growth": {}}, "epsTrend": {"current": {}, "7daysAgo": {}, "30daysAgo": {}, "60daysAgo": {}, "90daysAgo": {}}, "epsRevisions": {"upLast7days": {}, "upLast30days": {}, "downLast30days": {}, "downLast90days": {}}}, {"maxAge": 1, "period": "-5y", "endDate": null, "growth": {}, "earningsEstimate": {"avg": {}, "low": {}, "high": {}, "yearAgoEps": {}, "numberOfAnalysts": {}, "growth": {}}, "revenueEstimate": {"avg": {}, "low": {}, "high": {}, "numberOfAnalysts": {}, "yearAgoRevenue": {}, "growth": {}}, "epsTrend": {"current": {}, "7daysAgo": {}, "30daysAgo": {}, "60daysAgo": {}, "90daysAgo": {}}, "epsRevisions": {"upLast7days": {}, "upLast30days": {}, "downLast30days": {}, "downLast90days": {}}}], "maxAge": 1}, "financialData": {"maxAge": 86400, "currentPrice": 23.05, "recommendationMean": 2.0, "recommendationKey": "buy", "grossProfits": 1462001000, "financialCurrency": "INR"}}}