{"PDSMFL.BO": {"cashflowStatementHistory": {"cashflowStatements": [{"maxAge": 1, "endDate": "2020-03-31", "netIncome": 460202000, "depreciation": 517931000, "changeToNetincome": 1013128000, "changeToAccountReceivables": 2916702000, "changeToLiabilities": -2274872000, "changeToInventory": -298896000, "changeToOperatingActivities": 469333000, "totalCashFromOperatingActivities": 2807602000, "capitalExpenditures": -512228000, "investments": -181856000, "otherCashflowsFromInvestingActivities": 53109000, "totalCashflowsFromInvestingActivities": -787499000, "netBorrowings": -541518000, "otherCashflowsFromFinancingActivities": -738870000, "totalCashFromFinancingActivities": -1280388000, "effectOfExchangeRate": 233633000, "changeInCash": 973347000}, {"maxAge": 1, "endDate": "2019-03-31", "netIncome": 438350000, "depreciation": 263373000, "changeToNetincome": 416519000, "changeToAccountReceivables": -2478783000, "changeToLiabilities": 4050277000, "changeToInventory": -712276000, "changeToOperatingActivities": 153990000, "totalCashFromOperatingActivities": 2131450000, "capitalExpenditures": -1376881000, "investments": 35291000, "otherCashflowsFromInvestingActivities": 27004000, "totalCashflowsFromInvestingActivities": -1951647000, "netBorrowings": 1474404000, "otherCashflowsFromFinancingActivities": -323433000, "totalCashFromFinancingActivities": 1150971000, "effectOfExchangeRate": -45589000, "changeInCash": 1285185000}, {"maxAge": 1, "endDate": "2018-03-31", "netIncome": -78425000, "depreciation": 160643000, "changeToNetincome": 656905000, "changeToAccountReceivables": -543748000, "changeToLiabilities": 1257867000, "changeToInventory": -301044000, "changeToOperatingActivities": -573110000, "totalCashFromOperatingActivities": 582694000, "capitalExpenditures": -874588000, "investments": -332434000, "otherCashflowsFromInvestingActivities": -268014000, "totalCashflowsFromInvestingActivities": -1468369000, "netBorrowings": 872420000, "otherCashflowsFromFinancingActivities": -217275000, "totalCashFromFinancingActivities": 655145000, "effectOfExchangeRate": -45589000, "changeInCash": -230530000}, {"maxAge": 1, "endDate": "2017-03-31", "netIncome": 143337000, "depreciation": 125922000, "changeToNetincome": 190059000, "changeToAccountReceivables": 467371000, "changeToLiabilities": -150039000, "changeToInventory": 156405000, "changeToOperatingActivities": 274061000, "totalCashFromOperatingActivities": 1209918000, "capitalExpenditures": -399587000, "investments": -127502000, "otherCashflowsFromInvestingActivities": 52842000, "totalCashflowsFromInvestingActivities": -461196000, "netBorrowings": 43740000, "otherCashflowsFromFinancingActivities": -130915000, "totalCashFromFinancingActivities": -87175000, "effectOfExchangeRate": -45589000, "changeInCash": 661546000}], "maxAge": 86400}, "institutionOwnership": {"ownershipList": [], "maxAge": 1}, "balanceSheetHistoryQuarterly": {"balanceSheetStatements": [{"maxAge": 1, "endDate": "2020-06-30", "totalStockholderEquity": 5586885000, "netTangibleAssets": 5012850000}, {"maxAge": 1, "endDate": "2020-03-31", "cash": 3503868000, "netReceivables": 8356000000, "inventory": 1830218000, "otherCurrentAssets": 3886927000, "totalCurrentAssets": 18088565000, "longTermInvestments": 653247000, "propertyPlantEquipment": 3466657000, "goodWill": 514159000, "intangibleAssets": 59876000, "otherAssets": 1019335000, "deferredLongTermAssetCharges": 5250000, "totalAssets": 23801839000, "accountsPayable": 5793070000, "shortLongTermDebt": 34480000, "otherCurrentLiab": 3293987000, "longTermDebt": 50371000, "otherLiab": 153877000, "minorityInterest": 524603000, "totalCurrentLiabilities": 16849351000, "totalLiab": 17690351000, "commonStock": 260467000, "retainedEarnings": 1745660000, "treasuryStock": 3580758000, "otherStockholderEquity": 3580758000, "totalStockholderEquity": 5586885000, "netTangibleAssets": 5012850000}, {"maxAge": 1, "endDate": "2019-12-31", "totalStockholderEquity": 5573533000, "netTangibleAssets": 4624890000}, {"maxAge": 1, "endDate": "2019-09-30", "cash": 3627766000, "shortTermInvestments": 542678000, "netReceivables": 6295831000, "inventory": 1778246000, "otherCurrentAssets": 2081141000, "totalCurrentAssets": 14325662000, "longTermInvestments": 667239000, "propertyPlantEquipment": 2344364000, "intangibleAssets": 948643000, "otherAssets": 1484113000, "deferredLongTermAssetCharges": 20641000, "totalAssets": 19770021000, "accountsPayable": 4380182000, "shortLongTermDebt": 6162475000, "otherCurrentLiab": 2274083000, "longTermDebt": 549699000, "otherLiab": 322269000, "minorityInterest": 480411000, "totalCurrentLiabilities": 12844109000, "totalLiab": 13716077000, "commonStock": 260467000, "treasuryStock": 5313066000, "otherStockholderEquity": 5313066000, "totalStockholderEquity": 5573533000, "netTangibleAssets": 4624890000}], "maxAge": 86400}, "indexTrend": {"maxAge": 1, "symbol": "SP5", "peRatio": 19.7411, "pegRatio": 1.34172, "estimates": [{"period": "0q", "growth": 0.549}, {"period": "+1q", "growth": 0.431}, {"period": "0y", "growth": 0.305}, {"period": "+1y", "growth": 0.109}, {"period": "+5y", "growth": 0.120865}, {"period": "-5y"}]}, "insiderTransactions": {"transactions": [{"maxAge": 1, "shares": 1302336, "filerUrl": "", "transactionText": "", "filerName": "Seth (Deepak)", "filerRelation": "Promoter", "moneyText": "", "startDate": "2018-03-26", "ownership": "D"}, {"maxAge": 1, "shares": 1302336, "filerUrl": "", "transactionText": "", "filerName": "Seth (Pallak)", "filerRelation": "Promoter", "moneyText": "", "startDate": "2018-03-26", "ownership": "D"}, {"maxAge": 1, "shares": 241736, "filerUrl": "", "transactionText": "", "filerName": "Seth (Payel)", "filerRelation": "Managing Director", "moneyText": "", "startDate": "2016-01-22", "ownership": "D"}, {"maxAge": 1, "shares": 241737, "filerUrl": "", "transactionText": "", "filerName": "Seth (Pulkit)", "filerRelation": "Promoter", "moneyText": "", "startDate": "2016-01-22", "ownership": "D"}, {"maxAge": 1, "shares": 241737, "filerUrl": "", "transactionText": "", "filerName": "Seth (Pulkit)", "filerRelation": "Promoter", "moneyText": "", "startDate": "2015-12-01", "ownership": "D"}, {"maxAge": 1, "shares": 241737, "filerUrl": "", "transactionText": "", "filerName": "Seth (Sunil Pal)", "filerRelation": "Promoter", "moneyText": "", "startDate": "2015-12-01", "ownership": "D"}, {"maxAge": 1, "shares": 1813660, "filerUrl": "", "transactionText": "", "filerName": "Seth (Payel)", "filerRelation": "Managing Director", "moneyText": "", "startDate": "2015-10-29", "ownership": "D"}, {"maxAge": 1, "shares": 1813660, "filerUrl": "", "transactionText": "", "filerName": "Seth (Pulkit)", "filerRelation": "Promoter", "moneyText": "", "startDate": "2015-10-29", "ownership": "D"}], "maxAge": 1}, "quoteType": {"exchange": "BSE", "quoteType": "EQUITY", "symbol": "PDSMFL.BO", "underlyingSymbol": "PDSMFL.BO", "shortName": "PDS MULTINATIONAL FASHIONS LIM", "longName": "PDS Multinational Fashions Limited", "firstTradeDateEpochUtc": "2014-10-21 09:15:00", "timeZoneFullName": "Asia/Kolkata", "timeZoneShortName": "IST", "uuid": "3cbf7d22-3150-391e-8b88-0ca3270d708e", "gmtOffSetMilliseconds": 19800000, "maxAge": 1}, "incomeStatementHistory": {"incomeStatementHistory": [{"maxAge": 1, "endDate": "2020-03-31", "totalRevenue": 66686277000, "costOfRevenue": 55561893000, "grossProfit": 11124384000, "researchDevelopment": {}, "sellingGeneralAdministrative": 4540139000, "nonRecurring": {}, "otherOperatingExpenses": 4405077000, "totalOperatingExpenses": 65029114000, "operatingIncome": 1657163000, "totalOtherIncomeExpenseNet": -751813000, "ebit": 1657163000, "interestExpense": -492746000, "incomeBeforeTax": 905350000, "incomeTaxExpense": 94586000, "minorityInterest": 524603000, "netIncomeFromContinuingOps": 810764000, "discontinuedOperations": {}, "extraordinaryItems": {}, "effectOfAccountingCharges": {}, "otherItems": {}, "netIncome": 460202000, "netIncomeApplicableToCommonShares": 460202000}, {"maxAge": 1, "endDate": "2019-03-31", "totalRevenue": 65004627000, "costOfRevenue": 55460077000, "grossProfit": 9544550000, "researchDevelopment": {}, "sellingGeneralAdministrative": 4072476000, "nonRecurring": {}, "otherOperatingExpenses": 4207852000, "totalOperatingExpenses": 64003778000, "operatingIncome": 1000849000, "totalOtherIncomeExpenseNet": -310750000, "ebit": 1000849000, "interestExpense": -323381000, "incomeBeforeTax": 690099000, "incomeTaxExpense": 1257000, "minorityInterest": 308860000, "netIncomeFromContinuingOps": 688842000, "discontinuedOperations": {}, "extraordinaryItems": {}, "effectOfAccountingCharges": {}, "otherItems": {}, "netIncome": 438350000, "netIncomeApplicableToCommonShares": 438350000}, {"maxAge": 1, "endDate": "2018-03-31", "totalRevenue": 49395475000, "costOfRevenue": 42633030000, "grossProfit": 6762445000, "researchDevelopment": {}, "sellingGeneralAdministrative": 3239163000, "nonRecurring": {}, "otherOperatingExpenses": 2988471000, "totalOperatingExpenses": 49024690000, "operatingIncome": 370785000, "totalOtherIncomeExpenseNet": -143644000, "ebit": 370785000, "interestExpense": -217275000, "incomeBeforeTax": 227141000, "incomeTaxExpense": 31812000, "minorityInterest": 792273000, "netIncomeFromContinuingOps": 195329000, "discontinuedOperations": {}, "extraordinaryItems": {}, "effectOfAccountingCharges": {}, "otherItems": {}, "netIncome": -78425000, "netIncomeApplicableToCommonShares": -78425000}, {"maxAge": 1, "endDate": "2017-03-31", "totalRevenue": 46304476000, "costOfRevenue": 40039405000, "grossProfit": 6265071000, "researchDevelopment": {}, "sellingGeneralAdministrative": 2599536000, "nonRecurring": {}, "otherOperatingExpenses": 2951889000, "totalOperatingExpenses": 45719554000, "operatingIncome": 584922000, "totalOtherIncomeExpenseNet": -149446000, "ebit": 584922000, "interestExpense": -130916000, "incomeBeforeTax": 435476000, "incomeTaxExpense": 50831000, "minorityInterest": 769004000, "netIncomeFromContinuingOps": 384645000, "discontinuedOperations": {}, "extraordinaryItems": {}, "effectOfAccountingCharges": {}, "otherItems": {}, "netIncome": 143337000, "netIncomeApplicableToCommonShares": 143337000}], "maxAge": 86400}, "fundOwnership": {"ownershipList": [], "maxAge": 1}, "summaryDetail": {"maxAge": 1, "priceHint": 2, "previousClose": 682.05, "open": 683.0, "dayLow": 681.5, "dayHigh": 683.0, "regularMarketPreviousClose": 682.05, "regularMarketOpen": 683.0, "regularMarketDayLow": 681.5, "regularMarketDayHigh": 683.0, "trailingPE": 59.525887, "volume": 2036, "regularMarketVolume": 2036, "averageVolume": 1389, "averageVolume10days": 736, "averageDailyVolume10Day": 736, "bid": 680.0, "ask": 689.9, "bidSize": 0, "askSize": 0, "marketCap": 17757337600, "fiftyTwoWeekLow": 240.0, "fiftyTwoWeekHigh": 683.0, "fiftyDayAverage": 522.33484, "twoHundredDayAverage": 370.30405, "currency": "INR", "fromCurrency": null, "lastMarket": null, "algorithm": null, "tradeable": false}, "incomeStatementHistoryQuarterly": {"incomeStatementHistory": [{"maxAge": 1, "endDate": "2020-06-30", "totalRevenue": 9833812000, "costOfRevenue": 8049507000, "grossProfit": 1784305000, "researchDevelopment": {}, "sellingGeneralAdministrative": 748067000, "nonRecurring": {}, "otherOperatingExpenses": 714471000, "totalOperatingExpenses": 9667330000, "operatingIncome": 166482000, "totalOtherIncomeExpenseNet": -126732000, "ebit": 166482000, "interestExpense": -104442000, "incomeBeforeTax": 39750000, "incomeTaxExpense": 18633000, "minorityInterest": {}, "netIncomeFromContinuingOps": 21117000, "discontinuedOperations": {}, "extraordinaryItems": {}, "effectOfAccountingCharges": {}, "otherItems": {}, "netIncome": -50252000, "netIncomeApplicableToCommonShares": -50252000}, {"maxAge": 1, "endDate": "2020-03-31", "totalRevenue": 19907020000, "costOfRevenue": 16756013000, "grossProfit": 3151007000, "researchDevelopment": {}, "sellingGeneralAdministrative": 1358240000, "nonRecurring": {}, "otherOperatingExpenses": 693619000, "totalOperatingExpenses": 18976050000, "operatingIncome": 930970000, "totalOtherIncomeExpenseNet": -502079000, "ebit": 930970000, "interestExpense": -262035000, "incomeBeforeTax": 428891000, "incomeTaxExpense": 71149000, "minorityInterest": 524603000, "netIncomeFromContinuingOps": 357742000, "discontinuedOperations": {}, "extraordinaryItems": {}, "effectOfAccountingCharges": {}, "otherItems": {}, "netIncome": 169096000, "netIncomeApplicableToCommonShares": 169096000}, {"maxAge": 1, "endDate": "2019-12-31", "totalRevenue": 14527296000, "costOfRevenue": 11967127000, "grossProfit": 2560169000, "researchDevelopment": {}, "sellingGeneralAdministrative": 1075711000, "nonRecurring": {}, "otherOperatingExpenses": 1101638000, "totalOperatingExpenses": 14318191000, "operatingIncome": 209105000, "totalOtherIncomeExpenseNet": -75518000, "ebit": 209105000, "interestExpense": -75870000, "incomeBeforeTax": 133587000, "incomeTaxExpense": 19180000, "minorityInterest": 524603000, "netIncomeFromContinuingOps": 114407000, "discontinuedOperations": {}, "extraordinaryItems": {}, "effectOfAccountingCharges": {}, "otherItems": {}, "netIncome": 104373000, "netIncomeApplicableToCommonShares": 104373000}, {"maxAge": 1, "endDate": "2019-09-30", "totalRevenue": 16810434000, "costOfRevenue": 13930092000, "grossProfit": 2880342000, "researchDevelopment": {}, "sellingGeneralAdministrative": 1104772000, "nonRecurring": {}, "otherOperatingExpenses": 1423315000, "totalOperatingExpenses": 16551652000, "operatingIncome": 258782000, "totalOtherIncomeExpenseNet": -48593000, "ebit": 258782000, "interestExpense": -40355000, "incomeBeforeTax": 210189000, "incomeTaxExpense": 576000, "minorityInterest": 480411000, "netIncomeFromContinuingOps": 209613000, "discontinuedOperations": {}, "extraordinaryItems": {}, "effectOfAccountingCharges": {}, "otherItems": {}, "netIncome": 75103000, "netIncomeApplicableToCommonShares": 75103000}], "maxAge": 86400}, "cashflowStatementHistoryQuarterly": {"cashflowStatements": [{"maxAge": 1, "endDate": "2020-06-30", "netIncome": -50252000, "changeToLiabilities": 0}, {"maxAge": 1, "endDate": "2020-03-31", "netIncome": 169096000, "changeToLiabilities": 0}, {"maxAge": 1, "endDate": "2019-12-31", "netIncome": 104373000, "changeToLiabilities": 0}, {"maxAge": 1, "endDate": "2019-09-30", "netIncome": 75103000, "changeToLiabilities": 0}], "maxAge": 86400}, "insiderHolders": {"holders": [{"maxAge": 1, "name": "Seth (Deepak)", "relation": "Promoter", "url": "", "transactionDescription": "Other", "latestTransDate": "2018-03-26", "positionDirect": 3155734, "positionDirectDate": "2018-03-26"}, {"maxAge": 1, "name": "Seth (Pallak)", "relation": "Promoter", "url": "", "transactionDescription": "Other", "latestTransDate": "2018-03-26", "positionDirect": 278838, "positionDirectDate": "2018-03-26"}, {"maxAge": 1, "name": "Seth (Payel)", "relation": "Managing Director", "url": "", "transactionDescription": "Other", "latestTransDate": "2016-01-22", "positionDirect": 13875242, "positionDirectDate": "2016-01-22"}, {"maxAge": 1, "name": "Seth (Pulkit)", "relation": "Promoter", "url": "", "transactionDescription": "Other", "latestTransDate": "2016-01-22", "positionDirect": 1, "positionDirectDate": "2016-01-22"}, {"maxAge": 1, "name": "Seth (Sunil Pal)", "relation": "Promoter", "url": "", "transactionDescription": "Other", "latestTransDate": "2015-12-01", "positionDirect": 0, "positionDirectDate": "2015-12-01"}], "maxAge": 1}, "calendarEvents": {"maxAge": 1, "earnings": {"earningsDate": ["2020-09-14 05:30:S"]}}, "upgradeDowngradeHistory": {"history": [], "maxAge": 86400}, "price": {"maxAge": 1, "regularMarketChangePercent": -0.00043983257, "regularMarketChange": -0.2999878, "regularMarketTime": "2021-04-30 15:29:53", "priceHint": 2, "regularMarketPrice": 681.75, "regularMarketDayHigh": 683.0, "regularMarketDayLow": 681.5, "regularMarketVolume": 2036, "averageDailyVolume10Day": 736, "averageDailyVolume3Month": 1389, "regularMarketPreviousClose": 682.05, "regularMarketSource": "FREE_REALTIME", "regularMarketOpen": 683.0, "exchange": "BSE", "exchangeName": "BSE", "exchangeDataDelayedBy": 0, "marketState": "CLOSED", "quoteType": "EQUITY", "symbol": "PDSMFL.BO", "underlyingSymbol": null, "shortName": "PDS MULTINATIONAL FASHIONS LIM", "longName": "PDS Multinational Fashions Limited", "currency": "INR", "quoteSourceName": "Delayed Quote", "currencySymbol": "\u20b9", "fromCurrency": null, "lastMarket": null, "marketCap": 17757337600}, "balanceSheetHistory": {"balanceSheetStatements": [{"maxAge": 1, "endDate": "2020-03-31", "cash": 3503868000, "netReceivables": 8356000000, "inventory": 1830218000, "otherCurrentAssets": 3886927000, "totalCurrentAssets": 18088565000, "longTermInvestments": 653247000, "propertyPlantEquipment": 3466657000, "goodWill": 514159000, "intangibleAssets": 59876000, "otherAssets": 1019335000, "deferredLongTermAssetCharges": 5250000, "totalAssets": 23801839000, "accountsPayable": 5793070000, "shortLongTermDebt": 34480000, "otherCurrentLiab": 3293987000, "longTermDebt": 50371000, "otherLiab": 153877000, "minorityInterest": 524603000, "totalCurrentLiabilities": 16849351000, "totalLiab": 17690351000, "commonStock": 260467000, "retainedEarnings": 1745660000, "treasuryStock": 3580758000, "otherStockholderEquity": 3580758000, "totalStockholderEquity": 5586885000, "netTangibleAssets": 5012850000}, {"maxAge": 1, "endDate": "2019-03-31", "cash": 2405949000, "shortTermInvestments": 840000, "netReceivables": 10287141000, "inventory": 1359606000, "otherCurrentAssets": 2691260000, "totalCurrentAssets": 17281987000, "longTermInvestments": 620717000, "propertyPlantEquipment": 2140189000, "goodWill": 539978000, "intangibleAssets": 28595000, "otherAssets": 1105856000, "deferredLongTermAssetCharges": 14130000, "totalAssets": 21717322000, "accountsPayable": 7476307000, "shortLongTermDebt": 30637000, "otherCurrentLiab": 2032447000, "longTermDebt": 96243000, "otherLiab": 88647000, "minorityInterest": 308860000, "totalCurrentLiabilities": 16541589000, "totalLiab": 16726479000, "commonStock": 260467000, "retainedEarnings": 1285458000, "treasuryStock": 3136058000, "otherStockholderEquity": 3136058000, "totalStockholderEquity": 4681983000, "netTangibleAssets": 4113410000}, {"maxAge": 1, "endDate": "2018-03-31", "cash": 1115585000, "shortTermInvestments": 1387951000, "netReceivables": 7825629000, "inventory": 647330000, "otherCurrentAssets": 1450892000, "totalCurrentAssets": 12771296000, "longTermInvestments": 733335000, "propertyPlantEquipment": 1144199000, "goodWill": 460873000, "intangibleAssets": 13865000, "otherAssets": 1476924000, "deferredLongTermAssetCharges": 2939000, "totalAssets": 16600492000, "accountsPayable": 4797455000, "shortLongTermDebt": 4802683000, "otherCurrentLiab": 826391000, "longTermDebt": 604653000, "otherLiab": 10271000, "minorityInterest": 792273000, "totalCurrentLiabilities": 10547111000, "totalLiab": 11162035000, "commonStock": 260467000, "retainedEarnings": 1153692000, "treasuryStock": 3232025000, "otherStockholderEquity": 3232025000, "totalStockholderEquity": 4646184000, "netTangibleAssets": 4171446000}, {"maxAge": 1, "endDate": "2017-03-31", "cash": 1346116000, "shortTermInvestments": 1188938000, "netReceivables": 7284932000, "inventory": 346284000, "otherCurrentAssets": 1113146000, "totalCurrentAssets": 11417915000, "longTermInvestments": 625593000, "propertyPlantEquipment": 438744000, "goodWill": 459522000, "intangibleAssets": 15389000, "otherAssets": 1416509000, "deferredLongTermAssetCharges": 1966000, "totalAssets": 14373672000, "accountsPayable": 3762030000, "shortLongTermDebt": 4136492000, "otherCurrentLiab": 546298000, "longTermDebt": 380648000, "otherLiab": 7038000, "minorityInterest": 769004000, "totalCurrentLiabilities": 8587002000, "totalLiab": 8974688000, "commonStock": 260467000, "retainedEarnings": 1247997000, "treasuryStock": 3121516000, "otherStockholderEquity": 3121516000, "totalStockholderEquity": 4629980000, "netTangibleAssets": 4155069000}], "maxAge": 86400}, "financialData": {"maxAge": 86400, "currentPrice": 681.75, "recommendationKey": "none", "grossProfits": 11124384000, "financialCurrency": "INR"}}}