{"PENINLAND.BO": {"recommendationTrend": {"trend": [{"period": "0m", "strongBuy": 0, "buy": 0, "hold": 0, "sell": 0, "strongSell": 0}, {"period": "-1m", "strongBuy": 0, "buy": 0, "hold": 0, "sell": 0, "strongSell": 0}, {"period": "-2m", "strongBuy": 0, "buy": 0, "hold": 0, "sell": 0, "strongSell": 0}, {"period": "-3m", "strongBuy": 0, "buy": 0, "hold": 0, "sell": 0, "strongSell": 0}], "maxAge": 86400}, "cashflowStatementHistory": {"cashflowStatements": [{"maxAge": 1, "endDate": "2020-03-31", "netIncome": -4540100000, "depreciation": 28100000, "changeToNetincome": 4194500000, "changeToAccountReceivables": 80000000, "changeToLiabilities": 427400000, "changeToInventory": 855300000, "changeToOperatingActivities": 4688100000, "totalCashFromOperatingActivities": 5739800000, "capitalExpenditures": -300000, "investments": 101500000, "otherCashflowsFromInvestingActivities": 79300000, "totalCashflowsFromInvestingActivities": 382000000, "netBorrowings": -3352400000, "otherCashflowsFromFinancingActivities": -2204100000, "totalCashFromFinancingActivities": -5556500000, "changeInCash": 565300000}, {"maxAge": 1, "endDate": "2019-03-31", "netIncome": -5610500000, "depreciation": 39200000, "changeToNetincome": 4422700000, "changeToAccountReceivables": 703700000, "changeToLiabilities": 361000000, "changeToInventory": -370800000, "changeToOperatingActivities": 4194800000, "totalCashFromOperatingActivities": 3746500000, "capitalExpenditures": -2400000, "investments": 148500000, "otherCashflowsFromInvestingActivities": 561100000, "totalCashflowsFromInvestingActivities": 707400000, "netBorrowings": -1817900000, "otherCashflowsFromFinancingActivities": -2702700000, "totalCashFromFinancingActivities": -4520600000, "changeInCash": -66700000}, {"maxAge": 1, "endDate": "2018-03-31", "netIncome": -4487900000, "depreciation": 40700000, "changeToNetincome": 3624900000, "changeToAccountReceivables": -386400000, "changeToLiabilities": -368800000, "changeToInventory": 1787500000, "changeToOperatingActivities": 3213200000, "totalCashFromOperatingActivities": 3429400000, "capitalExpenditures": -1800000, "investments": 68200000, "otherCashflowsFromInvestingActivities": 208000000, "totalCashflowsFromInvestingActivities": 35000000, "netBorrowings": -1134500000, "otherCashflowsFromFinancingActivities": -2761500000, "totalCashFromFinancingActivities": -3896000000, "changeInCash": -292200000}, {"maxAge": 1, "endDate": "2017-03-31", "netIncome": -2169100000, "depreciation": 43800000, "changeToNetincome": 1366200000, "changeToAccountReceivables": -187300000, "changeToLiabilities": 17800000, "changeToInventory": -443900000, "changeToOperatingActivities": -410100000, "totalCashFromOperatingActivities": -1776500000, "capitalExpenditures": -12600000, "investments": 252100000, "otherCashflowsFromInvestingActivities": 1482400000, "totalCashflowsFromInvestingActivities": 1842200000, "dividendsPaid": -55700000, "netBorrowings": 3897700000, "otherCashflowsFromFinancingActivities": -3464000000, "totalCashFromFinancingActivities": 378000000, "changeInCash": 443700000}], "maxAge": 86400}, "institutionOwnership": {"ownershipList": [], "maxAge": 1}, "balanceSheetHistoryQuarterly": {"balanceSheetStatements": [{"maxAge": 1, "endDate": "2020-06-30", "totalStockholderEquity": 350100000, "netTangibleAssets": 333400000}, {"maxAge": 1, "endDate": "2020-03-31", "cash": 1030900000, "shortTermInvestments": 399100000, "netReceivables": 726400000, "inventory": 30470900000, "otherCurrentAssets": 3487800000, "totalCurrentAssets": 36154500000, "longTermInvestments": 1557400000, "propertyPlantEquipment": 434700000, "intangibleAssets": 16700000, "otherAssets": 2395000000, "totalAssets": 40558300000, "accountsPayable": 2030500000, "shortLongTermDebt": 11988100000, "otherCurrentLiab": 16508900000, "longTermDebt": 2845900000, "otherLiab": 1792700000, "minorityInterest": -274600000, "totalCurrentLiabilities": 35844200000, "totalLiab": 40482800000, "commonStock": 558400000, "retainedEarnings": -7429600000, "treasuryStock": 865600000, "capitalSurplus": 6355700000, "otherStockholderEquity": 865600000, "totalStockholderEquity": 350100000, "netTangibleAssets": 333400000}, {"maxAge": 1, "endDate": "2019-12-31", "totalStockholderEquity": 2663100000, "netTangibleAssets": 2643100000}, {"maxAge": 1, "endDate": "2019-09-30", "cash": 606300000, "shortTermInvestments": 485700000, "netReceivables": 921300000, "inventory": 35388300000, "otherCurrentAssets": 5302200000, "totalCurrentAssets": 42703800000, "longTermInvestments": 1587700000, "propertyPlantEquipment": 488800000, "intangibleAssets": 20000000, "otherAssets": 2240200000, "totalAssets": 47040500000, "accountsPayable": 2229400000, "otherCurrentLiab": 24820300000, "longTermDebt": 10426500000, "otherLiab": 3884400000, "minorityInterest": 286700000, "totalCurrentLiabilities": 29779800000, "totalLiab": 44090700000, "commonStock": 559000000, "treasuryStock": 2104100000, "otherStockholderEquity": 2104100000, "totalStockholderEquity": 2663100000, "netTangibleAssets": 2643100000}], "maxAge": 86400}, "earningsHistory": {"history": [{"maxAge": 1, "epsActual": {}, "epsEstimate": {}, "epsDifference": {}, "surprisePercent": {}, "quarter": {}, "period": "-4q"}, {"maxAge": 1, "epsActual": {}, "epsEstimate": {}, "epsDifference": {}, "surprisePercent": {}, "quarter": {}, "period": "-3q"}, {"maxAge": 1, "epsActual": {}, "epsEstimate": {}, "epsDifference": {}, "surprisePercent": {}, "quarter": {}, "period": "-2q"}, {"maxAge": 1, "epsActual": {}, "epsEstimate": {}, "epsDifference": {}, "surprisePercent": {}, "quarter": {}, "period": "-1q"}], "maxAge": 86400}, "indexTrend": {"maxAge": 1, "symbol": "SP5", "peRatio": 19.7411, "pegRatio": 1.34172, "estimates": [{"period": "0q", "growth": 0.549}, {"period": "+1q", "growth": 0.431}, {"period": "0y", "growth": 0.305}, {"period": "+1y", "growth": 0.109}, {"period": "+5y", "growth": 0.120865}, {"period": "-5y"}]}, "industryTrend": {"maxAge": 1, "symbol": null, "estimates": []}, "insiderTransactions": {"transactions": [{"maxAge": 1, "shares": 1481655, "filerUrl": "", "transactionText": "", "filerName": "Aryanish Finance & Investments Pvt Ltd", "filerRelation": "UNREPORTED", "moneyText": "", "startDate": "2019-09-30", "ownership": "D"}, {"maxAge": 1, "shares": 3411307, "filerUrl": "", "transactionText": "", "filerName": "Peninsula Land Ltd Employee Stock Option Scheme", "filerRelation": "UNREPORTED", "moneyText": "", "startDate": "2019-09-30", "ownership": "D"}, {"maxAge": 1, "shares": 5000, "filerUrl": "", "transactionText": "", "filerName": "Jaggi (Rajesh)", "filerRelation": "UNREPORTED", "moneyText": "", "startDate": "2012-10-29", "ownership": "D"}, {"maxAge": 1, "shares": 5000, "filerUrl": "", "transactionText": "", "filerName": "Jaggi (Rajesh)", "filerRelation": "UNREPORTED", "moneyText": "", "startDate": "2012-10-26", "ownership": "D"}, {"maxAge": 1, "shares": 25000, "filerUrl": "", "transactionText": "", "filerName": "Jaggi (Rajesh)", "filerRelation": "UNREPORTED", "moneyText": "", "startDate": "2012-10-25", "ownership": "D"}, {"maxAge": 1, "shares": 1628635, "filerUrl": "", "transactionText": "", "filerName": "Piramal (Rajeev A)", "filerRelation": "Executive Vice Chairman", "moneyText": "", "startDate": "2011-03-25", "ownership": "D"}, {"maxAge": 1, "shares": 21439020, "filerUrl": "", "transactionText": "", "filerName": "Piramal (Urvi A)", "filerRelation": "Director (Executive)", "moneyText": "", "startDate": "2010-11-12", "ownership": "D"}, {"maxAge": 1, "shares": 24696290, "filerUrl": "", "transactionText": "", "filerName": "Ashok Piramal Group Real Estate Trust", "filerRelation": "Institution- Corporation", "moneyText": "", "startDate": "2010-11-12", "ownership": "D"}, {"maxAge": 1, "shares": 208865, "filerUrl": "", "transactionText": "", "filerName": "Piramal (Rajeev A)", "filerRelation": "Executive Vice Chairman", "moneyText": "", "startDate": "2010-09-01", "ownership": "D"}, {"maxAge": 1, "shares": 1082865, "filerUrl": "", "transactionText": "", "filerName": "Piramal (Urvi A)", "filerRelation": "Director (Executive)", "moneyText": "", "startDate": "2010-09-01", "ownership": "D"}], "maxAge": 1}, "quoteType": {"exchange": "BSE", "quoteType": "EQUITY", "symbol": "PENINLAND.BO", "underlyingSymbol": "PENINLAND.BO", "shortName": "PENINSULA LAND LTD.", "longName": "Peninsula Land Limited", "firstTradeDateEpochUtc": "2002-07-01 09:15:00", "timeZoneFullName": "Asia/Kolkata", "timeZoneShortName": "IST", "uuid": "70a8a939-e31d-3525-a31a-66b3a9906478", "gmtOffSetMilliseconds": 19800000, "maxAge": 1}, "incomeStatementHistory": {"incomeStatementHistory": [{"maxAge": 1, "endDate": "2020-03-31", "totalRevenue": 4813900000, "costOfRevenue": 7682200000, "grossProfit": -2868300000, "researchDevelopment": {}, "sellingGeneralAdministrative": 393100000, "nonRecurring": {}, "otherOperatingExpenses": 469800000, "totalOperatingExpenses": 8579700000, "operatingIncome": -3765800000, "totalOtherIncomeExpenseNet": -1076900000, "ebit": -3765800000, "interestExpense": -1865300000, "incomeBeforeTax": -4842700000, "incomeTaxExpense": 276800000, "minorityInterest": -274600000, "netIncomeFromContinuingOps": -5119500000, "discontinuedOperations": {}, "extraordinaryItems": {}, "effectOfAccountingCharges": {}, "otherItems": {}, "netIncome": -4540100000, "netIncomeApplicableToCommonShares": -4540100000}, {"maxAge": 1, "endDate": "2019-03-31", "totalRevenue": 3278300000, "costOfRevenue": 5632900000, "grossProfit": -2354600000, "researchDevelopment": {}, "sellingGeneralAdministrative": 603500000, "nonRecurring": {}, "otherOperatingExpenses": 676800000, "totalOperatingExpenses": 6958800000, "operatingIncome": -3680500000, "totalOtherIncomeExpenseNet": -2033500000, "ebit": -3680500000, "interestExpense": -1664900000, "incomeBeforeTax": -5714000000, "incomeTaxExpense": 276700000, "minorityInterest": 305500000, "netIncomeFromContinuingOps": -5990700000, "discontinuedOperations": {}, "extraordinaryItems": {}, "effectOfAccountingCharges": {}, "otherItems": {}, "netIncome": -5610500000, "netIncomeApplicableToCommonShares": -5610500000}, {"maxAge": 1, "endDate": "2018-03-31", "totalRevenue": 4976400000, "costOfRevenue": 4693100000, "grossProfit": 283300000, "researchDevelopment": {}, "sellingGeneralAdministrative": 614800000, "nonRecurring": {}, "otherOperatingExpenses": 740600000, "totalOperatingExpenses": 6095400000, "operatingIncome": -1119000000, "totalOtherIncomeExpenseNet": -3366700000, "ebit": -1119000000, "interestExpense": -2168900000, "incomeBeforeTax": -4485700000, "incomeTaxExpense": 38200000, "minorityInterest": 960700000, "netIncomeFromContinuingOps": -4523900000, "discontinuedOperations": {}, "extraordinaryItems": {}, "effectOfAccountingCharges": {}, "otherItems": {}, "netIncome": -4487900000, "netIncomeApplicableToCommonShares": -4487900000}, {"maxAge": 1, "endDate": "2017-03-31", "totalRevenue": 2697400000, "costOfRevenue": 2415000000, "grossProfit": 282400000, "researchDevelopment": {}, "sellingGeneralAdministrative": 570400000, "nonRecurring": {}, "otherOperatingExpenses": 936000000, "totalOperatingExpenses": 3971300000, "operatingIncome": -1273900000, "totalOtherIncomeExpenseNet": -525300000, "ebit": -1273900000, "interestExpense": -1692300000, "incomeBeforeTax": -1799200000, "incomeTaxExpense": 425200000, "minorityInterest": 752300000, "netIncomeFromContinuingOps": -2224400000, "discontinuedOperations": {}, "extraordinaryItems": {}, "effectOfAccountingCharges": {}, "otherItems": {}, "netIncome": -2169100000, "netIncomeApplicableToCommonShares": -2169100000}], "maxAge": 86400}, "fundOwnership": {"ownershipList": [], "maxAge": 1}, "summaryDetail": {"maxAge": 1, "priceHint": 2, "previousClose": 7.39, "open": 7.23, "dayLow": 7.04, "dayHigh": 7.42, "regularMarketPreviousClose": 7.39, "regularMarketOpen": 7.23, "regularMarketDayLow": 7.04, "regularMarketDayHigh": 7.42, "volume": 34179, "regularMarketVolume": 34179, "averageVolume": 126665, "averageVolume10days": 23076, "averageDailyVolume10Day": 23076, "bid": 7.3, "ask": 7.3, "bidSize": 0, "askSize": 0, "marketCap": 2004663040, "fiftyTwoWeekLow": 2.24, "fiftyTwoWeekHigh": 7.6, "fiftyDayAverage": 6.5363636, "twoHundredDayAverage": 5.011103, "currency": "INR", "fromCurrency": null, "lastMarket": null, "algorithm": null, "tradeable": false}, "sectorTrend": {"maxAge": 1, "symbol": null, "estimates": []}, "incomeStatementHistoryQuarterly": {"incomeStatementHistory": [{"maxAge": 1, "endDate": "2020-06-30", "totalRevenue": 425100000, "costOfRevenue": 288900000, "grossProfit": 136200000, "researchDevelopment": {}, "sellingGeneralAdministrative": 42400000, "nonRecurring": {}, "otherOperatingExpenses": 47500000, "totalOperatingExpenses": 384200000, "operatingIncome": 40900000, "totalOtherIncomeExpenseNet": -373600000, "ebit": 40900000, "interestExpense": -384800000, "incomeBeforeTax": -332700000, "incomeTaxExpense": -18100000, "minorityInterest": {}, "netIncomeFromContinuingOps": -314600000, "discontinuedOperations": {}, "extraordinaryItems": {}, "effectOfAccountingCharges": {}, "otherItems": {}, "netIncome": -310000000, "netIncomeApplicableToCommonShares": -310000000}, {"maxAge": 1, "endDate": "2020-03-31", "totalRevenue": 3313400000, "costOfRevenue": 6004700000, "grossProfit": -2691300000, "researchDevelopment": {}, "sellingGeneralAdministrative": 138800000, "nonRecurring": {}, "otherOperatingExpenses": 219700000, "totalOperatingExpenses": 6369200000, "operatingIncome": -3055800000, "totalOtherIncomeExpenseNet": 525300000, "ebit": -3055800000, "interestExpense": -715300000, "incomeBeforeTax": -2530500000, "incomeTaxExpense": 167200000, "minorityInterest": -274600000, "netIncomeFromContinuingOps": -2697700000, "discontinuedOperations": {}, "extraordinaryItems": {}, "effectOfAccountingCharges": {}, "otherItems": {}, "netIncome": -2136400000, "netIncomeApplicableToCommonShares": -2136400000}, {"maxAge": 1, "endDate": "2019-12-31", "totalRevenue": 1107300000, "costOfRevenue": 1128300000, "grossProfit": -21000000, "researchDevelopment": {}, "sellingGeneralAdministrative": 80600000, "nonRecurring": {}, "otherOperatingExpenses": 62200000, "totalOperatingExpenses": 1278000000, "operatingIncome": -170700000, "totalOtherIncomeExpenseNet": -25300000, "ebit": -170700000, "interestExpense": -354100000, "incomeBeforeTax": -196000000, "incomeTaxExpense": -13200000, "minorityInterest": -274600000, "netIncomeFromContinuingOps": -182800000, "discontinuedOperations": {}, "extraordinaryItems": {}, "effectOfAccountingCharges": {}, "otherItems": {}, "netIncome": -183500000, "netIncomeApplicableToCommonShares": -183500000}, {"maxAge": 1, "endDate": "2019-09-30", "totalRevenue": 200300000, "costOfRevenue": 349200000, "grossProfit": -148900000, "researchDevelopment": {}, "sellingGeneralAdministrative": 79500000, "nonRecurring": {}, "otherOperatingExpenses": 101700000, "totalOperatingExpenses": 541300000, "operatingIncome": -341000000, "totalOtherIncomeExpenseNet": -1021700000, "ebit": -341000000, "interestExpense": -382200000, "incomeBeforeTax": -1362700000, "incomeTaxExpense": 123700000, "minorityInterest": 286700000, "netIncomeFromContinuingOps": -1486400000, "discontinuedOperations": {}, "extraordinaryItems": {}, "effectOfAccountingCharges": {}, "otherItems": {}, "netIncome": -1478900000, "netIncomeApplicableToCommonShares": -1478900000}], "maxAge": 86400}, "cashflowStatementHistoryQuarterly": {"cashflowStatements": [{"maxAge": 1, "endDate": "2020-06-30", "netIncome": -310000000, "changeToLiabilities": 0}, {"maxAge": 1, "endDate": "2020-03-31", "netIncome": -2136400000, "changeToLiabilities": 0}, {"maxAge": 1, "endDate": "2019-12-31", "netIncome": -183500000, "changeToLiabilities": 0}, {"maxAge": 1, "endDate": "2019-09-30", "netIncome": -1478900000, "changeToLiabilities": 0}], "maxAge": 86400}, "insiderHolders": {"holders": [{"maxAge": 1, "name": "Aryanish Finance & Investments Pvt Ltd", "relation": "UNREPORTED", "url": "", "transactionDescription": "Acquisition", "latestTransDate": "2019-09-30", "positionDirect": 1481655, "positionDirectDate": "2019-09-30"}, {"maxAge": 1, "name": "Ashok Piramal Group Real Estate Trust", "relation": "Institution- Corporation", "url": "", "transactionDescription": "Acquisition", "latestTransDate": "2010-11-12", "positionDirect": 24696290, "positionDirectDate": "2010-11-12"}, {"maxAge": 1, "name": "Jaggi (Rajesh)", "relation": "UNREPORTED", "url": "", "transactionDescription": "Sale", "latestTransDate": "2012-10-29", "positionDirect": 30000, "positionDirectDate": "2012-10-29"}, {"maxAge": 1, "name": "Peninsula Land Ltd Employee Stock Option Scheme", "relation": "UNREPORTED", "url": "", "transactionDescription": "Sale", "latestTransDate": "2019-09-30", "positionDirect": 0, "positionDirectDate": "2019-09-30"}, {"maxAge": 1, "name": "Piramal (Rajeev A)", "relation": "Executive Vice Chairman", "url": "", "transactionDescription": "Sale", "latestTransDate": "2011-03-25", "positionDirect": 921365, "positionDirectDate": "2011-03-25"}, {"maxAge": 1, "name": "Piramal (Urvi A)", "relation": "Director (Executive)", "url": "", "transactionDescription": "Sale", "latestTransDate": "2010-11-12", "positionDirect": 2792015, "positionDirectDate": "2010-11-12"}], "maxAge": 1}, "earnings": {"maxAge": 86400, "earningsChart": {"quarterly": [], "earningsDate": []}, "financialsChart": {"yearly": [{"date": 2017, "revenue": 2697400000, "earnings": -2169100000}, {"date": 2018, "revenue": 4976400000, "earnings": -4487900000}, {"date": 2019, "revenue": 3278300000, "earnings": -5610500000}, {"date": 2020, "revenue": 4813900000, "earnings": -4540100000}], "quarterly": [{"date": "3Q2019", "revenue": 200300000, "earnings": -1478900000}, {"date": "4Q2019", "revenue": 1107300000, "earnings": -183500000}, {"date": "1Q2020", "revenue": 3313400000, "earnings": -2136400000}, {"date": "2Q2020", "revenue": 425100000, "earnings": -310000000}]}, "financialCurrency": "INR"}, "calendarEvents": {"maxAge": 1, "earnings": {"earningsDate": []}}, "upgradeDowngradeHistory": {"history": [], "maxAge": 86400}, "price": {"maxAge": 1, "regularMarketChangePercent": -0.028416784, "regularMarketChange": -0.21000004, "regularMarketTime": "2021-04-30 15:29:49", "priceHint": 2, "regularMarketPrice": 7.18, "regularMarketDayHigh": 7.42, "regularMarketDayLow": 7.04, "regularMarketVolume": 34179, "averageDailyVolume10Day": 23076, "averageDailyVolume3Month": 126665, "regularMarketPreviousClose": 7.39, "regularMarketSource": "FREE_REALTIME", "regularMarketOpen": 7.23, "exchange": "BSE", "exchangeName": "BSE", "exchangeDataDelayedBy": 0, "marketState": "CLOSED", "quoteType": "EQUITY", "symbol": "PENINLAND.BO", "underlyingSymbol": null, "shortName": "PENINSULA LAND LTD.", "longName": "Peninsula Land Limited", "currency": "INR", "quoteSourceName": "Delayed Quote", "currencySymbol": "\u20b9", "fromCurrency": null, "lastMarket": null, "marketCap": 2004663040}, "balanceSheetHistory": {"balanceSheetStatements": [{"maxAge": 1, "endDate": "2020-03-31", "cash": 1030900000, "shortTermInvestments": 399100000, "netReceivables": 726400000, "inventory": 30470900000, "otherCurrentAssets": 3487800000, "totalCurrentAssets": 36154500000, "longTermInvestments": 1557400000, "propertyPlantEquipment": 434700000, "intangibleAssets": 16700000, "otherAssets": 2395000000, "totalAssets": 40558300000, "accountsPayable": 2030500000, "shortLongTermDebt": 11988100000, "otherCurrentLiab": 16508900000, "longTermDebt": 2845900000, "otherLiab": 1792700000, "minorityInterest": -274600000, "totalCurrentLiabilities": 35844200000, "totalLiab": 40482800000, "commonStock": 558400000, "retainedEarnings": -7429600000, "treasuryStock": 865600000, "capitalSurplus": 6355700000, "otherStockholderEquity": 865600000, "totalStockholderEquity": 350100000, "netTangibleAssets": 333400000}, {"maxAge": 1, "endDate": "2019-03-31", "cash": 465600000, "shortTermInvestments": 151900000, "netReceivables": 1567400000, "inventory": 34072700000, "otherCurrentAssets": 1356700000, "totalCurrentAssets": 37689900000, "longTermInvestments": 1649400000, "propertyPlantEquipment": 1786600000, "intangibleAssets": 23200000, "otherAssets": 5703600000, "deferredLongTermAssetCharges": 42900000, "totalAssets": 46852700000, "accountsPayable": 1603100000, "shortLongTermDebt": 3208300000, "otherCurrentLiab": 12850500000, "longTermDebt": 15554600000, "otherLiab": 2746800000, "minorityInterest": 305500000, "totalCurrentLiabilities": 23362400000, "totalLiab": 41663800000, "commonStock": 558400000, "retainedEarnings": -3236300000, "treasuryStock": 1205600000, "capitalSurplus": 6355700000, "otherStockholderEquity": 1205600000, "totalStockholderEquity": 4883400000, "netTangibleAssets": 4860200000}, {"maxAge": 1, "endDate": "2018-03-31", "cash": 532300000, "shortTermInvestments": 12000000, "netReceivables": 2697800000, "inventory": 34577200000, "otherCurrentAssets": 1697400000, "totalCurrentAssets": 39647900000, "longTermInvestments": 1982400000, "propertyPlantEquipment": 1809400000, "goodWill": 69900000, "intangibleAssets": 29700000, "otherAssets": 6147700000, "deferredLongTermAssetCharges": 296500000, "totalAssets": 49687000000, "accountsPayable": 1242100000, "shortLongTermDebt": 3616200000, "otherCurrentLiab": 8773600000, "longTermDebt": 17838300000, "otherLiab": 1330500000, "minorityInterest": 960700000, "totalCurrentLiabilities": 19065200000, "totalLiab": 38234000000, "commonStock": 558400000, "retainedEarnings": 2144100000, "treasuryStock": 1434100000, "capitalSurplus": 6355700000, "otherStockholderEquity": 1434100000, "totalStockholderEquity": 10492300000, "netTangibleAssets": 10392700000}, {"maxAge": 1, "endDate": "2017-03-31", "cash": 824500000, "shortTermInvestments": 123100000, "netReceivables": 2543700000, "inventory": 27525500000, "otherCurrentAssets": 1630300000, "totalCurrentAssets": 32728800000, "longTermInvestments": 3459900000, "propertyPlantEquipment": 1838100000, "goodWill": 209100000, "intangibleAssets": 35400000, "otherAssets": 6873400000, "deferredLongTermAssetCharges": 566100000, "totalAssets": 45144700000, "accountsPayable": 1381800000, "shortLongTermDebt": 4904500000, "otherCurrentLiab": 2139200000, "longTermDebt": 14296400000, "otherLiab": 1396700000, "minorityInterest": 752300000, "totalCurrentLiabilities": 13601800000, "totalLiab": 29294900000, "commonStock": 558400000, "retainedEarnings": 6236100000, "treasuryStock": 1947300000, "capitalSurplus": 6355700000, "otherStockholderEquity": 1947300000, "totalStockholderEquity": 15097500000, "netTangibleAssets": 14853000000}], "maxAge": 86400}, "earningsTrend": {"trend": [{"maxAge": 1, "period": "0q", "endDate": null, "growth": {}, "earningsEstimate": {"avg": 0.0, "low": 0.0, "high": 0.0, "yearAgoEps": {}, "numberOfAnalysts": 0, "growth": {}}, "revenueEstimate": {"avg": 0, "low": 0, "high": 0, "numberOfAnalysts": 0, "yearAgoRevenue": {}, "growth": {}}, "epsTrend": {"current": 0.0, "7daysAgo": 0.0, "30daysAgo": 0.0, "60daysAgo": 0.0, "90daysAgo": 0.0}, "epsRevisions": {"upLast7days": 0, "upLast30days": 0, "downLast30days": 0, "downLast90days": {}}}, {"maxAge": 1, "period": "+1q", "endDate": null, "growth": {}, "earningsEstimate": {"avg": 0.0, "low": 0.0, "high": 0.0, "yearAgoEps": {}, "numberOfAnalysts": 0, "growth": {}}, "revenueEstimate": {"avg": 0, "low": 0, "high": 0, "numberOfAnalysts": 0, "yearAgoRevenue": {}, "growth": {}}, "epsTrend": {"current": 0.0, "7daysAgo": 0.0, "30daysAgo": 0.0, "60daysAgo": 0.0, "90daysAgo": 0.0}, "epsRevisions": {"upLast7days": 0, "upLast30days": 0, "downLast30days": 0, "downLast90days": {}}}, {"maxAge": 1, "period": "0y", "endDate": null, "growth": {}, "earningsEstimate": {"avg": 0.0, "low": 0.0, "high": 0.0, "yearAgoEps": {}, "numberOfAnalysts": 0, "growth": {}}, "revenueEstimate": {"avg": 0, "low": 0, "high": 0, "numberOfAnalysts": 0, "yearAgoRevenue": {}, "growth": {}}, "epsTrend": {"current": 0.0, "7daysAgo": 0.0, "30daysAgo": 0.0, "60daysAgo": 0.0, "90daysAgo": 0.0}, "epsRevisions": {"upLast7days": 0, "upLast30days": 0, "downLast30days": 0, "downLast90days": {}}}, {"maxAge": 1, "period": "+1y", "endDate": null, "growth": {}, "earningsEstimate": {"avg": 0.0, "low": 0.0, "high": 0.0, "yearAgoEps": {}, "numberOfAnalysts": 0, "growth": {}}, "revenueEstimate": {"avg": 0, "low": 0, "high": 0, "numberOfAnalysts": 0, "yearAgoRevenue": {}, "growth": {}}, "epsTrend": {"current": 0.0, "7daysAgo": 0.0, "30daysAgo": 0.0, "60daysAgo": 0.0, "90daysAgo": 0.0}, "epsRevisions": {"upLast7days": 0, "upLast30days": 0, "downLast30days": 0, "downLast90days": {}}}, {"maxAge": 1, "period": "+5y", "endDate": null, "growth": 0.027, "earningsEstimate": {"avg": {}, "low": {}, "high": {}, "yearAgoEps": {}, "numberOfAnalysts": {}, "growth": {}}, "revenueEstimate": {"avg": {}, "low": {}, "high": {}, "numberOfAnalysts": {}, "yearAgoRevenue": {}, "growth": {}}, "epsTrend": {"current": {}, "7daysAgo": {}, "30daysAgo": {}, "60daysAgo": {}, "90daysAgo": {}}, "epsRevisions": {"upLast7days": {}, "upLast30days": {}, "downLast30days": {}, "downLast90days": {}}}, {"maxAge": 1, "period": "-5y", "endDate": null, "growth": {}, "earningsEstimate": {"avg": {}, "low": {}, "high": {}, "yearAgoEps": {}, "numberOfAnalysts": {}, "growth": {}}, "revenueEstimate": {"avg": {}, "low": {}, "high": {}, "numberOfAnalysts": {}, "yearAgoRevenue": {}, "growth": {}}, "epsTrend": {"current": {}, "7daysAgo": {}, "30daysAgo": {}, "60daysAgo": {}, "90daysAgo": {}}, "epsRevisions": {"upLast7days": {}, "upLast30days": {}, "downLast30days": {}, "downLast90days": {}}}], "maxAge": 1}, "financialData": {"maxAge": 86400, "currentPrice": 7.18, "targetHighPrice": 26.0, "targetLowPrice": 26.0, "targetMeanPrice": 26.0, "targetMedianPrice": 26.0, "recommendationKey": "none", "numberOfAnalystOpinions": 1, "grossProfits": -2868300000, "financialCurrency": "INR"}}}