{"PETRONET.BO": {"recommendationTrend": {"trend": [{"period": "0m", "strongBuy": 0, "buy": 0, "hold": 0, "sell": 0, "strongSell": 0}, {"period": "-1m", "strongBuy": 0, "buy": 0, "hold": 0, "sell": 0, "strongSell": 0}, {"period": "-2m", "strongBuy": 0, "buy": 0, "hold": 0, "sell": 0, "strongSell": 0}, {"period": "-3m", "strongBuy": 0, "buy": 0, "hold": 0, "sell": 0, "strongSell": 0}], "maxAge": 86400}, "cashflowStatementHistory": {"cashflowStatements": [{"maxAge": 1, "endDate": "2020-03-31", "netIncome": 27033500000, "depreciation": 7761300000, "changeToNetincome": -2199800000, "changeToAccountReceivables": -2201200000, "changeToLiabilities": -1243000000, "changeToInventory": 885500000, "changeToOperatingActivities": -1405200000, "totalCashFromOperatingActivities": 28631100000, "capitalExpenditures": -407800000, "investments": 7383500000, "otherCashflowsFromInvestingActivities": 2434100000, "totalCashflowsFromInvestingActivities": 9409800000, "dividendsPaid": -6750000000, "netBorrowings": -8198300000, "otherCashflowsFromFinancingActivities": -7348200000, "totalCashFromFinancingActivities": -30546500000, "changeInCash": 7494400000}, {"maxAge": 1, "endDate": "2019-03-31", "netIncome": 22305600000, "depreciation": 4112400000, "changeToNetincome": -481100000, "changeToAccountReceivables": 2183300000, "changeToLiabilities": -2746600000, "changeToInventory": -783400000, "changeToOperatingActivities": -3176000000, "totalCashFromOperatingActivities": 21414200000, "capitalExpenditures": -1627300000, "investments": -543300000, "otherCashflowsFromInvestingActivities": 1455700000, "totalCashflowsFromInvestingActivities": -715300000, "dividendsPaid": -6750000000, "netBorrowings": -6201500000, "otherCashflowsFromFinancingActivities": -4274600000, "totalCashFromFinancingActivities": -25476100000, "changeInCash": -4777200000}, {"maxAge": 1, "endDate": "2018-03-31", "netIncome": 21104400000, "depreciation": 4116500000, "changeToNetincome": 1788900000, "changeToAccountReceivables": -3899900000, "changeToLiabilities": 6253000000, "changeToInventory": 494200000, "changeToOperatingActivities": 99200000, "totalCashFromOperatingActivities": 29956300000, "capitalExpenditures": -1733000000, "investments": -11027000000, "otherCashflowsFromInvestingActivities": 3300000, "totalCashflowsFromInvestingActivities": -12776200000, "dividendsPaid": -3750000000, "netBorrowings": -7051500000, "otherCashflowsFromFinancingActivities": -2545500000, "totalCashFromFinancingActivities": -13347000000, "changeInCash": 3833100000}, {"maxAge": 1, "endDate": "2017-03-31", "netIncome": 17231300000, "depreciation": 3690700000, "changeToNetincome": 3026500000, "changeToAccountReceivables": -2636900000, "changeToLiabilities": 1812300000, "changeToInventory": -2944200000, "changeToOperatingActivities": 496100000, "totalCashFromOperatingActivities": 20675800000, "capitalExpenditures": -5441900000, "investments": -26488700000, "otherCashflowsFromInvestingActivities": 197600000, "totalCashflowsFromInvestingActivities": -31750700000, "dividendsPaid": -1875000000, "netBorrowings": -3128400000, "otherCashflowsFromFinancingActivities": -2479000000, "totalCashFromFinancingActivities": -7482400000, "changeInCash": -18557200000}], "maxAge": 86400}, "institutionOwnership": {"ownershipList": [{"maxAge": 1, "reportDate": "2020-06-30", "organization": "Stanley-Laman Group, Ltd.", "pctHeld": 0.0002, "position": 259310, "value": 66927911}], "maxAge": 1}, "balanceSheetHistoryQuarterly": {"balanceSheetStatements": [{"maxAge": 1, "endDate": "2020-06-30", "totalStockholderEquity": 111209200000, "netTangibleAssets": 111207200000}, {"maxAge": 1, "endDate": "2020-03-31", "cash": 9760200000, "shortTermInvestments": 34408000000, "netReceivables": 19183600000, "inventory": 4808900000, "otherCurrentAssets": 329500000, "totalCurrentAssets": 70488200000, "longTermInvestments": 3823300000, "propertyPlantEquipment": 111926700000, "intangibleAssets": 2000000, "otherAssets": 2428800000, "totalAssets": 188669000000, "accountsPayable": 11660700000, "shortLongTermDebt": 368100000, "otherCurrentLiab": 2940200000, "longTermDebt": 643900000, "otherLiab": 19189600000, "totalCurrentLiabilities": 24236100000, "totalLiab": 77459800000, "commonStock": 15000000000, "retainedEarnings": 96270800000, "treasuryStock": -61600000, "otherStockholderEquity": -61600000, "totalStockholderEquity": 111209200000, "netTangibleAssets": 111207200000}, {"maxAge": 1, "endDate": "2019-12-31", "totalStockholderEquity": 110659000000, "netTangibleAssets": 110653500000}, {"maxAge": 1, "endDate": "2019-09-30", "cash": 43914200000, "shortTermInvestments": 12916100000, "netReceivables": 18240100000, "inventory": 6784100000, "otherCurrentAssets": 685900000, "totalCurrentAssets": 82540400000, "longTermInvestments": 3257010000, "propertyPlantEquipment": 115080300000, "intangibleAssets": 5500000, "otherAssets": 1350990000, "totalAssets": 202234200000, "accountsPayable": 17169500000, "shortLongTermDebt": 13388000000, "otherCurrentLiab": 7813200000, "longTermDebt": 828000000, "otherLiab": 52376500000, "totalCurrentLiabilities": 38370700000, "totalLiab": 91575200000, "commonStock": 15000000000, "treasuryStock": 95659000000, "otherStockholderEquity": 95659000000, "totalStockholderEquity": 110659000000, "netTangibleAssets": 110653500000}], "maxAge": 86400}, "earningsHistory": {"history": [{"maxAge": 1, "epsActual": 3.53, "epsEstimate": 3.41, "epsDifference": 0.12, "surprisePercent": 0.035, "quarter": "2017-12-31", "period": "-4q"}, {"maxAge": 1, "epsActual": 3.48, "epsEstimate": 3.67, "epsDifference": -0.19, "surprisePercent": -0.051999997, "quarter": "2018-03-31", "period": "-3q"}, {"maxAge": 1, "epsActual": 3.91, "epsEstimate": 3.5, "epsDifference": 0.41, "surprisePercent": 0.117, "quarter": "2018-06-30", "period": "-2q"}, {"maxAge": 1, "epsActual": 3.75, "epsEstimate": 3.86, "epsDifference": -0.11, "surprisePercent": -0.027999999, "quarter": "2018-09-30", "period": "-1q"}], "maxAge": 86400}, "indexTrend": {"maxAge": 1, "symbol": "SP5", "peRatio": 19.7411, "pegRatio": 1.34172, "estimates": [{"period": "0q", "growth": 0.549}, {"period": "+1q", "growth": 0.431}, {"period": "0y", "growth": 0.305}, {"period": "+1y", "growth": 0.109}, {"period": "+5y", "growth": 0.120865}, {"period": "-5y"}]}, "industryTrend": {"maxAge": 1, "symbol": null, "estimates": []}, "insiderTransactions": {"transactions": [{"maxAge": 1, "shares": 39000000, "filerUrl": "", "transactionText": "", "filerName": "Asian Development Bank", "filerRelation": "Institution- Corporation", "moneyText": "", "startDate": "2014-09-26", "ownership": "D"}, {"maxAge": 1, "shares": 25000, "filerUrl": "", "transactionText": "", "filerName": "Dasgupta (P)", "filerRelation": "Managing Director", "moneyText": "", "startDate": "2010-03-05", "ownership": "D"}, {"maxAge": 1, "shares": 40000, "filerUrl": "", "transactionText": "", "filerName": "Dasgupta (P)", "filerRelation": "Managing Director", "moneyText": "", "startDate": "2010-03-05", "ownership": "D"}, {"maxAge": 1, "shares": 25000, "filerUrl": "", "transactionText": "", "filerName": "Dasgupta (P)", "filerRelation": "Managing Director", "moneyText": "", "startDate": "2009-12-09", "ownership": "D"}], "maxAge": 1}, "quoteType": {"exchange": "BSE", "quoteType": "EQUITY", "symbol": "PETRONET.BO", "underlyingSymbol": "PETRONET.BO", "shortName": "PETRONET LNG LTD.", "longName": "Petronet LNG Limited", "firstTradeDateEpochUtc": "2004-03-26 09:15:00", "timeZoneFullName": "Asia/Kolkata", "timeZoneShortName": "IST", "uuid": "c124e752-a18e-3ff5-a53c-c8b35f4844bc", "gmtOffSetMilliseconds": 19800000, "maxAge": 1}, "incomeStatementHistory": {"incomeStatementHistory": [{"maxAge": 1, "endDate": "2020-03-31", "totalRevenue": 354520000000, "costOfRevenue": 305138400000, "grossProfit": 49381600000, "researchDevelopment": {}, "sellingGeneralAdministrative": 1322600000, "nonRecurring": {}, "otherOperatingExpenses": 5359800000, "totalOperatingExpenses": 319572900000, "operatingIncome": 34947100000, "totalOtherIncomeExpenseNet": -3783100000, "ebit": 34947100000, "interestExpense": -3947500000, "incomeBeforeTax": 31164000000, "incomeTaxExpense": 4130500000, "minorityInterest": {}, "netIncomeFromContinuingOps": 27033500000, "discontinuedOperations": {}, "extraordinaryItems": {}, "effectOfAccountingCharges": {}, "otherItems": {}, "netIncome": 27033500000, "netIncomeApplicableToCommonShares": 27033500000}, {"maxAge": 1, "endDate": "2019-03-31", "totalRevenue": 383954300000, "costOfRevenue": 344329200000, "grossProfit": 39625100000, "researchDevelopment": {}, "sellingGeneralAdministrative": 1386700000, "nonRecurring": {}, "otherOperatingExpenses": 5305000000, "totalOperatingExpenses": 355124100000, "operatingIncome": 28830200000, "totalOtherIncomeExpenseNet": 4256900000, "ebit": 28830200000, "interestExpense": -916700000, "incomeBeforeTax": 33087100000, "incomeTaxExpense": 10781500000, "minorityInterest": {}, "netIncomeFromContinuingOps": 22305600000, "discontinuedOperations": {}, "extraordinaryItems": {}, "effectOfAccountingCharges": {}, "otherItems": {}, "netIncome": 22305600000, "netIncomeApplicableToCommonShares": 22305600000}, {"maxAge": 1, "endDate": "2018-03-31", "totalRevenue": 305986200000, "costOfRevenue": 262635700000, "grossProfit": 43350500000, "researchDevelopment": {}, "sellingGeneralAdministrative": 5563600000, "nonRecurring": {}, "otherOperatingExpenses": 4016300000, "totalOperatingExpenses": 276332100000, "operatingIncome": 29654100000, "totalOtherIncomeExpenseNet": 1222900000, "ebit": 29654100000, "interestExpense": -2193600000, "incomeBeforeTax": 30877000000, "incomeTaxExpense": 9772600000, "minorityInterest": {}, "netIncomeFromContinuingOps": 21104400000, "discontinuedOperations": {}, "extraordinaryItems": {}, "effectOfAccountingCharges": {}, "otherItems": {}, "netIncome": 21104400000, "netIncomeApplicableToCommonShares": 21104400000}, {"maxAge": 1, "endDate": "2017-03-31", "totalRevenue": 246160300000, "costOfRevenue": 207903600000, "grossProfit": 38256700000, "researchDevelopment": {}, "sellingGeneralAdministrative": 7323100000, "nonRecurring": {}, "otherOperatingExpenses": 3947600000, "totalOperatingExpenses": 222865000000, "operatingIncome": 23295300000, "totalOtherIncomeExpenseNet": 481200000, "ebit": 23295300000, "interestExpense": -2993400000, "incomeBeforeTax": 23776500000, "incomeTaxExpense": 6545200000, "minorityInterest": {}, "netIncomeFromContinuingOps": 17231300000, "discontinuedOperations": {}, "extraordinaryItems": {}, "effectOfAccountingCharges": {}, "otherItems": {}, "netIncome": 17231300000, "netIncomeApplicableToCommonShares": 17231300000}], "maxAge": 86400}, "fundOwnership": {"ownershipList": [{"maxAge": 1, "reportDate": "2020-07-31", "organization": "Fidelity Emerging Markets Fund (US)", "pctHeld": 0.0105, "position": 15692000, "value": 3887693000}, {"maxAge": 1, "reportDate": "2020-06-30", "organization": "Smallcap World Fund", "pctHeld": 0.0093, "position": 13984650, "value": 3609438165}, {"maxAge": 1, "reportDate": "2020-07-31", "organization": "Fidelity Series Emerging Markets Opportunities Fund", "pctHeld": 0.0081, "position": 12113980, "value": 3001238545}, {"maxAge": 1, "reportDate": "2020-09-30", "organization": "Price (T.Rowe) International Value Equity Fund", "pctHeld": 0.0063, "position": 9436018, "value": 2081585570}, {"maxAge": 1, "reportDate": "2020-07-31", "organization": "Vanguard International Stock Index-Total Intl Stock Indx", "pctHeld": 0.0062, "position": 9233594, "value": 2287622913}, {"maxAge": 1, "reportDate": "2020-07-31", "organization": "Vanguard International Stock Index-Emerging Markets Stk", "pctHeld": 0.0047999998, "position": 7212083, "value": 1786793563}, {"maxAge": 1, "reportDate": "2020-07-31", "organization": "Blackrock Emerging Markets Fund", "pctHeld": 0.0038, "position": 5679203, "value": 1407022543}, {"maxAge": 1, "reportDate": "2020-09-30", "organization": "Price (T.Rowe) International Value Equity Trust", "pctHeld": 0.0037, "position": 5530058, "value": 1219930794}, {"maxAge": 1, "reportDate": "2020-07-31", "organization": "DFA Emerging Markets Core Equity Portfolio", "pctHeld": 0.0033000002, "position": 4987119, "value": 1235558732}, {"maxAge": 1, "reportDate": "2020-07-31", "organization": "iShares Core MSCI Emerging Markets ETF", "pctHeld": 0.003, "position": 4453896, "value": 1103452734}], "maxAge": 1}, "summaryDetail": {"maxAge": 1, "priceHint": 2, "previousClose": 234.9, "open": 234.15, "dayLow": 234.15, "dayHigh": 243.6, "regularMarketPreviousClose": 234.9, "regularMarketOpen": 234.15, "regularMarketDayLow": 234.15, "regularMarketDayHigh": 243.6, "trailingPE": 13.627068, "forwardPE": 10.176072, "volume": 255708, "regularMarketVolume": 255708, "averageVolume": 185094, "averageVolume10days": 128150, "averageDailyVolume10Day": 128150, "bid": 239.0, "ask": 239.6, "bidSize": 0, "askSize": 0, "marketCap": 360384233472, "fiftyTwoWeekLow": 170.75, "fiftyTwoWeekHigh": 280.0, "fiftyDayAverage": 252.40454, "twoHundredDayAverage": 243.3467, "trailingAnnualDividendRate": 7.0, "trailingAnnualDividendYield": 0.029799916, "currency": "INR", "fromCurrency": null, "lastMarket": null, "algorithm": null, "tradeable": false}, "sectorTrend": {"maxAge": 1, "symbol": null, "estimates": []}, "incomeStatementHistoryQuarterly": {"incomeStatementHistory": [{"maxAge": 1, "endDate": "2020-06-30", "totalRevenue": 48835700000, "costOfRevenue": 38365400000, "grossProfit": 10470300000, "researchDevelopment": {}, "sellingGeneralAdministrative": 360000000, "nonRecurring": {}, "otherOperatingExpenses": 1010900000, "totalOperatingExpenses": 41672100000, "operatingIncome": 7163600000, "totalOtherIncomeExpenseNet": -402000000, "ebit": 7163600000, "interestExpense": -881400000, "incomeBeforeTax": 6761600000, "incomeTaxExpense": 1763700000, "minorityInterest": {}, "netIncomeFromContinuingOps": 4997900000, "discontinuedOperations": {}, "extraordinaryItems": {}, "effectOfAccountingCharges": {}, "otherItems": {}, "netIncome": 4997900000, "netIncomeApplicableToCommonShares": 4997900000}, {"maxAge": 1, "endDate": "2020-03-31", "totalRevenue": 85671500000, "costOfRevenue": 74538700000, "grossProfit": 11132800000, "researchDevelopment": {}, "sellingGeneralAdministrative": 354100000, "nonRecurring": {}, "otherOperatingExpenses": 999000000, "totalOperatingExpenses": 77824800000, "operatingIncome": 7846700000, "totalOtherIncomeExpenseNet": -2842400000, "ebit": 7846700000, "interestExpense": -950800000, "incomeBeforeTax": 5004300000, "incomeTaxExpense": 1272300000, "minorityInterest": {}, "netIncomeFromContinuingOps": 3732000000, "discontinuedOperations": {}, "extraordinaryItems": {}, "effectOfAccountingCharges": {}, "otherItems": {}, "netIncome": 3732000000, "netIncomeApplicableToCommonShares": 3732000000}, {"maxAge": 1, "endDate": "2019-12-31", "totalRevenue": 89102300000, "costOfRevenue": 76188900000, "grossProfit": 12913400000, "researchDevelopment": {}, "sellingGeneralAdministrative": 407200000, "nonRecurring": {}, "otherOperatingExpenses": 1430500000, "totalOperatingExpenses": 79986600000, "operatingIncome": 9115700000, "totalOtherIncomeExpenseNet": -58200000, "ebit": 9115700000, "interestExpense": -940200000, "incomeBeforeTax": 9057500000, "incomeTaxExpense": 2265300000, "minorityInterest": {}, "netIncomeFromContinuingOps": 6792200000, "discontinuedOperations": {}, "extraordinaryItems": {}, "effectOfAccountingCharges": {}, "otherItems": {}, "netIncome": 6792200000, "netIncomeApplicableToCommonShares": 6792200000}, {"maxAge": 1, "endDate": "2019-09-30", "totalRevenue": 93611800000, "costOfRevenue": 80229300000, "grossProfit": 13382500000, "researchDevelopment": {}, "sellingGeneralAdministrative": 268000000, "nonRecurring": {}, "otherOperatingExpenses": 1509700000, "totalOperatingExpenses": 83967300000, "operatingIncome": 9644500000, "totalOtherIncomeExpenseNet": -938100000, "ebit": 9644500000, "interestExpense": -1051300000, "incomeBeforeTax": 8706400000, "incomeTaxExpense": -2183600000, "minorityInterest": {}, "netIncomeFromContinuingOps": 10890000000, "discontinuedOperations": {}, "extraordinaryItems": {}, "effectOfAccountingCharges": {}, "otherItems": {}, "netIncome": 10890000000, "netIncomeApplicableToCommonShares": 10890000000}], "maxAge": 86400}, "cashflowStatementHistoryQuarterly": {"cashflowStatements": [{"maxAge": 1, "endDate": "2020-06-30", "netIncome": 4997900000, "changeToLiabilities": 0}, {"maxAge": 1, "endDate": "2020-03-31", "netIncome": 3732000000, "changeToLiabilities": 0}, {"maxAge": 1, "endDate": "2019-12-31", "netIncome": 6792200000, "changeToLiabilities": 0}, {"maxAge": 1, "endDate": "2019-09-30", "netIncome": 10890000000, "changeToLiabilities": 0}], "maxAge": 86400}, "insiderHolders": {"holders": [{"maxAge": 1, "name": "Asian Development Bank", "relation": "Institution- Corporation", "url": "", "transactionDescription": "Other", "latestTransDate": "2014-09-26", "positionDirect": 0, "positionDirectDate": "2014-09-26"}, {"maxAge": 1, "name": "Dasgupta (P)", "relation": "Managing Director", "url": "", "transactionDescription": "Sale", "latestTransDate": "2010-03-05", "positionDirect": 110000, "positionDirectDate": "2010-03-05"}], "maxAge": 1}, "earnings": {"maxAge": 86400, "earningsChart": {"quarterly": [{"date": "4Q2017", "actual": 3.53, "estimate": 3.41}, {"date": "1Q2018", "actual": 3.48, "estimate": 3.67}, {"date": "2Q2018", "actual": 3.91, "estimate": 3.5}, {"date": "3Q2018", "actual": 3.75, "estimate": 3.86}], "currentQuarterEstimateDate": "4Q", "currentQuarterEstimateYear": 2018, "earningsDate": []}, "financialsChart": {"yearly": [{"date": 2017, "revenue": 246160300000, "earnings": 17231300000}, {"date": 2018, "revenue": 305986200000, "earnings": 21104400000}, {"date": 2019, "revenue": 383954300000, "earnings": 22305600000}, {"date": 2020, "revenue": 354520000000, "earnings": 27033500000}], "quarterly": [{"date": "3Q2019", "revenue": 93611800000, "earnings": 10890000000}, {"date": "4Q2019", "revenue": 89102300000, "earnings": 6792200000}, {"date": "1Q2020", "revenue": 85671500000, "earnings": 3732000000}, {"date": "2Q2020", "revenue": 48835700000, "earnings": 4997900000}]}, "financialCurrency": "INR"}, "calendarEvents": {"maxAge": 1, "earnings": {"earningsDate": [], "revenueAverage": 111260000000, "revenueLow": 111260000000, "revenueHigh": 111260000000}}, "upgradeDowngradeHistory": {"history": [], "maxAge": 86400}, "price": {"maxAge": 1, "regularMarketChangePercent": 0.02107285, "regularMarketChange": 4.950012, "regularMarketTime": "2021-04-30 15:56:15", "priceHint": 2, "regularMarketPrice": 239.85, "regularMarketDayHigh": 243.6, "regularMarketDayLow": 234.15, "regularMarketVolume": 255708, "averageDailyVolume10Day": 128150, "averageDailyVolume3Month": 185094, "regularMarketPreviousClose": 234.9, "regularMarketSource": "FREE_REALTIME", "regularMarketOpen": 234.15, "exchange": "BSE", "exchangeName": "BSE", "exchangeDataDelayedBy": 0, "marketState": "CLOSED", "quoteType": "EQUITY", "symbol": "PETRONET.BO", "underlyingSymbol": null, "shortName": "PETRONET LNG LTD.", "longName": "Petronet LNG Limited", "currency": "INR", "quoteSourceName": "Delayed Quote", "currencySymbol": "\u20b9", "fromCurrency": null, "lastMarket": null, "marketCap": 360384233472}, "balanceSheetHistory": {"balanceSheetStatements": [{"maxAge": 1, "endDate": "2020-03-31", "cash": 9760200000, "shortTermInvestments": 34408000000, "netReceivables": 19183600000, "inventory": 4808900000, "otherCurrentAssets": 329500000, "totalCurrentAssets": 70488200000, "longTermInvestments": 3823300000, "propertyPlantEquipment": 111926700000, "intangibleAssets": 2000000, "otherAssets": 2428800000, "totalAssets": 188669000000, "accountsPayable": 11660700000, "shortLongTermDebt": 368100000, "otherCurrentLiab": 2940200000, "longTermDebt": 643900000, "otherLiab": 19189600000, "totalCurrentLiabilities": 24236100000, "totalLiab": 77459800000, "commonStock": 15000000000, "retainedEarnings": 96270800000, "treasuryStock": -61600000, "otherStockholderEquity": -61600000, "totalStockholderEquity": 111209200000, "netTangibleAssets": 111207200000}, {"maxAge": 1, "endDate": "2019-03-31", "cash": 2265800000, "shortTermInvestments": 27220000000, "netReceivables": 15594900000, "inventory": 5694400000, "otherCurrentAssets": 492800000, "totalCurrentAssets": 59618000000, "longTermInvestments": 11308900000, "propertyPlantEquipment": 80122400000, "intangibleAssets": 10500000, "otherAssets": 1433600000, "totalAssets": 152493400000, "accountsPayable": 12952400000, "shortLongTermDebt": 6322000000, "otherCurrentLiab": 1561900000, "longTermDebt": 1012000000, "otherLiab": 24332000000, "totalCurrentLiabilities": 24843600000, "totalLiab": 50187600000, "commonStock": 15000000000, "retainedEarnings": 85839100000, "treasuryStock": 1466700000, "otherStockholderEquity": 1466700000, "totalStockholderEquity": 102305800000, "netTangibleAssets": 102295300000}, {"maxAge": 1, "endDate": "2018-03-31", "cash": 7043000000, "shortTermInvestments": 1510000000, "netReceivables": 16523100000, "inventory": 4911000000, "otherCurrentAssets": 527600000, "totalCurrentAssets": 70177800000, "longTermInvestments": 3529300000, "propertyPlantEquipment": 82475000000, "intangibleAssets": 23900000, "otherAssets": 1239300000, "totalAssets": 157445300000, "accountsPayable": 15699000000, "shortLongTermDebt": 7196400000, "otherCurrentLiab": 1067700000, "longTermDebt": 7334100000, "otherLiab": 23396100000, "totalCurrentLiabilities": 28602200000, "totalLiab": 59332400000, "commonStock": 15000000000, "retainedEarnings": 81175900000, "treasuryStock": 1937000000, "otherStockholderEquity": 1937000000, "totalStockholderEquity": 98112900000, "netTangibleAssets": 98089000000}, {"maxAge": 1, "endDate": "2017-03-31", "cash": 3209900000, "netReceivables": 12118200000, "inventory": 5405200000, "otherCurrentAssets": 513500000, "totalCurrentAssets": 49026300000, "longTermInvestments": 4096800000, "propertyPlantEquipment": 84670600000, "intangibleAssets": 45300000, "otherAssets": 1296900000, "totalAssets": 139135900000, "accountsPayable": 9446000000, "shortLongTermDebt": 7679700000, "otherCurrentLiab": 1258300000, "longTermDebt": 14500300000, "otherLiab": 21225000000, "totalCurrentLiabilities": 21626800000, "totalLiab": 57352100000, "commonStock": 7500000000, "retainedEarnings": 70044900000, "treasuryStock": 2684300000, "capitalSurplus": 1554600000, "otherStockholderEquity": 2684300000, "totalStockholderEquity": 81783800000, "netTangibleAssets": 81738500000}], "maxAge": 86400}, "earningsTrend": {"trend": [{"maxAge": 1, "period": "0q", "endDate": "2018-12-31", "growth": {}, "earningsEstimate": {"avg": 0.0, "low": 0.0, "high": 0.0, "yearAgoEps": 3.53, "numberOfAnalysts": 0, "growth": {}}, "revenueEstimate": {"avg": 111260000000, "low": 111260000000, "high": 111260000000, "numberOfAnalysts": 1, "yearAgoRevenue": 77570600000, "growth": 0.43400002}, "epsTrend": {"current": 0.0, "7daysAgo": 3.83, "30daysAgo": 3.83, "60daysAgo": 3.83, "90daysAgo": 3.83}, "epsRevisions": {"upLast7days": 0, "upLast30days": 0, "downLast30days": 0, "downLast90days": {}}}, {"maxAge": 1, "period": "+1q", "endDate": "2019-03-31", "growth": {}, "earningsEstimate": {"avg": 0.0, "low": 0.0, "high": 0.0, "yearAgoEps": 3.48, "numberOfAnalysts": 0, "growth": {}}, "revenueEstimate": {"avg": 113193000000, "low": 113193000000, "high": 113193000000, "numberOfAnalysts": 1, "yearAgoRevenue": 86362300000, "growth": 0.311}, "epsTrend": {"current": 0.0, "7daysAgo": 4.04, "30daysAgo": 4.04, "60daysAgo": 4.04, "90daysAgo": 4.04}, "epsRevisions": {"upLast7days": 0, "upLast30days": 0, "downLast30days": 0, "downLast90days": {}}}, {"maxAge": 1, "period": "0y", "endDate": "2019-03-31", "growth": {}, "earningsEstimate": {"avg": 0.0, "low": 0.0, "high": 0.0, "yearAgoEps": {}, "numberOfAnalysts": 0, "growth": {}}, "revenueEstimate": {"avg": 395833000000, "low": 300863000000, "high": 524152000000, "numberOfAnalysts": 27, "yearAgoRevenue": 305986000000, "growth": 0.294}, "epsTrend": {"current": 0.0, "7daysAgo": 15.19, "30daysAgo": 15.19, "60daysAgo": 15.19, "90daysAgo": 15.19}, "epsRevisions": {"upLast7days": 0, "upLast30days": 1, "downLast30days": 0, "downLast90days": {}}}, {"maxAge": 1, "period": "+1y", "endDate": "2020-03-31", "growth": {}, "earningsEstimate": {"avg": 0.0, "low": 0.0, "high": 0.0, "yearAgoEps": {}, "numberOfAnalysts": 0, "growth": {}}, "revenueEstimate": {"avg": 452881000000, "low": 309124000000, "high": 576433000000, "numberOfAnalysts": 26, "yearAgoRevenue": 395833000000, "growth": 0.144}, "epsTrend": {"current": 0.0, "7daysAgo": 17.67, "30daysAgo": 17.67, "60daysAgo": 17.67, "90daysAgo": 17.67}, "epsRevisions": {"upLast7days": 0, "upLast30days": 0, "downLast30days": 1, "downLast90days": {}}}, {"maxAge": 1, "period": "+5y", "endDate": null, "growth": 0.19600001, "earningsEstimate": {"avg": {}, "low": {}, "high": {}, "yearAgoEps": {}, "numberOfAnalysts": {}, "growth": {}}, "revenueEstimate": {"avg": {}, "low": {}, "high": {}, "numberOfAnalysts": {}, "yearAgoRevenue": {}, "growth": {}}, "epsTrend": {"current": {}, "7daysAgo": {}, "30daysAgo": {}, "60daysAgo": {}, "90daysAgo": {}}, "epsRevisions": {"upLast7days": {}, "upLast30days": {}, "downLast30days": {}, "downLast90days": {}}}, {"maxAge": 1, "period": "-5y", "endDate": null, "growth": {}, "earningsEstimate": {"avg": {}, "low": {}, "high": {}, "yearAgoEps": {}, "numberOfAnalysts": {}, "growth": {}}, "revenueEstimate": {"avg": {}, "low": {}, "high": {}, "numberOfAnalysts": {}, "yearAgoRevenue": {}, "growth": {}}, "epsTrend": {"current": {}, "7daysAgo": {}, "30daysAgo": {}, "60daysAgo": {}, "90daysAgo": {}}, "epsRevisions": {"upLast7days": {}, "upLast30days": {}, "downLast30days": {}, "downLast90days": {}}}], "maxAge": 1}, "financialData": {"maxAge": 86400, "currentPrice": 239.85, "targetHighPrice": 340.0, "targetLowPrice": 222.0, "targetMeanPrice": 271.61, "targetMedianPrice": 270.0, "recommendationKey": "none", "numberOfAnalystOpinions": 36, "grossProfits": 49381600000, "financialCurrency": "INR"}}}