{"PETRONET.NS": {"assetProfile": {"address1": "World Trade Centre", "address2": "1st Floor Babar Road Barakhamba Lane", "city": "New Delhi", "zip": "110001", "country": "India", "phone": "91 11 2341 1411", "fax": "91 11 2347 2550", "website": "http://www.petronetlng.com", "industry": "Oil & Gas Refining & Marketing", "sector": "Energy", "longBusinessSummary": "Petronet LNG Limited engages in the import, regasification, and supply of liquefied natural gas (LNG) in India. The company owns and operates a LNG import and regasification terminal with name plate capacity of 17.5 MMTPA located in Dahej, Gujarat; and a LNG terminal with name plate capacity of 5 MMTPA located in Kochi, Kerala. Petronet LNG Limited was founded in 1998 and is based in New Delhi, India.", "fullTimeEmployees": 508, "companyOfficers": [{"maxAge": 1, "name": "Mr. Vinod Kumar Mishra", "age": 55, "title": "Director of Fin., CFO & Director", "yearBorn": 1965, "fiscalYear": 2020, "totalPay": 11602819, "exercisedValue": 0, "unexercisedValue": 0}, {"maxAge": 1, "name": "Mr. Mukesh Kumar Gupta", "age": 50, "title": "CGM and VP of F&A", "yearBorn": 1970, "exercisedValue": 0, "unexercisedValue": 0}, {"maxAge": 1, "name": "Pushp  Khetarpal", "age": 60, "title": "Pres of BD & Projects", "yearBorn": 1960, "exercisedValue": 0, "unexercisedValue": 0}, {"maxAge": 1, "name": "Mr. Sanjay  Gupta", "age": 60, "title": "GGM & Pres of Shipping", "yearBorn": 1960, "exercisedValue": 0, "unexercisedValue": 0}, {"maxAge": 1, "name": "Mr. Samar Bahadur Singh", "age": 56, "title": "GGM, Pres of Dahe and Plant Head", "yearBorn": 1964, "exercisedValue": 0, "unexercisedValue": 0}, {"maxAge": 1, "name": "Mr. Akshay Kumar Singh", "age": 58, "title": "MD, CEO & Additional Director", "yearBorn": 1962, "exercisedValue": 0, "unexercisedValue": 0}, {"maxAge": 1, "name": "Mr. Pramod  Narang", "age": 58, "title": "Director of Technical & Additional Director", "yearBorn": 1962, "exercisedValue": 0, "unexercisedValue": 0}, {"maxAge": 1, "name": "Mr. Rajan  Kapur", "title": "VP, Company Sec., Compliance Officer & CGM", "fiscalYear": 2019, "exercisedValue": 0, "unexercisedValue": 0}, {"maxAge": 1, "name": "Pankaj  Wadhwa", "age": 52, "title": "Sr. VP of Marketing", "yearBorn": 1968, "exercisedValue": 0, "unexercisedValue": 0}, {"maxAge": 1, "name": "Avnit Kumar Chopra", "age": 61, "title": "Sr. VP of L&D", "yearBorn": 1959, "exercisedValue": 0, "unexercisedValue": 0}], "auditRisk": 5, "boardRisk": 7, "compensationRisk": 3, "shareHolderRightsRisk": 5, "overallRisk": 7, "governanceEpochDate": "2021-04-01 05:30:00", "compensationAsOfEpochDate": "2020-12-31 05:30:00", "maxAge": 86400}, "recommendationTrend": {"trend": [{"period": "0m", "strongBuy": 0, "buy": 0, "hold": 0, "sell": 0, "strongSell": 0}, {"period": "-1m", "strongBuy": 0, "buy": 0, "hold": 0, "sell": 0, "strongSell": 0}, {"period": "-2m", "strongBuy": 0, "buy": 0, "hold": 0, "sell": 0, "strongSell": 0}, {"period": "-3m", "strongBuy": 0, "buy": 0, "hold": 0, "sell": 0, "strongSell": 0}], "maxAge": 86400}, "cashflowStatementHistory": {"cashflowStatements": [{"maxAge": 1, "endDate": "2020-03-31", "netIncome": 27033500000, "depreciation": 7761300000, "changeToNetincome": -2199800000, "changeToAccountReceivables": -2201200000, "changeToLiabilities": -1243000000, "changeToInventory": 885500000, "changeToOperatingActivities": -1405200000, "totalCashFromOperatingActivities": 28631100000, "capitalExpenditures": -407800000, "investments": 7383500000, "otherCashflowsFromInvestingActivities": 2434100000, "totalCashflowsFromInvestingActivities": 9409800000, "dividendsPaid": -6750000000, "netBorrowings": -8198300000, "otherCashflowsFromFinancingActivities": -7348200000, "totalCashFromFinancingActivities": -30546500000, "changeInCash": 7494400000}, {"maxAge": 1, "endDate": "2019-03-31", "netIncome": 22305600000, "depreciation": 4112400000, "changeToNetincome": -481100000, "changeToAccountReceivables": 2183300000, "changeToLiabilities": -2746600000, "changeToInventory": -783400000, "changeToOperatingActivities": -3176000000, "totalCashFromOperatingActivities": 21414200000, "capitalExpenditures": -1627300000, "investments": -543300000, "otherCashflowsFromInvestingActivities": 1455700000, "totalCashflowsFromInvestingActivities": -715300000, "dividendsPaid": -6750000000, "netBorrowings": -6201500000, "otherCashflowsFromFinancingActivities": -4274600000, "totalCashFromFinancingActivities": -25476100000, "changeInCash": -4777200000}, {"maxAge": 1, "endDate": "2018-03-31", "netIncome": 21104400000, "depreciation": 4116500000, "changeToNetincome": 1788900000, "changeToAccountReceivables": -3899900000, "changeToLiabilities": 6253000000, "changeToInventory": 494200000, "changeToOperatingActivities": 99200000, "totalCashFromOperatingActivities": 29956300000, "capitalExpenditures": -1733000000, "investments": -11027000000, "otherCashflowsFromInvestingActivities": 3300000, "totalCashflowsFromInvestingActivities": -12776200000, "dividendsPaid": -3750000000, "netBorrowings": -7051500000, "otherCashflowsFromFinancingActivities": -2545500000, "totalCashFromFinancingActivities": -13347000000, "changeInCash": 3833100000}, {"maxAge": 1, "endDate": "2017-03-31", "netIncome": 17231300000, "depreciation": 3690700000, "changeToNetincome": 3026500000, "changeToAccountReceivables": -2636900000, "changeToLiabilities": 1812300000, "changeToInventory": -2944200000, "changeToOperatingActivities": 496100000, "totalCashFromOperatingActivities": 20675800000, "capitalExpenditures": -5441900000, "investments": -26488700000, "otherCashflowsFromInvestingActivities": 197600000, "totalCashflowsFromInvestingActivities": -31750700000, "dividendsPaid": -1875000000, "netBorrowings": -3128400000, "otherCashflowsFromFinancingActivities": -2479000000, "totalCashFromFinancingActivities": -7482400000, "changeInCash": -18557200000}], "maxAge": 86400}, "indexTrend": {"maxAge": 1, "symbol": "SP5", "peRatio": 19.7411, "pegRatio": 1.34172, "estimates": [{"period": "0q", "growth": 0.549}, {"period": "+1q", "growth": 0.431}, {"period": "0y", "growth": 0.305}, {"period": "+1y", "growth": 0.109}, {"period": "+5y", "growth": 0.120865}, {"period": "-5y"}]}, "defaultKeyStatistics": {"maxAge": 1, "priceHint": 2, "enterpriseValue": 339346456576, "profitMargins": 0.099, "floatShares": 723070988, "sharesOutstanding": 1500000000, "heldPercentInsiders": 0.50102, "heldPercentInstitutions": 0.27295, "beta": 0.500228, "category": null, "bookValue": 76.604, "priceToBook": 3.132343, "fundFamily": null, "legalType": null, "lastFiscalYearEnd": "2020-03-31 05:30:00", "nextFiscalYearEnd": "2022-03-31 05:30:00", "mostRecentQuarter": "2020-12-31 05:30:00", "earningsQuarterlyGrowth": 0.299, "netIncomeToCommon": 26745100288, "trailingEps": 17.832, "forwardEps": 17.67, "lastSplitFactor": "2:1", "lastSplitDate": "2017-07-03 05:30:00", "enterpriseToRevenue": 1.256, "enterpriseToEbitda": 7.991}, "industryTrend": {"maxAge": 1, "symbol": null, "estimates": []}, "quoteType": {"exchange": "NSI", "quoteType": "EQUITY", "symbol": "PETRONET.NS", "underlyingSymbol": "PETRONET.NS", "shortName": "PETRONET LNG", "longName": "Petronet LNG Limited", "firstTradeDateEpochUtc": "2004-03-26 09:15:00", "timeZoneFullName": "Asia/Kolkata", "timeZoneShortName": "IST", "uuid": "6318daf6-7028-394a-bf87-7d49a18f2e27", "gmtOffSetMilliseconds": 19800000, "maxAge": 1}, "incomeStatementHistory": {"incomeStatementHistory": [{"maxAge": 1, "endDate": "2020-03-31", "totalRevenue": 354520000000, "costOfRevenue": 305138400000, "grossProfit": 49381600000, "researchDevelopment": {}, "sellingGeneralAdministrative": 1322600000, "nonRecurring": {}, "otherOperatingExpenses": 5359800000, "totalOperatingExpenses": 319572900000, "operatingIncome": 34947100000, "totalOtherIncomeExpenseNet": -3783100000, "ebit": 34947100000, "interestExpense": -3947500000, "incomeBeforeTax": 31164000000, "incomeTaxExpense": 4130500000, "minorityInterest": {}, "netIncomeFromContinuingOps": 27033500000, "discontinuedOperations": {}, "extraordinaryItems": {}, "effectOfAccountingCharges": {}, "otherItems": {}, "netIncome": 27033500000, "netIncomeApplicableToCommonShares": 27033500000}, {"maxAge": 1, "endDate": "2019-03-31", "totalRevenue": 383954300000, "costOfRevenue": 344329200000, "grossProfit": 39625100000, "researchDevelopment": {}, "sellingGeneralAdministrative": 1386700000, "nonRecurring": {}, "otherOperatingExpenses": 5305000000, "totalOperatingExpenses": 355124100000, "operatingIncome": 28830200000, "totalOtherIncomeExpenseNet": 4256900000, "ebit": 28830200000, "interestExpense": -916700000, "incomeBeforeTax": 33087100000, "incomeTaxExpense": 10781500000, "minorityInterest": {}, "netIncomeFromContinuingOps": 22305600000, "discontinuedOperations": {}, "extraordinaryItems": {}, "effectOfAccountingCharges": {}, "otherItems": {}, "netIncome": 22305600000, "netIncomeApplicableToCommonShares": 22305600000}, {"maxAge": 1, "endDate": "2018-03-31", "totalRevenue": 305986200000, "costOfRevenue": 262635700000, "grossProfit": 43350500000, "researchDevelopment": {}, "sellingGeneralAdministrative": 5563600000, "nonRecurring": {}, "otherOperatingExpenses": 4016300000, "totalOperatingExpenses": 276332100000, "operatingIncome": 29654100000, "totalOtherIncomeExpenseNet": 1222900000, "ebit": 29654100000, "interestExpense": -2193600000, "incomeBeforeTax": 30877000000, "incomeTaxExpense": 9772600000, "minorityInterest": {}, "netIncomeFromContinuingOps": 21104400000, "discontinuedOperations": {}, "extraordinaryItems": {}, "effectOfAccountingCharges": {}, "otherItems": {}, "netIncome": 21104400000, "netIncomeApplicableToCommonShares": 21104400000}, {"maxAge": 1, "endDate": "2017-03-31", "totalRevenue": 246160300000, "costOfRevenue": 207903600000, "grossProfit": 38256700000, "researchDevelopment": {}, "sellingGeneralAdministrative": 7323100000, "nonRecurring": {}, "otherOperatingExpenses": 3947600000, "totalOperatingExpenses": 222865000000, "operatingIncome": 23295300000, "totalOtherIncomeExpenseNet": 481200000, "ebit": 23295300000, "interestExpense": -2993400000, "incomeBeforeTax": 23776500000, "incomeTaxExpense": 6545200000, "minorityInterest": {}, "netIncomeFromContinuingOps": 17231300000, "discontinuedOperations": {}, "extraordinaryItems": {}, "effectOfAccountingCharges": {}, "otherItems": {}, "netIncome": 17231300000, "netIncomeApplicableToCommonShares": 17231300000}], "maxAge": 86400}, "fundOwnership": {"ownershipList": [{"maxAge": 1, "reportDate": "2021-02-28", "organization": "Fidelity Emerging Markets Fund (US)", "pctHeld": 0.0149, "position": 22316300, "value": 5694003945}, {"maxAge": 1, "reportDate": "2020-12-31", "organization": "Smallcap World Fund", "pctHeld": 0.0117999995, "position": 17731356, "value": 4390283745}, {"maxAge": 1, "reportDate": "2021-02-28", "organization": "Fidelity Series Emerging Markets Opportunities Fund", "pctHeld": 0.0076, "position": 11387980, "value": 2905643097}, {"maxAge": 1, "reportDate": "2021-03-31", "organization": "Capital Income Builder, Inc.", "pctHeld": 0.0068, "position": 10248279, "value": 2302275877}, {"maxAge": 1, "reportDate": "2021-01-31", "organization": "Price (T.Rowe) International Value Equity Fund", "pctHeld": 0.0063, "position": 9392148, "value": 2225939076}, {"maxAge": 1, "reportDate": "2021-01-31", "organization": "Vanguard International Stock Index-Emerging Markets Stk", "pctHeld": 0.0058999998, "position": 8914338, "value": 2112698106}, {"maxAge": 1, "reportDate": "2021-01-31", "organization": "Vanguard International Stock Index-Total Intl Stock Indx", "pctHeld": 0.0053, "position": 7972611, "value": 1889508807}, {"maxAge": 1, "reportDate": "2021-03-31", "organization": "iShares Core MSCI Emerging Markets ETF", "pctHeld": 0.0044, "position": 6577752, "value": 1477691986}, {"maxAge": 1, "reportDate": "2020-12-31", "organization": "Price (T.Rowe) International Value Equity Trust", "pctHeld": 0.004, "position": 6013523, "value": 1488948294}, {"maxAge": 1, "reportDate": "2021-03-31", "organization": "iShares MSCI India ETF", "pctHeld": 0.0034999999, "position": 5253236, "value": 1180139467}], "maxAge": 1}, "summaryDetail": {"maxAge": 1, "priceHint": 2, "previousClose": 234.85, "open": 234.5, "dayLow": 234.2, "dayHigh": 243.65, "regularMarketPreviousClose": 234.85, "regularMarketOpen": 234.5, "regularMarketDayLow": 234.2, "regularMarketDayHigh": 243.65, "dividendRate": 15.0, "dividendYield": 0.0639, "exDividendDate": "2020-11-23 05:30:00", "payoutRatio": 0.84129995, "fiveYearAvgDividendYield": 2.27, "beta": 0.500228, "trailingPE": 13.456145, "forwardPE": 13.579513, "volume": 3755556, "regularMarketVolume": 3755556, "averageVolume": 4958095, "averageVolume10days": 2946257, "averageDailyVolume10Day": 2946257, "bid": 0.0, "ask": 0.0, "bidSize": 0, "askSize": 0, "marketCap": 360001765376, "fiftyTwoWeekLow": 196.0, "fiftyTwoWeekHigh": 280.75, "priceToSalesTrailing12Months": 1.3326129, "fiftyDayAverage": 240.76765, "twoHundredDayAverage": 241.98085, "trailingAnnualDividendRate": 7.0, "trailingAnnualDividendYield": 0.029806258, "currency": "INR", "fromCurrency": null, "lastMarket": null, "algorithm": null, "tradeable": false}, "insiderHolders": {"holders": [{"maxAge": 1, "name": "Asian Development Bank", "relation": "Institution- Corporation", "url": "", "transactionDescription": "Other", "latestTransDate": "2014-09-26", "positionDirect": 0, "positionDirectDate": "2014-09-26"}, {"maxAge": 1, "name": "Dasgupta (P)", "relation": "Managing Director", "url": "", "transactionDescription": "Sale", "latestTransDate": "2010-03-05", "positionDirect": 110000, "positionDirectDate": "2010-03-05"}], "maxAge": 1}, "calendarEvents": {"maxAge": 1, "earnings": {"earningsDate": [], "revenueAverage": 111260000000, "revenueLow": 111260000000, "revenueHigh": 111260000000}, "exDividendDate": "2020-11-23 05:30:00"}, "upgradeDowngradeHistory": {"history": [], "maxAge": 86400}, "price": {"maxAge": 1, "regularMarketChangePercent": 0.02171595, "regularMarketChange": 5.099991, "regularMarketTime": "2021-04-30 15:30:01", "priceHint": 2, "regularMarketPrice": 239.95, "regularMarketDayHigh": 243.65, "regularMarketDayLow": 234.2, "regularMarketVolume": 3755556, "averageDailyVolume10Day": 2946257, "averageDailyVolume3Month": 4958095, "regularMarketPreviousClose": 234.85, "regularMarketSource": "FREE_REALTIME", "regularMarketOpen": 234.5, "exchange": "NSI", "exchangeName": "NSE", "exchangeDataDelayedBy": 15, "marketState": "CLOSED", "quoteType": "EQUITY", "symbol": "PETRONET.NS", "underlyingSymbol": null, "shortName": "PETRONET LNG", "longName": "Petronet LNG Limited", "currency": "INR", "quoteSourceName": "Delayed Quote", "currencySymbol": "\u20b9", "fromCurrency": null, "lastMarket": null, "marketCap": 360001765376}, "balanceSheetHistory": {"balanceSheetStatements": [{"maxAge": 1, "endDate": "2020-03-31", "cash": 9760200000, "shortTermInvestments": 34408000000, "netReceivables": 19183600000, "inventory": 4808900000, "otherCurrentAssets": 329500000, "totalCurrentAssets": 70488200000, "longTermInvestments": 3823300000, "propertyPlantEquipment": 111926700000, "intangibleAssets": 2000000, "otherAssets": 2428800000, "totalAssets": 188669000000, "accountsPayable": 11660700000, "shortLongTermDebt": 368100000, "otherCurrentLiab": 2940200000, "longTermDebt": 643900000, "otherLiab": 19189600000, "totalCurrentLiabilities": 24236100000, "totalLiab": 77459800000, "commonStock": 15000000000, "retainedEarnings": 96270800000, "treasuryStock": -61600000, "otherStockholderEquity": -61600000, "totalStockholderEquity": 111209200000, "netTangibleAssets": 111207200000}, {"maxAge": 1, "endDate": "2019-03-31", "cash": 2265800000, "shortTermInvestments": 27220000000, "netReceivables": 15594900000, "inventory": 5694400000, "otherCurrentAssets": 492800000, "totalCurrentAssets": 59618000000, "longTermInvestments": 11308900000, "propertyPlantEquipment": 80122400000, "intangibleAssets": 10500000, "otherAssets": 1433600000, "totalAssets": 152493400000, "accountsPayable": 12952400000, "shortLongTermDebt": 6322000000, "otherCurrentLiab": 1561900000, "longTermDebt": 1012000000, "otherLiab": 24332000000, "totalCurrentLiabilities": 24843600000, "totalLiab": 50187600000, "commonStock": 15000000000, "retainedEarnings": 85839100000, "treasuryStock": 1466700000, "otherStockholderEquity": 1466700000, "totalStockholderEquity": 102305800000, "netTangibleAssets": 102295300000}, {"maxAge": 1, "endDate": "2018-03-31", "cash": 7043000000, "shortTermInvestments": 1510000000, "netReceivables": 16523100000, "inventory": 4911000000, "otherCurrentAssets": 527600000, "totalCurrentAssets": 70177800000, "longTermInvestments": 3529300000, "propertyPlantEquipment": 82475000000, "intangibleAssets": 23900000, "otherAssets": 1239300000, "totalAssets": 157445300000, "accountsPayable": 15699000000, "shortLongTermDebt": 7196400000, "otherCurrentLiab": 1067700000, "longTermDebt": 7334100000, "otherLiab": 23396100000, "totalCurrentLiabilities": 28602200000, "totalLiab": 59332400000, "commonStock": 15000000000, "retainedEarnings": 81175900000, "treasuryStock": 1937000000, "otherStockholderEquity": 1937000000, "totalStockholderEquity": 98112900000, "netTangibleAssets": 98089000000}, {"maxAge": 1, "endDate": "2017-03-31", "cash": 3209900000, "netReceivables": 12118200000, "inventory": 5405200000, "otherCurrentAssets": 513500000, "totalCurrentAssets": 49026300000, "longTermInvestments": 4096800000, "propertyPlantEquipment": 84670600000, "intangibleAssets": 45300000, "otherAssets": 1296900000, "totalAssets": 139135900000, "accountsPayable": 9446000000, "shortLongTermDebt": 7679700000, "otherCurrentLiab": 1258300000, "longTermDebt": 14500300000, "otherLiab": 21225000000, "totalCurrentLiabilities": 21626800000, "totalLiab": 57352100000, "commonStock": 7500000000, "retainedEarnings": 70044900000, "treasuryStock": 2684300000, "capitalSurplus": 1554600000, "otherStockholderEquity": 2684300000, "totalStockholderEquity": 81783800000, "netTangibleAssets": 81738500000}], "maxAge": 86400}, "earningsTrend": {"trend": [{"maxAge": 1, "period": "0q", "endDate": "2018-12-31", "growth": {}, "earningsEstimate": {"avg": 0.0, "low": 0.0, "high": 0.0, "yearAgoEps": 3.53, "numberOfAnalysts": 0, "growth": {}}, "revenueEstimate": {"avg": 111260000000, "low": 111260000000, "high": 111260000000, "numberOfAnalysts": 1, "yearAgoRevenue": 77570600000, "growth": 0.43400002}, "epsTrend": {"current": 0.0, "7daysAgo": 3.83, "30daysAgo": 3.83, "60daysAgo": 3.83, "90daysAgo": 3.83}, "epsRevisions": {"upLast7days": 0, "upLast30days": 0, "downLast30days": 0, "downLast90days": {}}}, {"maxAge": 1, "period": "+1q", "endDate": "2019-03-31", "growth": {}, "earningsEstimate": {"avg": 0.0, "low": 0.0, "high": 0.0, "yearAgoEps": 3.48, "numberOfAnalysts": 0, "growth": {}}, "revenueEstimate": {"avg": 113193000000, "low": 113193000000, "high": 113193000000, "numberOfAnalysts": 1, "yearAgoRevenue": 86362300000, "growth": 0.311}, "epsTrend": {"current": 0.0, "7daysAgo": 4.04, "30daysAgo": 4.04, "60daysAgo": 4.04, "90daysAgo": 4.04}, "epsRevisions": {"upLast7days": 0, "upLast30days": 0, "downLast30days": 0, "downLast90days": {}}}, {"maxAge": 1, "period": "0y", "endDate": "2019-03-31", "growth": {}, "earningsEstimate": {"avg": 0.0, "low": 0.0, "high": 0.0, "yearAgoEps": {}, "numberOfAnalysts": 0, "growth": {}}, "revenueEstimate": {"avg": 395833000000, "low": 300863000000, "high": 524152000000, "numberOfAnalysts": 27, "yearAgoRevenue": 305986000000, "growth": 0.294}, "epsTrend": {"current": 0.0, "7daysAgo": 15.19, "30daysAgo": 15.19, "60daysAgo": 15.19, "90daysAgo": 15.19}, "epsRevisions": {"upLast7days": 0, "upLast30days": 1, "downLast30days": 0, "downLast90days": {}}}, {"maxAge": 1, "period": "+1y", "endDate": "2020-03-31", "growth": {}, "earningsEstimate": {"avg": 0.0, "low": 0.0, "high": 0.0, "yearAgoEps": {}, "numberOfAnalysts": 0, "growth": {}}, "revenueEstimate": {"avg": 452881000000, "low": 309124000000, "high": 576433000000, "numberOfAnalysts": 26, "yearAgoRevenue": 395833000000, "growth": 0.144}, "epsTrend": {"current": 0.0, "7daysAgo": 17.67, "30daysAgo": 17.67, "60daysAgo": 17.67, "90daysAgo": 17.67}, "epsRevisions": {"upLast7days": 0, "upLast30days": 0, "downLast30days": 1, "downLast90days": {}}}, {"maxAge": 1, "period": "+5y", "endDate": null, "growth": 0.19600001, "earningsEstimate": {"avg": {}, "low": {}, "high": {}, "yearAgoEps": {}, "numberOfAnalysts": {}, "growth": {}}, "revenueEstimate": {"avg": {}, "low": {}, "high": {}, "numberOfAnalysts": {}, "yearAgoRevenue": {}, "growth": {}}, "epsTrend": {"current": {}, "7daysAgo": {}, "30daysAgo": {}, "60daysAgo": {}, "90daysAgo": {}}, "epsRevisions": {"upLast7days": {}, "upLast30days": {}, "downLast30days": {}, "downLast90days": {}}}, {"maxAge": 1, "period": "-5y", "endDate": null, "growth": {}, "earningsEstimate": {"avg": {}, "low": {}, "high": {}, "yearAgoEps": {}, "numberOfAnalysts": {}, "growth": {}}, "revenueEstimate": {"avg": {}, "low": {}, "high": {}, "numberOfAnalysts": {}, "yearAgoRevenue": {}, "growth": {}}, "epsTrend": {"current": {}, "7daysAgo": {}, "30daysAgo": {}, "60daysAgo": {}, "90daysAgo": {}}, "epsRevisions": {"upLast7days": {}, "upLast30days": {}, "downLast30days": {}, "downLast90days": {}}}], "maxAge": 1}, "institutionOwnership": {"ownershipList": [{"maxAge": 1, "reportDate": "2020-12-31", "organization": "Stanley-Laman Group, Ltd.", "pctHeld": 0.0002, "position": 259310, "value": 64205156}], "maxAge": 1}, "majorHoldersBreakdown": {"maxAge": 1, "insidersPercentHeld": 0.50102, "institutionsPercentHeld": 0.27295, "institutionsFloatPercentHeld": 0.54702, "institutionsCount": 196}, "balanceSheetHistoryQuarterly": {"balanceSheetStatements": [{"maxAge": 1, "endDate": "2020-12-31", "totalStockholderEquity": 114901900000, "netTangibleAssets": 114899000000}, {"maxAge": 1, "endDate": "2020-09-30", "cash": 39664500000, "shortTermInvestments": 12397600000, "netReceivables": 13829800000, "inventory": 7339100000, "otherCurrentAssets": 768700000, "totalCurrentAssets": 73999700000, "longTermInvestments": 5687613000, "propertyPlantEquipment": 107480700000, "intangibleAssets": 2900000, "otherAssets": 2252387000, "totalAssets": 189423300000, "accountsPayable": 11322000000, "shortLongTermDebt": 6931400000, "otherCurrentLiab": 4457300000, "longTermDebt": 459900000, "otherLiab": 19518500000, "totalCurrentLiabilities": 22820700000, "totalLiab": 74521400000, "commonStock": 15000000000, "treasuryStock": 99901900000, "otherStockholderEquity": 99901900000, "totalStockholderEquity": 114901900000, "netTangibleAssets": 114899000000}, {"maxAge": 1, "endDate": "2020-06-30", "totalStockholderEquity": 111209200000, "netTangibleAssets": 111207200000}, {"maxAge": 1, "endDate": "2020-03-31", "cash": 9760200000, "shortTermInvestments": 34408000000, "netReceivables": 19183600000, "inventory": 4808900000, "otherCurrentAssets": 329500000, "totalCurrentAssets": 70488200000, "longTermInvestments": 3823300000, "propertyPlantEquipment": 111926700000, "intangibleAssets": 2000000, "otherAssets": 2428800000, "totalAssets": 188669000000, "accountsPayable": 11660700000, "shortLongTermDebt": 368100000, "otherCurrentLiab": 2940200000, "longTermDebt": 643900000, "otherLiab": 19189600000, "totalCurrentLiabilities": 24236100000, "totalLiab": 77459800000, "commonStock": 15000000000, "retainedEarnings": 96270800000, "treasuryStock": -61600000, "otherStockholderEquity": -61600000, "totalStockholderEquity": 111209200000, "netTangibleAssets": 111207200000}], "maxAge": 86400}, "earningsHistory": {"history": [{"maxAge": 1, "epsActual": 3.53, "epsEstimate": 3.41, "epsDifference": 0.12, "surprisePercent": 0.035, "quarter": "2017-12-31", "period": "-4q"}, {"maxAge": 1, "epsActual": 3.48, "epsEstimate": 3.67, "epsDifference": -0.19, "surprisePercent": -0.051999997, "quarter": "2018-03-31", "period": "-3q"}, {"maxAge": 1, "epsActual": 3.91, "epsEstimate": 3.5, "epsDifference": 0.41, "surprisePercent": 0.117, "quarter": "2018-06-30", "period": "-2q"}, {"maxAge": 1, "epsActual": 3.75, "epsEstimate": 3.86, "epsDifference": -0.11, "surprisePercent": -0.027999999, "quarter": "2018-09-30", "period": "-1q"}], "maxAge": 86400}, "summaryProfile": {"address1": "World Trade Centre", "address2": "1st Floor Babar Road Barakhamba Lane", "city": "New Delhi", "zip": "110001", "country": "India", "phone": "91 11 2341 1411", "fax": "91 11 2347 2550", "website": "http://www.petronetlng.com", "industry": "Oil & Gas Refining & Marketing", "sector": "Energy", "longBusinessSummary": "Petronet LNG Limited engages in the import, regasification, and supply of liquefied natural gas (LNG) in India. The company owns and operates a LNG import and regasification terminal with name plate capacity of 17.5 MMTPA located in Dahej, Gujarat; and a LNG terminal with name plate capacity of 5 MMTPA located in Kochi, Kerala. Petronet LNG Limited was founded in 1998 and is based in New Delhi, India.", "fullTimeEmployees": 508, "companyOfficers": [], "maxAge": 86400}, "netSharePurchaseActivity": {"maxAge": 1, "period": "6m", "buyInfoCount": 0, "buyInfoShares": 0, "sellInfoCount": 0, "netInfoCount": 0, "netInfoShares": 0, "netPercentInsiderShares": 0.0, "totalInsiderShares": 751572608}, "insiderTransactions": {"transactions": [{"maxAge": 1, "shares": 39000000, "filerUrl": "", "transactionText": "", "filerName": "Asian Development Bank", "filerRelation": "Institution- Corporation", "moneyText": "", "startDate": "2014-09-26", "ownership": "D"}, {"maxAge": 1, "shares": 25000, "filerUrl": "", "transactionText": "", "filerName": "Dasgupta (P)", "filerRelation": "Managing Director", "moneyText": "", "startDate": "2010-03-05", "ownership": "D"}, {"maxAge": 1, "shares": 40000, "filerUrl": "", "transactionText": "", "filerName": "Dasgupta (P)", "filerRelation": "Managing Director", "moneyText": "", "startDate": "2010-03-05", "ownership": "D"}, {"maxAge": 1, "shares": 25000, "filerUrl": "", "transactionText": "", "filerName": "Dasgupta (P)", "filerRelation": "Managing Director", "moneyText": "", "startDate": "2009-12-09", "ownership": "D"}], "maxAge": 1}, "sectorTrend": {"maxAge": 1, "symbol": null, "estimates": []}, "incomeStatementHistoryQuarterly": {"incomeStatementHistory": [{"maxAge": 1, "endDate": "2020-12-31", "totalRevenue": 73282300000, "costOfRevenue": 58433700000, "grossProfit": 14848600000, "researchDevelopment": {}, "sellingGeneralAdministrative": 343300000, "nonRecurring": {}, "otherOperatingExpenses": 1152400000, "totalOperatingExpenses": 61854300000, "operatingIncome": 11428000000, "totalOtherIncomeExpenseNet": 331400000, "ebit": 11428000000, "interestExpense": -815000000, "incomeBeforeTax": 11759400000, "incomeTaxExpense": 2938900000, "minorityInterest": {}, "netIncomeFromContinuingOps": 8820500000, "discontinuedOperations": {}, "extraordinaryItems": {}, "effectOfAccountingCharges": {}, "otherItems": {}, "netIncome": 8820500000, "netIncomeApplicableToCommonShares": 8820500000}, {"maxAge": 1, "endDate": "2020-09-30", "totalRevenue": 62357800000, "costOfRevenue": 47199200000, "grossProfit": 15158600000, "researchDevelopment": {}, "sellingGeneralAdministrative": 338300000, "nonRecurring": {}, "otherOperatingExpenses": 1188100000, "totalOperatingExpenses": 50677500000, "operatingIncome": 11680300000, "totalOtherIncomeExpenseNet": 667100000, "ebit": 11680300000, "interestExpense": -850200000, "incomeBeforeTax": 12347400000, "incomeTaxExpense": 3152700000, "minorityInterest": {}, "netIncomeFromContinuingOps": 9194700000, "discontinuedOperations": {}, "extraordinaryItems": {}, "effectOfAccountingCharges": {}, "otherItems": {}, "netIncome": 9194700000, "netIncomeApplicableToCommonShares": 9194700000}, {"maxAge": 1, "endDate": "2020-06-30", "totalRevenue": 48835700000, "costOfRevenue": 38365400000, "grossProfit": 10470300000, "researchDevelopment": {}, "sellingGeneralAdministrative": 360000000, "nonRecurring": {}, "otherOperatingExpenses": 1010900000, "totalOperatingExpenses": 41672100000, "operatingIncome": 7163600000, "totalOtherIncomeExpenseNet": -402000000, "ebit": 7163600000, "interestExpense": -881400000, "incomeBeforeTax": 6761600000, "incomeTaxExpense": 1763700000, "minorityInterest": {}, "netIncomeFromContinuingOps": 4997900000, "discontinuedOperations": {}, "extraordinaryItems": {}, "effectOfAccountingCharges": {}, "otherItems": {}, "netIncome": 4997900000, "netIncomeApplicableToCommonShares": 4997900000}, {"maxAge": 1, "endDate": "2020-03-31", "totalRevenue": 85671500000, "costOfRevenue": 74538700000, "grossProfit": 11132800000, "researchDevelopment": {}, "sellingGeneralAdministrative": 354100000, "nonRecurring": {}, "otherOperatingExpenses": 999000000, "totalOperatingExpenses": 77824800000, "operatingIncome": 7846700000, "totalOtherIncomeExpenseNet": -2842400000, "ebit": 7846700000, "interestExpense": -950800000, "incomeBeforeTax": 5004300000, "incomeTaxExpense": 1272300000, "minorityInterest": {}, "netIncomeFromContinuingOps": 3732000000, "discontinuedOperations": {}, "extraordinaryItems": {}, "effectOfAccountingCharges": {}, "otherItems": {}, "netIncome": 3732000000, "netIncomeApplicableToCommonShares": 3732000000}], "maxAge": 86400}, "cashflowStatementHistoryQuarterly": {"cashflowStatements": [{"maxAge": 1, "endDate": "2020-12-31", "netIncome": 8820500000, "changeToLiabilities": 0}, {"maxAge": 1, "endDate": "2020-09-30", "netIncome": 9194700000, "changeToLiabilities": 0}, {"maxAge": 1, "endDate": "2020-06-30", "netIncome": 4997900000, "changeToLiabilities": 0}, {"maxAge": 1, "endDate": "2020-03-31", "netIncome": 3732000000, "changeToLiabilities": 0}], "maxAge": 86400}, "earnings": {"maxAge": 86400, "earningsChart": {"quarterly": [{"date": "4Q2017", "actual": 3.53, "estimate": 3.41}, {"date": "1Q2018", "actual": 3.48, "estimate": 3.67}, {"date": "2Q2018", "actual": 3.91, "estimate": 3.5}, {"date": "3Q2018", "actual": 3.75, "estimate": 3.86}], "currentQuarterEstimateDate": "4Q", "currentQuarterEstimateYear": 2018, "earningsDate": []}, "financialsChart": {"yearly": [{"date": 2017, "revenue": 246160300000, "earnings": 17231300000}, {"date": 2018, "revenue": 305986200000, "earnings": 21104400000}, {"date": 2019, "revenue": 383954300000, "earnings": 22305600000}, {"date": 2020, "revenue": 354520000000, "earnings": 27033500000}], "quarterly": [{"date": "1Q2020", "revenue": 85671500000, "earnings": 3732000000}, {"date": "2Q2020", "revenue": 48835700000, "earnings": 4997900000}, {"date": "3Q2020", "revenue": 62357800000, "earnings": 9194700000}, {"date": "4Q2020", "revenue": 73282300000, "earnings": 8820500000}]}, "financialCurrency": "INR"}, "financialData": {"maxAge": 86400, "currentPrice": 239.95, "targetHighPrice": 340.0, "targetLowPrice": 222.0, "targetMeanPrice": 271.61, "targetMedianPrice": 270.0, "recommendationKey": "none", "numberOfAnalystOpinions": 36, "totalCash": 52062101504, "totalCashPerShare": 34.706, "ebitda": 42463924224, "totalDebt": 39113601024, "totalRevenue": 270147305472, "debtToEquity": 34.041, "revenuePerShare": 180.118, "grossProfits": 49381600000, "earningsGrowth": 0.298, "revenueGrowth": -0.178, "grossMargins": 0.19105, "ebitdaMargins": 0.15719, "operatingMargins": 0.14109999, "profitMargins": 0.099, "financialCurrency": "INR"}}}