{"PFC.NS": {"assetProfile": {"address1": "Urjanidhi", "address2": "1, Barakhamba Lane Connaught Place", "city": "New Delhi", "zip": "110001", "country": "India", "phone": "91 11 2345 6000", "fax": "91 11 2341 2545", "website": "http://www.pfcindia.com", "industry": "Credit Services", "sector": "Financial Services", "longBusinessSummary": "Power Finance Corporation Limited, a non-banking finance company, provides financial products and related advisory, and other services to the power sector in India. The company offers fund based financial policies/products, including guidelines for solar and wind power generation projects, as well as for funding private sector independent transmission projects; debt refinancing and prepayment policy for solar wind projects; takeout financing, asset acquisition, bridge and corporate loan, buyer's line of credit, credit facility for purchase of power through power exchange, energy saving project, and project and short-term loan services; lease financing for the purchase of equipment and wind power projects; financing of fuel supply projects and equipment manufacturers; grants/interest free loans for studies/consultancies; line of credit for import of coal; policy for investment in equity of power projects; guidelines for funding grid connected solar thermal private sector power generation projects; policy for underwriting of debt; refinancing of debt of commissioned projects along with additional corporate loans for new-expansion-acquisition of projects; and financial assistance to distribution franchisee. It also provides non-fund based policies/products comprising guarantees, letter of comfort, and policy for guarantee for credit enhancement. Power Finance Corporation Limited was founded in 1986 and is headquartered in New Delhi, India.", "fullTimeEmployees": 484, "companyOfficers": [{"maxAge": 1, "name": "Mr. Ravinder Singh Dhillon", "age": 57, "title": "Chairman, CEO & MD", "yearBorn": 1963, "fiscalYear": 2020, "totalPay": 4642109, "exercisedValue": 0, "unexercisedValue": 0}, {"maxAge": 1, "name": "Mr. Manohar  Balwani", "title": "Chief Gen. Mang., Compliance Officer & Company Sec.", "fiscalYear": 2020, "totalPay": 4985834, "exercisedValue": 0, "unexercisedValue": 0}, {"maxAge": 1, "name": "Mr. Praveen Kumar Singh", "age": 58, "title": "Director of Commercial, Additional Charge Director of Projects & Exec. Director", "yearBorn": 1962, "fiscalYear": 2020, "totalPay": 7339619, "exercisedValue": 0, "unexercisedValue": 0}, {"maxAge": 1, "name": "Ms. Parminder  Chopra", "age": 53, "title": "Director of Fin., CFO & Director", "yearBorn": 1967, "exercisedValue": 0, "unexercisedValue": 0}, {"maxAge": 1, "name": "S. S. Rao", "title": "Head of The PR Department", "exercisedValue": 0, "unexercisedValue": 0}, {"maxAge": 1, "name": "Mr. Ashwani  Sharma", "age": 68, "title": "Exec. VP", "yearBorn": 1952, "exercisedValue": 0, "unexercisedValue": 0}, {"maxAge": 1, "name": "Mr. Birendra  Kumar", "title": "Chief Vigilance Officer", "exercisedValue": 0, "unexercisedValue": 0}, {"maxAge": 1, "name": "Mr. B.S.  Bisht", "title": "Chief Risk Officer", "exercisedValue": 0, "unexercisedValue": 0}, {"maxAge": 1, "name": "Mr. N. D. Tyagi", "age": 64, "title": "Exec. Director of Facilitation Group and Chief Exec. Officer of PFC Consulting Limited", "yearBorn": 1956, "fiscalYear": 2012, "exercisedValue": 0, "unexercisedValue": 0}, {"maxAge": 1, "name": "Mrs. Nalini  Vajani", "title": "Exec. Director of Fin Ed (Fin.) - I and CEO of PFC Capital Advisory Services Ltd", "fiscalYear": 2012, "exercisedValue": 0, "unexercisedValue": 0}], "auditRisk": 8, "boardRisk": 10, "compensationRisk": 1, "shareHolderRightsRisk": 4, "overallRisk": 9, "governanceEpochDate": "2021-04-01 05:30:00", "compensationAsOfEpochDate": "2020-12-31 05:30:00", "maxAge": 86400}, "recommendationTrend": {"trend": [{"period": "0m", "strongBuy": 0, "buy": 0, "hold": 0, "sell": 0, "strongSell": 0}, {"period": "-1m", "strongBuy": 4, "buy": 6, "hold": 2, "sell": 2, "strongSell": 5}, {"period": "-2m", "strongBuy": 4, "buy": 6, "hold": 2, "sell": 2, "strongSell": 5}, {"period": "-3m", "strongBuy": 3, "buy": 7, "hold": 2, "sell": 2, "strongSell": 5}], "maxAge": 86400}, "cashflowStatementHistory": {"cashflowStatements": [{"maxAge": 1, "endDate": "2020-03-31", "netIncome": 71221300000, "depreciation": 201100000, "changeToNetincome": 104770100000, "changeToLiabilities": 0, "changeToOperatingActivities": -603134700000, "totalCashFromOperatingActivities": -426899000000, "capitalExpenditures": -1305200000, "investments": 66200000, "otherCashflowsFromInvestingActivities": 5926900000, "totalCashflowsFromInvestingActivities": 4698100000, "dividendsPaid": -35346800000, "netBorrowings": 476592900000, "otherCashflowsFromFinancingActivities": -7259500000, "totalCashFromFinancingActivities": 433986600000, "changeInCash": 11785700000}, {"maxAge": 1, "endDate": "2019-03-31", "netIncome": 99208600000, "depreciation": 136600000, "changeToNetincome": 27501500000, "changeToLiabilities": 0, "changeToOperatingActivities": -933013600000, "totalCashFromOperatingActivities": -802518200000, "capitalExpenditures": -994600000, "investments": 6483900000, "otherCashflowsFromInvestingActivities": 4877700000, "totalCashflowsFromInvestingActivities": -134630200000, "dividendsPaid": -25115000000, "netBorrowings": 966748400000, "otherCashflowsFromFinancingActivities": -5469000000, "totalCashFromFinancingActivities": 936164400000, "changeInCash": -984000000}, {"maxAge": 1, "endDate": "2018-03-31", "netIncome": 66886900000, "depreciation": 137300000, "changeToNetincome": 53132000000, "changeToLiabilities": 0, "changeToOperatingActivities": -693228500000, "totalCashFromOperatingActivities": -571475600000, "capitalExpenditures": -897700000, "investments": 8966800000, "otherCashflowsFromInvestingActivities": 6017800000, "totalCashflowsFromInvestingActivities": 14091300000, "dividendsPaid": -44641500000, "netBorrowings": 573700000000, "otherCashflowsFromFinancingActivities": -8873600000, "totalCashFromFinancingActivities": 520184900000, "changeInCash": -37199500000}, {"maxAge": 1, "endDate": "2017-03-31", "netIncome": 22361000000, "depreciation": 398800000, "changeToNetincome": 50646500000, "changeToLiabilities": 0, "changeToOperatingActivities": -55463400000, "totalCashFromOperatingActivities": 17954600000, "capitalExpenditures": -1245300000, "investments": -5976700000, "otherCashflowsFromInvestingActivities": 1126600000, "totalCashflowsFromInvestingActivities": -6670900000, "dividendsPaid": -794900000, "netBorrowings": 22325000000, "otherCashflowsFromFinancingActivities": -2340800000, "totalCashFromFinancingActivities": 19503200000, "changeInCash": 30786900000, "issuanceOfStock": 313900000}], "maxAge": 86400}, "indexTrend": {"maxAge": 1, "symbol": "SP5", "peRatio": 19.7411, "pegRatio": 1.34172, "estimates": [{"period": "0q", "growth": 0.549}, {"period": "+1q", "growth": 0.431}, {"period": "0y", "growth": 0.305}, {"period": "+1y", "growth": 0.109}, {"period": "+5y", "growth": 0.120865}, {"period": "-5y"}]}, "defaultKeyStatistics": {"maxAge": 1, "priceHint": 2, "enterpriseValue": 6826705289216, "profitMargins": 0.34441003, "floatShares": 1161662220, "sharesOutstanding": 2640079872, "heldPercentInsiders": 0.59396, "heldPercentInstitutions": 0.29702, "beta": 0.577889, "category": null, "bookValue": 226.414, "priceToBook": 0.47876897, "fundFamily": null, "legalType": null, "lastFiscalYearEnd": "2020-03-31 05:30:00", "nextFiscalYearEnd": "2022-03-31 05:30:00", "mostRecentQuarter": "2020-12-31 05:30:00", "earningsQuarterlyGrowth": 0.114, "netIncomeToCommon": 92951601152, "trailingEps": 35.207, "forwardEps": 25.56, "lastSplitFactor": "2:1", "lastSplitDate": "2016-08-26 05:30:00", "enterpriseToRevenue": 25.295}, "industryTrend": {"maxAge": 1, "symbol": null, "estimates": []}, "quoteType": {"exchange": "NSI", "quoteType": "EQUITY", "symbol": "PFC.NS", "underlyingSymbol": "PFC.NS", "shortName": "POWER FINANCE CORP", "longName": "Power Finance Corporation Limited", "firstTradeDateEpochUtc": "2007-02-23 09:15:00", "timeZoneFullName": "Asia/Kolkata", "timeZoneShortName": "IST", "uuid": "2bd34e88-8a79-31f3-b0ed-01e1cc456ed6", "gmtOffSetMilliseconds": 19800000, "maxAge": 1}, "incomeStatementHistory": {"incomeStatementHistory": [{"maxAge": 1, "endDate": "2020-03-31", "totalRevenue": 217381100000, "costOfRevenue": 1397200000, "grossProfit": 215983900000, "researchDevelopment": {}, "sellingGeneralAdministrative": 7762200000, "nonRecurring": {}, "otherOperatingExpenses": -1531600000, "totalOperatingExpenses": 7872100000, "operatingIncome": 209509000000, "totalOtherIncomeExpenseNet": -68582300000, "ebit": 0, "interestExpense": {}, "incomeBeforeTax": 140926700000, "incomeTaxExpense": 46154200000, "minorityInterest": 167655700000, "netIncomeFromContinuingOps": 94772500000, "discontinuedOperations": {}, "extraordinaryItems": {}, "effectOfAccountingCharges": {}, "otherItems": {}, "netIncome": 71221300000, "netIncomeApplicableToCommonShares": 71221300000}, {"maxAge": 1, "endDate": "2019-03-31", "totalRevenue": 195600600000, "costOfRevenue": 1424900000, "grossProfit": 194175700000, "researchDevelopment": {}, "sellingGeneralAdministrative": 6645600000, "nonRecurring": {}, "otherOperatingExpenses": 5118800000, "totalOperatingExpenses": 13344000000, "operatingIncome": 182256600000, "totalOtherIncomeExpenseNet": -3636300000, "ebit": 0, "interestExpense": {}, "incomeBeforeTax": 178620300000, "incomeTaxExpense": 52217600000, "minorityInterest": 163630200000, "netIncomeFromContinuingOps": 126402700000, "discontinuedOperations": {}, "extraordinaryItems": {}, "effectOfAccountingCharges": {}, "otherItems": {}, "netIncome": 99208600000, "netIncomeApplicableToCommonShares": 99208600000}, {"maxAge": 1, "endDate": "2018-03-31", "totalRevenue": 183521600000, "costOfRevenue": 1759700000, "grossProfit": 181761900000, "researchDevelopment": {}, "sellingGeneralAdministrative": 5632500000, "nonRecurring": {}, "otherOperatingExpenses": 9172300000, "totalOperatingExpenses": 16710900000, "operatingIncome": 166810700000, "totalOtherIncomeExpenseNet": -49016300000, "ebit": 0, "interestExpense": {}, "incomeBeforeTax": 117794400000, "incomeTaxExpense": 29827500000, "minorityInterest": 154352200000, "netIncomeFromContinuingOps": 87966900000, "discontinuedOperations": {}, "extraordinaryItems": {}, "effectOfAccountingCharges": {}, "otherItems": {}, "netIncome": 66886900000, "netIncomeApplicableToCommonShares": 66886900000}, {"maxAge": 1, "endDate": "2017-03-31", "totalRevenue": 61346300000, "costOfRevenue": 59600000, "grossProfit": 61286700000, "researchDevelopment": {}, "sellingGeneralAdministrative": 3161400000, "nonRecurring": {}, "otherOperatingExpenses": 2095600000, "totalOperatingExpenses": 5724800000, "operatingIncome": 55621500000, "totalOtherIncomeExpenseNet": -2984600000, "ebit": 0, "interestExpense": {}, "incomeBeforeTax": 52636900000, "incomeTaxExpense": 30275900000, "minorityInterest": 154352200000, "netIncomeFromContinuingOps": 22361000000, "discontinuedOperations": {}, "extraordinaryItems": {}, "effectOfAccountingCharges": {}, "otherItems": {}, "netIncome": 22361000000, "netIncomeApplicableToCommonShares": 22361000000}], "maxAge": 86400}, "fundOwnership": {"ownershipList": [{"maxAge": 1, "reportDate": "2021-01-31", "organization": "Vanguard International Stock Index-Emerging Markets Stk", "pctHeld": 0.0041, "position": 10793746, "value": 1185153310}, {"maxAge": 1, "reportDate": "2021-01-31", "organization": "Vanguard International Stock Index-Total Intl Stock Indx", "pctHeld": 0.0037, "position": 9780029, "value": 1073847184}, {"maxAge": 1, "reportDate": "2021-01-31", "organization": "DFA Emerging Markets Core Equity Portfolio", "pctHeld": 0.0022, "position": 5937268, "value": 651912026}, {"maxAge": 1, "reportDate": "2021-02-28", "organization": "WisdomTree Tr-WisdomTree India Earnings Fd", "pctHeld": 0.0019, "position": 5099840, "value": 632380160}, {"maxAge": 1, "reportDate": "2020-11-30", "organization": "GMO Implementation Fund", "pctHeld": 0.0019, "position": 4935078, "value": 533975439}, {"maxAge": 1, "reportDate": "2021-01-31", "organization": "DFA Investment Dimensions-DFA Emerging Mkts Value", "pctHeld": 0.0018000001, "position": 4872837, "value": 535037502}, {"maxAge": 1, "reportDate": "2021-01-31", "organization": "Goldman Sachs Emerging Markets Equity Insights Fund", "pctHeld": 0.001, "position": 2665737, "value": 292697922}, {"maxAge": 1, "reportDate": "2020-12-31", "organization": "PIMCO Equity Series-PIMCO RAE Emerging Markets Fd", "pctHeld": 0.001, "position": 2526530, "value": 288782379}, {"maxAge": 1, "reportDate": "2021-02-28", "organization": "GMO Benchmark-Free Fund", "pctHeld": 0.0007, "position": 1724845, "value": 213880780}, {"maxAge": 1, "reportDate": "2021-01-31", "organization": "Vanguard Intl Equity Index Fds-FTSE All World ex U.S. Index Fund", "pctHeld": 0.00059999997, "position": 1509316, "value": 165722896}], "maxAge": 1}, "summaryDetail": {"maxAge": 1, "priceHint": 2, "previousClose": 107.15, "open": 106.05, "dayLow": 105.65, "dayHigh": 110.65, "regularMarketPreviousClose": 107.15, "regularMarketOpen": 106.05, "regularMarketDayLow": 105.65, "regularMarketDayHigh": 110.65, "dividendRate": 8.0, "dividendYield": 0.0747, "exDividendDate": "2021-03-19 05:30:00", "payoutRatio": 0.2698, "beta": 0.577889, "trailingPE": 3.0789332, "forwardPE": 4.2410016, "volume": 6935639, "regularMarketVolume": 6935639, "averageVolume": 8336127, "averageVolume10days": 7931225, "averageDailyVolume10Day": 7931225, "bid": 0.0, "ask": 0.0, "bidSize": 0, "askSize": 0, "marketCap": 286318002176, "fiftyTwoWeekLow": 74.15, "fiftyTwoWeekHigh": 140.5, "priceToSalesTrailing12Months": 1.0608956, "fiftyDayAverage": 126.60147, "twoHundredDayAverage": 110.69078, "trailingAnnualDividendRate": 9.5, "trailingAnnualDividendYield": 0.088660754, "currency": "INR", "fromCurrency": null, "lastMarket": null, "algorithm": null, "tradeable": false}, "insiderHolders": {"holders": [{"maxAge": 1, "name": "Agarwal (Vijay)", "relation": "UNREPORTED", "url": "", "transactionDescription": "Acquisition", "latestTransDate": "2014-04-29", "positionDirect": 1000, "positionDirectDate": "2014-04-29"}, {"maxAge": 1, "name": "Kohli (Naveen Kumar)", "relation": "UNREPORTED", "url": "", "transactionDescription": "Sale", "latestTransDate": "2016-03-14", "positionDirect": 39, "positionDirectDate": "2016-03-14"}, {"maxAge": 1, "name": "Life Insurance Corporation of India", "relation": "Institution- Corporation", "url": "", "transactionDescription": "Acquisition", "latestTransDate": "2013-09-23", "positionDirect": 93582498, "positionDirectDate": "2013-09-23"}, {"maxAge": 1, "name": "Menon (Kamlesh)", "relation": "UNREPORTED", "url": "", "transactionDescription": "Sale", "latestTransDate": "2012-07-29", "positionDirect": 0, "positionDirectDate": "2012-07-29"}, {"maxAge": 1, "name": "Pharlia (Rajiv)", "relation": "UNREPORTED", "url": "", "transactionDescription": "Acquisition", "latestTransDate": "2014-04-29", "positionDirect": 143, "positionDirectDate": "2014-04-29"}, {"maxAge": 1, "name": "President of India", "relation": "Promoter", "url": "", "transactionDescription": "Sale", "latestTransDate": "2019-10-10", "positionDirect": 1478291778, "positionDirectDate": "2019-10-10"}, {"maxAge": 1, "name": "Rana (Manoj Kumar)", "relation": "UNREPORTED", "url": "", "transactionDescription": "Sale", "latestTransDate": "2014-11-28", "positionDirect": 3000, "positionDirectDate": "2014-11-28"}, {"maxAge": 1, "name": "Ravikumar (C)", "relation": "UNREPORTED", "url": "", "transactionDescription": "Sale", "latestTransDate": "2018-11-09", "positionDirect": 20000, "positionDirectDate": "2018-11-09"}, {"maxAge": 1, "name": "Shukla (Sachin)", "relation": "UNREPORTED", "url": "", "transactionDescription": "Acquisition", "latestTransDate": "2014-06-27", "positionDirect": 59, "positionDirectDate": "2014-06-27"}, {"maxAge": 1, "name": "Singhal (Nupur)", "relation": "UNREPORTED", "url": "", "transactionDescription": "Acquisition", "latestTransDate": "2015-04-16", "positionDirect": 100, "positionDirectDate": "2015-04-16"}], "maxAge": 1}, "calendarEvents": {"maxAge": 1, "earnings": {"earningsDate": ["2021-05-30 05:30:S", "2021-05-31 05:30:S"], "revenueAverage": 23303000000, "revenueLow": 23303000000, "revenueHigh": 23303000000}, "exDividendDate": "2021-03-19 05:30:00"}, "upgradeDowngradeHistory": {"history": [], "maxAge": 86400}, "price": {"maxAge": 1, "regularMarketChangePercent": 0.011665889, "regularMarketChange": 1.25, "regularMarketTime": "2021-04-30 15:30:01", "priceHint": 2, "regularMarketPrice": 108.4, "regularMarketDayHigh": 110.65, "regularMarketDayLow": 105.65, "regularMarketVolume": 6935639, "averageDailyVolume10Day": 7931225, "averageDailyVolume3Month": 8336127, "regularMarketPreviousClose": 107.15, "regularMarketSource": "FREE_REALTIME", "regularMarketOpen": 106.05, "exchange": "NSI", "exchangeName": "NSE", "exchangeDataDelayedBy": 15, "marketState": "CLOSED", "quoteType": "EQUITY", "symbol": "PFC.NS", "underlyingSymbol": null, "shortName": "POWER FINANCE CORP", "longName": "Power Finance Corporation Limited", "currency": "INR", "quoteSourceName": "Delayed Quote", "currencySymbol": "\u20b9", "fromCurrency": null, "lastMarket": null, "marketCap": 286318002176}, "balanceSheetHistory": {"balanceSheetStatements": [{"maxAge": 1, "endDate": "2020-03-31", "cash": 23054000000, "netReceivables": 6752837200000, "otherCurrentAssets": 14397000000, "totalCurrentAssets": 6842110900000, "longTermInvestments": 46109700000, "propertyPlantEquipment": 5164800000, "intangibleAssets": 100000000, "otherAssets": 51721100000, "deferredLongTermAssetCharges": 50053100000, "totalAssets": 6945206500000, "accountsPayable": 532200000, "otherCurrentLiab": 771400000, "longTermDebt": 5889156700000, "otherLiab": 294371900000, "deferredLongTermLiab": 621300000, "minorityInterest": 167655700000, "totalCurrentLiabilities": 99884500000, "totalLiab": 6283552800000, "commonStock": 26400800000, "retainedEarnings": 591876800000, "treasuryStock": -163817000000, "capitalSurplus": 39537400000, "otherStockholderEquity": -163817000000, "totalStockholderEquity": 493998000000, "netTangibleAssets": 493898000000}, {"maxAge": 1, "endDate": "2019-03-31", "cash": 14486800000, "netReceivables": 5980720600000, "otherCurrentAssets": 150648500000, "totalCurrentAssets": 6169561500000, "longTermInvestments": 48712000000, "propertyPlantEquipment": 3833900000, "intangibleAssets": 107700000, "otherAssets": 66472100000, "deferredLongTermAssetCharges": 63697400000, "totalAssets": 6288687200000, "accountsPayable": 749100000, "otherCurrentLiab": 139500000, "longTermDebt": 5212471900000, "otherLiab": 248116100000, "deferredLongTermLiab": 543000000, "minorityInterest": 163630200000, "totalCurrentLiabilities": 193255400000, "totalLiab": 5653844500000, "commonStock": 26400800000, "retainedEarnings": 527050200000, "treasuryStock": -121775900000, "capitalSurplus": 39537400000, "otherStockholderEquity": -121775900000, "totalStockholderEquity": 471212500000, "netTangibleAssets": 471104800000}, {"maxAge": 1, "endDate": "2018-03-31", "cash": 22942700000, "netReceivables": 5046287300000, "otherCurrentAssets": 9201600000, "totalCurrentAssets": 5087626300000, "longTermInvestments": 58658500000, "propertyPlantEquipment": 2824700000, "intangibleAssets": 76500000, "otherAssets": 76128800000, "deferredLongTermAssetCharges": 73935500000, "totalAssets": 5225314800000, "accountsPayable": 667000000, "otherCurrentLiab": 1374400000, "longTermDebt": 4310558400000, "otherLiab": 248684000000, "deferredLongTermLiab": 463500000, "minorityInterest": 154352200000, "totalCurrentLiabilities": 113373800000, "totalLiab": 4672617300000, "commonStock": 26400800000, "retainedEarnings": 447909800000, "treasuryStock": -115502700000, "capitalSurplus": 39537400000, "otherStockholderEquity": -115502700000, "totalStockholderEquity": 398345300000, "netTangibleAssets": 398268800000}, {"maxAge": 1, "endDate": "2017-03-31", "cash": 37928300000, "netReceivables": 2498773600000, "otherCurrentAssets": 16532500000, "totalCurrentAssets": 2553234400000, "longTermInvestments": 31451700000, "propertyPlantEquipment": 4006000000, "intangibleAssets": 12200000, "otherAssets": 6670500000, "totalAssets": 2595374800000, "accountsPayable": 1205500000, "shortLongTermDebt": 255763900000, "otherCurrentLiab": 28938400000, "longTermDebt": 1803524000000, "otherLiab": 38087400000, "totalCurrentLiabilities": 385314300000, "totalLiab": 2226925700000, "commonStock": 26400800000, "retainedEarnings": 306271400000, "treasuryStock": 8011500000, "capitalSurplus": 27765400000, "otherStockholderEquity": 8011500000, "totalStockholderEquity": 368449100000, "netTangibleAssets": 368436900000}], "maxAge": 86400}, "earningsTrend": {"trend": [{"maxAge": 1, "period": "0q", "endDate": "2018-12-31", "growth": {}, "earningsEstimate": {"avg": 0.0, "low": 0.0, "high": 0.0, "yearAgoEps": 7.15, "numberOfAnalysts": 0, "growth": {}}, "revenueEstimate": {"avg": 23303000000, "low": 23303000000, "high": 23303000000, "numberOfAnalysts": 1, "yearAgoRevenue": 17679700000, "growth": 0.318}, "epsTrend": {"current": 0.0, "7daysAgo": 5.3, "30daysAgo": 5.3, "60daysAgo": 5.3, "90daysAgo": 5.3}, "epsRevisions": {"upLast7days": 0, "upLast30days": 0, "downLast30days": 0, "downLast90days": {}}}, {"maxAge": 1, "period": "+1q", "endDate": "2019-03-31", "growth": {}, "earningsEstimate": {"avg": 0.0, "low": 0.0, "high": 0.0, "yearAgoEps": 6.07, "numberOfAnalysts": 0, "growth": {}}, "revenueEstimate": {"avg": 24352000000, "low": 24352000000, "high": 24352000000, "numberOfAnalysts": 1, "yearAgoRevenue": 16355300000, "growth": 0.48900002}, "epsTrend": {"current": 0.0, "7daysAgo": 5.5, "30daysAgo": 5.5, "60daysAgo": 5.5, "90daysAgo": 5.5}, "epsRevisions": {"upLast7days": 0, "upLast30days": 0, "downLast30days": 0, "downLast90days": {}}}, {"maxAge": 1, "period": "0y", "endDate": "2019-03-31", "growth": {}, "earningsEstimate": {"avg": 0.0, "low": 0.0, "high": 0.0, "yearAgoEps": {}, "numberOfAnalysts": 0, "growth": {}}, "revenueEstimate": {"avg": 93587000000, "low": 80074000000, "high": 110211000000, "numberOfAnalysts": 8, "yearAgoRevenue": 86160100000, "growth": 0.086}, "epsTrend": {"current": 0.0, "7daysAgo": 21.36, "30daysAgo": 21.36, "60daysAgo": 21.36, "90daysAgo": 21.36}, "epsRevisions": {"upLast7days": 0, "upLast30days": 0, "downLast30days": 0, "downLast90days": {}}}, {"maxAge": 1, "period": "+1y", "endDate": "2020-03-31", "growth": {}, "earningsEstimate": {"avg": 0.0, "low": 0.0, "high": 0.0, "yearAgoEps": {}, "numberOfAnalysts": 0, "growth": {}}, "revenueEstimate": {"avg": 104740000000, "low": 90707000000, "high": 112952000000, "numberOfAnalysts": 8, "yearAgoRevenue": 93587000000, "growth": 0.118999995}, "epsTrend": {"current": 0.0, "7daysAgo": 25.21, "30daysAgo": 25.21, "60daysAgo": 25.21, "90daysAgo": 25.21}, "epsRevisions": {"upLast7days": 0, "upLast30days": 0, "downLast30days": 0, "downLast90days": {}}}, {"maxAge": 1, "period": "+5y", "endDate": null, "growth": 0.0868, "earningsEstimate": {"avg": {}, "low": {}, "high": {}, "yearAgoEps": {}, "numberOfAnalysts": {}, "growth": {}}, "revenueEstimate": {"avg": {}, "low": {}, "high": {}, "numberOfAnalysts": {}, "yearAgoRevenue": {}, "growth": {}}, "epsTrend": {"current": {}, "7daysAgo": {}, "30daysAgo": {}, "60daysAgo": {}, "90daysAgo": {}}, "epsRevisions": {"upLast7days": {}, "upLast30days": {}, "downLast30days": {}, "downLast90days": {}}}, {"maxAge": 1, "period": "-5y", "endDate": null, "growth": {}, "earningsEstimate": {"avg": {}, "low": {}, "high": {}, "yearAgoEps": {}, "numberOfAnalysts": {}, "growth": {}}, "revenueEstimate": {"avg": {}, "low": {}, "high": {}, "numberOfAnalysts": {}, "yearAgoRevenue": {}, "growth": {}}, "epsTrend": {"current": {}, "7daysAgo": {}, "30daysAgo": {}, "60daysAgo": {}, "90daysAgo": {}}, "epsRevisions": {"upLast7days": {}, "upLast30days": {}, "downLast30days": {}, "downLast90days": {}}}], "maxAge": 1}, "institutionOwnership": {"ownershipList": [], "maxAge": 1}, "majorHoldersBreakdown": {"maxAge": 1, "insidersPercentHeld": 0.59396, "institutionsPercentHeld": 0.29702, "institutionsFloatPercentHeld": 0.73151, "institutionsCount": 82}, "balanceSheetHistoryQuarterly": {"balanceSheetStatements": [{"maxAge": 1, "endDate": "2020-12-31", "cash": 99810300000, "netReceivables": 7292635000000, "otherCurrentAssets": 10267700000, "totalCurrentAssets": 7439962400000, "longTermInvestments": 58889000000, "propertyPlantEquipment": 6339200000, "intangibleAssets": 78900000, "otherAssets": 61277200000, "deferredLongTermAssetCharges": 59285700000, "totalAssets": 7566546700000, "accountsPayable": 327400000, "otherCurrentLiab": 2198000000, "longTermDebt": 6327490300000, "otherLiab": 282938600000, "deferredLongTermLiab": 618200000, "minorityInterest": 199304500000, "totalCurrentLiabilities": 158960700000, "totalLiab": 6769491600000, "commonStock": 26400800000, "retainedEarnings": 680966800000, "treasuryStock": -149154400000, "capitalSurplus": 39537400000, "otherStockholderEquity": -149154400000, "totalStockholderEquity": 597750600000, "netTangibleAssets": 597671700000}, {"maxAge": 1, "endDate": "2020-09-30", "cash": 24952400000, "netReceivables": 7254560900000, "otherCurrentAssets": 18462000000, "totalCurrentAssets": 7343070500000, "longTermInvestments": 51445600000, "propertyPlantEquipment": 5934700000, "intangibleAssets": 85700000, "otherAssets": 56809100000, "deferredLongTermAssetCharges": 54910500000, "totalAssets": 7457345600000, "accountsPayable": 383100000, "otherCurrentLiab": 6647500000, "longTermDebt": 6263472500000, "otherLiab": 288197400000, "deferredLongTermLiab": 608700000, "minorityInterest": 192267200000, "totalCurrentLiabilities": 149610500000, "totalLiab": 6701390500000, "commonStock": 26400800000, "retainedEarnings": 652128100000, "treasuryStock": -154378400000, "capitalSurplus": 39537400000, "otherStockholderEquity": -154378400000, "totalStockholderEquity": 563687900000, "netTangibleAssets": 563602200000}, {"maxAge": 1, "endDate": "2020-06-30", "totalStockholderEquity": 493998000000, "netTangibleAssets": 493898000000}, {"maxAge": 1, "endDate": "2020-03-31", "cash": 23054000000, "netReceivables": 6752837200000, "otherCurrentAssets": 14397000000, "totalCurrentAssets": 6842110900000, "longTermInvestments": 46109700000, "propertyPlantEquipment": 5164800000, "intangibleAssets": 100000000, "otherAssets": 51721100000, "deferredLongTermAssetCharges": 50053100000, "totalAssets": 6945206500000, "accountsPayable": 532200000, "otherCurrentLiab": 771400000, "longTermDebt": 5889156700000, "otherLiab": 294371900000, "deferredLongTermLiab": 621300000, "minorityInterest": 167655700000, "totalCurrentLiabilities": 99884500000, "totalLiab": 6283552800000, "commonStock": 26400800000, "retainedEarnings": 591876800000, "treasuryStock": -163817000000, "capitalSurplus": 39537400000, "otherStockholderEquity": -163817000000, "totalStockholderEquity": 493998000000, "netTangibleAssets": 493898000000}], "maxAge": 86400}, "earningsHistory": {"history": [{"maxAge": 1, "epsActual": 7.15, "epsEstimate": 7.75, "epsDifference": -0.6, "surprisePercent": -0.077, "quarter": "2017-09-30", "period": "-4q"}, {"maxAge": 1, "epsActual": 6.07, "epsEstimate": 7.9, "epsDifference": -1.83, "surprisePercent": -0.23200001, "quarter": "2017-12-31", "period": "-3q"}, {"maxAge": 1, "epsActual": 3.55, "epsEstimate": 5.19, "epsDifference": -1.64, "surprisePercent": -0.316, "quarter": "2018-03-31", "period": "-2q"}, {"maxAge": 1, "epsActual": 5.13, "epsEstimate": 4.0, "epsDifference": 1.13, "surprisePercent": 0.282, "quarter": "2018-09-30", "period": "-1q"}], "maxAge": 86400}, "esgScores": {"maxAge": 86400, "totalEsg": 26.8, "environmentScore": 0.0, "socialScore": 0.0, "governanceScore": 0.0, "ratingYear": 2021, "ratingMonth": 3, "highestControversy": 2.0, "esgPerformance": null, "peerCount": 93, "peerGroup": "Diversified Financials", "relatedControversy": ["Society & Community Incidents", "Governance Incidents"], "peerEsgScorePerformance": {"min": 9.34, "avg": 21.20516129032259, "max": 36.49}, "peerGovernancePerformance": {"min": 4.82, "avg": 10.30411111111111, "max": 17.57}, "peerSocialPerformance": {"min": 1.7, "avg": 9.06977777777778, "max": 16.34}, "peerEnvironmentPerformance": {"min": 0.03, "avg": 1.4427777777777777, "max": 3.4}, "peerHighestControversyPerformance": {"min": 0.0, "avg": 1.6451612903225807, "max": 4.0}, "percentile": 45.64, "environmentPercentile": 0.0, "socialPercentile": 0.0, "governancePercentile": 0.0, "adult": false, "alcoholic": false, "animalTesting": false, "catholic": false, "controversialWeapons": false, "smallArms": false, "furLeather": false, "gambling": false, "gmo": false, "militaryContract": false, "nuclear": false, "pesticides": false, "palmOil": false, "coal": false, "tobacco": false}, "summaryProfile": {"address1": "Urjanidhi", "address2": "1, Barakhamba Lane Connaught Place", "city": "New Delhi", "zip": "110001", "country": "India", "phone": "91 11 2345 6000", "fax": "91 11 2341 2545", "website": "http://www.pfcindia.com", "industry": "Credit Services", "sector": "Financial Services", "longBusinessSummary": "Power Finance Corporation Limited, a non-banking finance company, provides financial products and related advisory, and other services to the power sector in India. The company offers fund based financial policies/products, including guidelines for solar and wind power generation projects, as well as for funding private sector independent transmission projects; debt refinancing and prepayment policy for solar wind projects; takeout financing, asset acquisition, bridge and corporate loan, buyer's line of credit, credit facility for purchase of power through power exchange, energy saving project, and project and short-term loan services; lease financing for the purchase of equipment and wind power projects; financing of fuel supply projects and equipment manufacturers; grants/interest free loans for studies/consultancies; line of credit for import of coal; policy for investment in equity of power projects; guidelines for funding grid connected solar thermal private sector power generation projects; policy for underwriting of debt; refinancing of debt of commissioned projects along with additional corporate loans for new-expansion-acquisition of projects; and financial assistance to distribution franchisee. It also provides non-fund based policies/products comprising guarantees, letter of comfort, and policy for guarantee for credit enhancement. Power Finance Corporation Limited was founded in 1986 and is headquartered in New Delhi, India.", "fullTimeEmployees": 484, "companyOfficers": [], "maxAge": 86400}, "netSharePurchaseActivity": {"maxAge": 1, "period": "6m", "buyInfoCount": 0, "buyInfoShares": 0, "sellInfoCount": 0, "netInfoCount": 0, "netInfoShares": 0, "netPercentInsiderShares": 0.0, "totalInsiderShares": 1568102656}, "insiderTransactions": {"transactions": [{"maxAge": 1, "shares": 4283810, "filerUrl": "", "transactionText": "", "filerName": "President of India", "filerRelation": "Promoter", "moneyText": "", "startDate": "2019-10-10", "ownership": "D"}, {"maxAge": 1, "shares": 76313829, "filerUrl": "", "transactionText": "", "filerName": "President of India", "filerRelation": "Promoter", "moneyText": "", "startDate": "2019-07-22", "ownership": "D"}, {"maxAge": 1, "shares": 52146026, "filerUrl": "", "transactionText": "", "filerName": "President of India", "filerRelation": "Promoter", "moneyText": "", "startDate": "2019-03-25", "ownership": "D"}, {"maxAge": 1, "shares": 12196071, "filerUrl": "", "transactionText": "", "filerName": "President of India", "filerRelation": "Promoter", "moneyText": "", "startDate": "2019-02-21", "ownership": "D"}, {"maxAge": 1, "shares": 109808544, "filerUrl": "", "transactionText": "", "filerName": "President of India", "filerRelation": "Promoter", "moneyText": "", "startDate": "2018-12-04", "ownership": "D"}, {"maxAge": 1, "shares": 14900, "filerUrl": "", "transactionText": "", "filerName": "Ravikumar (C)", "filerRelation": "UNREPORTED", "moneyText": "", "startDate": "2018-11-09", "ownership": "D"}, {"maxAge": 1, "shares": 7176049, "filerUrl": "", "transactionText": "", "filerName": "President of India", "filerRelation": "Promoter", "moneyText": "", "startDate": "2018-06-18", "ownership": "D"}, {"maxAge": 1, "shares": 11415287, "filerUrl": "", "transactionText": "", "filerName": "President of India", "filerRelation": "Promoter", "moneyText": "", "startDate": "2017-12-12", "ownership": "D"}, {"maxAge": 1, "shares": 10648997, "filerUrl": "", "transactionText": "", "filerName": "President of India", "filerRelation": "Promoter", "moneyText": "", "startDate": "2017-03-22", "ownership": "D"}, {"maxAge": 1, "shares": 867356025, "filerUrl": "", "transactionText": "", "filerName": "President of India", "filerRelation": "Promoter", "moneyText": "", "startDate": "2017-01-19", "ownership": "D"}, {"maxAge": 1, "shares": 7500, "filerUrl": "", "transactionText": "", "filerName": "Kohli (Naveen Kumar)", "filerRelation": "UNREPORTED", "moneyText": "", "startDate": "2016-03-14", "ownership": "D"}, {"maxAge": 1, "shares": 66002035, "filerUrl": "", "transactionText": "", "filerName": "President of India", "filerRelation": "Promoter", "moneyText": "", "startDate": "2015-07-27", "ownership": "D"}, {"maxAge": 1, "shares": 100, "filerUrl": "", "transactionText": "", "filerName": "Singhal (Nupur)", "filerRelation": "UNREPORTED", "moneyText": "", "startDate": "2015-04-16", "ownership": "D"}, {"maxAge": 1, "shares": 29188, "filerUrl": "", "transactionText": "", "filerName": "President of India", "filerRelation": "Promoter", "moneyText": "", "startDate": "2015-04-10", "ownership": "D"}, {"maxAge": 1, "shares": 2000, "filerUrl": "", "transactionText": "", "filerName": "Rana (Manoj Kumar)", "filerRelation": "UNREPORTED", "moneyText": "", "startDate": "2014-11-28", "ownership": "D"}, {"maxAge": 1, "shares": 2000, "filerUrl": "", "transactionText": "", "filerName": "Rana (Manoj Kumar)", "filerRelation": "UNREPORTED", "moneyText": "", "startDate": "2014-10-01", "ownership": "D"}, {"maxAge": 1, "shares": 59, "filerUrl": "", "transactionText": "", "filerName": "Shukla (Sachin)", "filerRelation": "UNREPORTED", "moneyText": "", "startDate": "2014-06-27", "ownership": "D"}, {"maxAge": 1, "shares": 1481, "filerUrl": "", "transactionText": "", "filerName": "Rana (Manoj Kumar)", "filerRelation": "UNREPORTED", "moneyText": "", "startDate": "2014-05-29", "ownership": "D"}, {"maxAge": 1, "shares": 1000, "filerUrl": "", "transactionText": "", "filerName": "Agarwal (Vijay)", "filerRelation": "UNREPORTED", "moneyText": "", "startDate": "2014-04-29", "ownership": "D"}, {"maxAge": 1, "shares": 143, "filerUrl": "", "transactionText": "", "filerName": "Pharlia (Rajiv)", "filerRelation": "UNREPORTED", "moneyText": "", "startDate": "2014-04-29", "ownership": "D"}, {"maxAge": 1, "shares": 12106076, "filerUrl": "", "transactionText": "", "filerName": "President of India", "filerRelation": "Promoter", "moneyText": "", "startDate": "2014-03-27", "ownership": "D"}, {"maxAge": 1, "shares": 27358555, "filerUrl": "", "transactionText": "", "filerName": "Life Insurance Corporation of India", "filerRelation": "Institution- Corporation", "moneyText": "", "startDate": "2013-09-23", "ownership": "D"}, {"maxAge": 1, "shares": 5352, "filerUrl": "", "transactionText": "", "filerName": "Menon (Kamlesh)", "filerRelation": "UNREPORTED", "moneyText": "", "startDate": "2012-07-29", "ownership": "D"}, {"maxAge": 1, "shares": 264667, "filerUrl": "", "transactionText": "", "filerName": "Life Insurance Corporation of India", "filerRelation": "UNREPORTED", "moneyText": "", "startDate": "2011-09-05", "ownership": "D"}, {"maxAge": 1, "shares": 30000, "filerUrl": "", "transactionText": "", "filerName": "Jain (Deepak)", "filerRelation": "UNREPORTED", "moneyText": "", "startDate": "2011-05-09", "ownership": "D"}, {"maxAge": 1, "shares": 2200, "filerUrl": "", "transactionText": "", "filerName": "Nair (Sujit Sudhakaran)", "filerRelation": "UNREPORTED", "moneyText": "", "startDate": "2011-03-28", "ownership": "D"}, {"maxAge": 1, "shares": 2100, "filerUrl": "", "transactionText": "", "filerName": "Ghosh (Shelly)", "filerRelation": "UNREPORTED", "moneyText": "", "startDate": "2010-10-19", "ownership": "D"}, {"maxAge": 1, "shares": 900, "filerUrl": "", "transactionText": "", "filerName": "Dogra (Suresh)", "filerRelation": "UNREPORTED", "moneyText": "", "startDate": "2010-09-09", "ownership": "D"}, {"maxAge": 1, "shares": 900, "filerUrl": "", "transactionText": "", "filerName": "Dogra (Suresh)", "filerRelation": "UNREPORTED", "moneyText": "", "startDate": "2010-09-07", "ownership": "D"}, {"maxAge": 1, "shares": 1800, "filerUrl": "", "transactionText": "", "filerName": "Jha (Hari Shankar)", "filerRelation": "UNREPORTED", "moneyText": "", "startDate": "2010-09-07", "ownership": "D"}, {"maxAge": 1, "shares": 2700, "filerUrl": "", "transactionText": "", "filerName": "Krishan (Hari)", "filerRelation": "UNREPORTED", "moneyText": "", "startDate": "2010-06-30", "ownership": "D"}, {"maxAge": 1, "shares": 1800, "filerUrl": "", "transactionText": "", "filerName": "Jha (Hari Shankar)", "filerRelation": "UNREPORTED", "moneyText": "", "startDate": "2010-05-31", "ownership": "D"}, {"maxAge": 1, "shares": 1800, "filerUrl": "", "transactionText": "", "filerName": "Gupta (Ashok)", "filerRelation": "Director (Executive)", "moneyText": "", "startDate": "2010-05-17", "ownership": "D"}, {"maxAge": 1, "shares": 2353, "filerUrl": "", "transactionText": "", "filerName": "Moundekar (Prashant)", "filerRelation": "UNREPORTED", "moneyText": "", "startDate": "2010-05-13", "ownership": "D"}, {"maxAge": 1, "shares": 1800, "filerUrl": "", "transactionText": "", "filerName": "Praveen (B)", "filerRelation": "UNREPORTED", "moneyText": "", "startDate": "2010-05-13", "ownership": "D"}, {"maxAge": 1, "shares": 5000, "filerUrl": "", "transactionText": "", "filerName": "Verma (Shelly)", "filerRelation": "UNREPORTED", "moneyText": "", "startDate": "2010-05-04", "ownership": "D"}, {"maxAge": 1, "shares": 1970, "filerUrl": "", "transactionText": "", "filerName": "Moundekar (Prashant)", "filerRelation": "UNREPORTED", "moneyText": "", "startDate": "2010-04-05", "ownership": "D"}, {"maxAge": 1, "shares": 2000, "filerUrl": "", "transactionText": "", "filerName": "Saha (Subir)", "filerRelation": "UNREPORTED", "moneyText": "", "startDate": "2010-03-12", "ownership": "D"}, {"maxAge": 1, "shares": 9000, "filerUrl": "", "transactionText": "", "filerName": "Jain (Deepak)", "filerRelation": "UNREPORTED", "moneyText": "", "startDate": "2010-03-05", "ownership": "D"}, {"maxAge": 1, "shares": 2970, "filerUrl": "", "transactionText": "", "filerName": "Rana (Manoj Kumar)", "filerRelation": "UNREPORTED", "moneyText": "", "startDate": "2010-02-02", "ownership": "D"}, {"maxAge": 1, "shares": 2970, "filerUrl": "", "transactionText": "", "filerName": "Jain (A K)", "filerRelation": "UNREPORTED", "moneyText": "", "startDate": "2010-01-13", "ownership": "D"}, {"maxAge": 1, "shares": 3916, "filerUrl": "", "transactionText": "", "filerName": "Thapliyal (N D)", "filerRelation": "UNREPORTED", "moneyText": "", "startDate": "2010-01-13", "ownership": "D"}, {"maxAge": 1, "shares": 2104, "filerUrl": "", "transactionText": "", "filerName": "Gupta (Ashok)", "filerRelation": "Director (Executive)", "moneyText": "", "startDate": "2010-01-12", "ownership": "D"}, {"maxAge": 1, "shares": 2540, "filerUrl": "", "transactionText": "", "filerName": "Malik (P)", "filerRelation": "UNREPORTED", "moneyText": "", "startDate": "2010-01-12", "ownership": "D"}, {"maxAge": 1, "shares": 2278, "filerUrl": "", "transactionText": "", "filerName": "Verma (Shelly)", "filerRelation": "UNREPORTED", "moneyText": "", "startDate": "2010-01-04", "ownership": "D"}, {"maxAge": 1, "shares": 2500, "filerUrl": "", "transactionText": "", "filerName": "Gupta (Rachit Kumar)", "filerRelation": "UNREPORTED", "moneyText": "", "startDate": "2009-12-09", "ownership": "D"}, {"maxAge": 1, "shares": 2000, "filerUrl": "", "transactionText": "", "filerName": "Bhatia (Alka)", "filerRelation": "UNREPORTED", "moneyText": "", "startDate": "2009-12-07", "ownership": "D"}, {"maxAge": 1, "shares": 2500, "filerUrl": "", "transactionText": "", "filerName": "Gupta (Ashok)", "filerRelation": "Director (Executive)", "moneyText": "", "startDate": "2009-12-07", "ownership": "D"}, {"maxAge": 1, "shares": 5605, "filerUrl": "", "transactionText": "", "filerName": "Jain (Gautam)", "filerRelation": "UNREPORTED", "moneyText": "", "startDate": "2009-12-07", "ownership": "D"}, {"maxAge": 1, "shares": 2200, "filerUrl": "", "transactionText": "", "filerName": "Sud (Alok)", "filerRelation": "General Manager", "moneyText": "", "startDate": "2009-12-07", "ownership": "D"}, {"maxAge": 1, "shares": 2242, "filerUrl": "", "transactionText": "", "filerName": "Duggal (Manju)", "filerRelation": "UNREPORTED", "moneyText": "", "startDate": "2009-12-04", "ownership": "D"}, {"maxAge": 1, "shares": 2850, "filerUrl": "", "transactionText": "", "filerName": "Onkara (G)", "filerRelation": "UNREPORTED", "moneyText": "", "startDate": "2009-12-03", "ownership": "D"}, {"maxAge": 1, "shares": 2350, "filerUrl": "", "transactionText": "", "filerName": "Sharma (Rajeev Ratan)", "filerRelation": "Director", "moneyText": "", "startDate": "2009-11-27", "ownership": "D"}, {"maxAge": 1, "shares": 2095, "filerUrl": "", "transactionText": "", "filerName": "Jain (Gautam)", "filerRelation": "UNREPORTED", "moneyText": "", "startDate": "2009-11-25", "ownership": "D"}, {"maxAge": 1, "shares": 12236, "filerUrl": "", "transactionText": "", "filerName": "Ravindra (C P)", "filerRelation": "General Manager", "moneyText": "", "startDate": "2009-11-25", "ownership": "D"}, {"maxAge": 1, "shares": 2700, "filerUrl": "", "transactionText": "", "filerName": "Sridhar (Kolluri)", "filerRelation": "UNREPORTED", "moneyText": "", "startDate": "2009-11-20", "ownership": "D"}, {"maxAge": 1, "shares": 2850, "filerUrl": "", "transactionText": "", "filerName": "Agarwal (Manish Kumar)", "filerRelation": "UNREPORTED", "moneyText": "", "startDate": "2009-11-19", "ownership": "D"}, {"maxAge": 1, "shares": 2900, "filerUrl": "", "transactionText": "", "filerName": "Gupta (Ashok)", "filerRelation": "Director (Executive)", "moneyText": "", "startDate": "2009-11-18", "ownership": "D"}, {"maxAge": 1, "shares": 3056, "filerUrl": "", "transactionText": "", "filerName": "Kumar (Anil)", "filerRelation": "UNREPORTED", "moneyText": "", "startDate": "2009-10-08", "ownership": "D"}, {"maxAge": 1, "shares": 3050, "filerUrl": "", "transactionText": "", "filerName": "Kumar (Pawan)", "filerRelation": "UNREPORTED", "moneyText": "", "startDate": "2009-10-08", "ownership": "D"}, {"maxAge": 1, "shares": 2700, "filerUrl": "", "transactionText": "", "filerName": "Johri (R. S.)", "filerRelation": "Director (Executive)", "moneyText": "", "startDate": "2009-08-27", "ownership": "D"}, {"maxAge": 1, "shares": 3000, "filerUrl": "", "transactionText": "", "filerName": "Vanjani (Nalin)", "filerRelation": "Director", "moneyText": "", "startDate": "2009-08-27", "ownership": "D"}, {"maxAge": 1, "shares": 3467, "filerUrl": "", "transactionText": "", "filerName": "Kaul (Kalpana)", "filerRelation": "General Manager", "moneyText": "", "startDate": "2009-08-25", "ownership": "D"}, {"maxAge": 1, "shares": 4700, "filerUrl": "", "transactionText": "", "filerName": "Gupta (Manju)", "filerRelation": "UNREPORTED", "moneyText": "", "startDate": "2009-06-20", "ownership": "D"}], "maxAge": 1}, "sectorTrend": {"maxAge": 1, "symbol": null, "estimates": []}, "incomeStatementHistoryQuarterly": {"incomeStatementHistory": [{"maxAge": 1, "endDate": "2020-12-31", "totalRevenue": 71116000000, "costOfRevenue": 381600000, "grossProfit": 70734400000, "researchDevelopment": {}, "sellingGeneralAdministrative": 1319000000, "nonRecurring": {}, "otherOperatingExpenses": -79100000, "totalOperatingExpenses": 1687300000, "operatingIncome": 69428700000, "totalOtherIncomeExpenseNet": -19725000000, "ebit": 0, "interestExpense": {}, "incomeBeforeTax": 49703700000, "incomeTaxExpense": 10071900000, "minorityInterest": 199304500000, "netIncomeFromContinuingOps": 39631800000, "discontinuedOperations": {}, "extraordinaryItems": {}, "effectOfAccountingCharges": {}, "otherItems": {}, "netIncome": 28937000000, "netIncomeApplicableToCommonShares": 28937000000}, {"maxAge": 1, "endDate": "2020-09-30", "totalRevenue": 73038500000, "costOfRevenue": 235700000, "grossProfit": 72802800000, "researchDevelopment": {}, "sellingGeneralAdministrative": 1157600000, "nonRecurring": {}, "otherOperatingExpenses": 7887300000, "totalOperatingExpenses": 9339500000, "operatingIncome": 63699000000, "totalOtherIncomeExpenseNet": -10809500000, "ebit": 0, "interestExpense": {}, "incomeBeforeTax": 52889500000, "incomeTaxExpense": 9992100000, "minorityInterest": 192267200000, "netIncomeFromContinuingOps": 42897400000, "discontinuedOperations": {}, "extraordinaryItems": {}, "effectOfAccountingCharges": {}, "otherItems": {}, "netIncome": 32490600000, "netIncomeApplicableToCommonShares": 32490600000}, {"maxAge": 1, "endDate": "2020-06-30", "totalRevenue": 66314500000, "costOfRevenue": 366800000, "grossProfit": 65947700000, "researchDevelopment": {}, "sellingGeneralAdministrative": 3765600000, "nonRecurring": {}, "otherOperatingExpenses": 4253100000, "totalOperatingExpenses": 8441200000, "operatingIncome": 57873300000, "totalOtherIncomeExpenseNet": -11614200000, "ebit": 0, "interestExpense": {}, "incomeBeforeTax": 46259100000, "incomeTaxExpense": 10686800000, "minorityInterest": 192267200000, "netIncomeFromContinuingOps": 35572300000, "discontinuedOperations": {}, "extraordinaryItems": {}, "effectOfAccountingCharges": {}, "otherItems": {}, "netIncome": 26832000000, "netIncomeApplicableToCommonShares": 26832000000}, {"maxAge": 1, "endDate": "2020-03-31", "totalRevenue": 60696700000, "costOfRevenue": 643200000, "grossProfit": 60053500000, "researchDevelopment": {}, "sellingGeneralAdministrative": 3366200000, "nonRecurring": {}, "otherOperatingExpenses": 387900000, "totalOperatingExpenses": 4473300000, "operatingIncome": 56223400000, "totalOtherIncomeExpenseNet": -40464600000, "ebit": 0, "interestExpense": {}, "incomeBeforeTax": 15758800000, "incomeTaxExpense": 8821800000, "minorityInterest": 167655700000, "netIncomeFromContinuingOps": 6937000000, "discontinuedOperations": {}, "extraordinaryItems": {}, "effectOfAccountingCharges": {}, "otherItems": {}, "netIncome": 4691900000, "netIncomeApplicableToCommonShares": 4691900000}], "maxAge": 86400}, "cashflowStatementHistoryQuarterly": {"cashflowStatements": [{"maxAge": 1, "endDate": "2020-12-31", "netIncome": 28937000000, "depreciation": 58500000, "changeToNetincome": 23347900000, "changeToLiabilities": 0, "changeToOperatingActivities": -54199600000, "totalCashFromOperatingActivities": -1848900000, "capitalExpenditures": -503200000, "investments": -5131200000, "otherCashflowsFromInvestingActivities": 634400000, "totalCashflowsFromInvestingActivities": -4997900000, "dividendsPaid": -5609700000, "netBorrowings": 86475300000, "otherCashflowsFromFinancingActivities": 5100000, "totalCashFromFinancingActivities": 80870700000, "changeInCash": 74023900000}, {"maxAge": 1, "endDate": "2020-09-30", "netIncome": 32490600000, "depreciation": 58500000, "changeToNetincome": 23347900000, "changeToLiabilities": 0, "changeToOperatingActivities": -54199600000, "totalCashFromOperatingActivities": -1848900000, "capitalExpenditures": -503200000, "investments": -5131200000, "otherCashflowsFromInvestingActivities": 634400000, "totalCashflowsFromInvestingActivities": -4997900000, "dividendsPaid": -5609700000, "netBorrowings": 86475300000, "otherCashflowsFromFinancingActivities": 5100000, "totalCashFromFinancingActivities": 80870700000, "changeInCash": 74023900000}, {"maxAge": 1, "endDate": "2020-06-30", "netIncome": 26832000000, "depreciation": 58500000, "changeToNetincome": 23347900000, "changeToLiabilities": 0, "changeToOperatingActivities": -54199600000, "totalCashFromOperatingActivities": -1848900000, "capitalExpenditures": -503200000, "investments": -5131200000, "otherCashflowsFromInvestingActivities": 634400000, "totalCashflowsFromInvestingActivities": -4997900000, "dividendsPaid": -5609700000, "netBorrowings": 86475300000, "otherCashflowsFromFinancingActivities": 5100000, "totalCashFromFinancingActivities": 80870700000, "changeInCash": 74023900000}, {"maxAge": 1, "endDate": "2020-03-31", "netIncome": 4691900000, "depreciation": 58500000, "changeToNetincome": 23347900000, "changeToLiabilities": 0, "changeToOperatingActivities": -54199600000, "totalCashFromOperatingActivities": -1848900000, "capitalExpenditures": -503200000, "investments": -5131200000, "otherCashflowsFromInvestingActivities": 634400000, "totalCashflowsFromInvestingActivities": -4997900000, "dividendsPaid": -5609700000, "netBorrowings": 86475300000, "otherCashflowsFromFinancingActivities": 5100000, "totalCashFromFinancingActivities": 80870700000, "changeInCash": 74023900000}], "maxAge": 86400}, "earnings": {"maxAge": 86400, "earningsChart": {"quarterly": [{"date": "3Q2017", "actual": 7.15, "estimate": 7.75}, {"date": "4Q2017", "actual": 6.07, "estimate": 7.9}, {"date": "1Q2018", "actual": 3.55, "estimate": 5.19}, {"date": "3Q2018", "actual": 5.13, "estimate": 4.0}], "currentQuarterEstimateDate": "4Q", "currentQuarterEstimateYear": 2018, "earningsDate": ["2021-05-30 05:30:S", "2021-05-31 05:30:S"]}, "financialsChart": {"yearly": [{"date": 2017, "revenue": 61346300000, "earnings": 22361000000}, {"date": 2018, "revenue": 183521600000, "earnings": 66886900000}, {"date": 2019, "revenue": 195600600000, "earnings": 99208600000}, {"date": 2020, "revenue": 217381100000, "earnings": 71221300000}], "quarterly": [{"date": "1Q2020", "revenue": 60696700000, "earnings": 4691900000}, {"date": "2Q2020", "revenue": 66314500000, "earnings": 26832000000}, {"date": "3Q2020", "revenue": 73038500000, "earnings": 32490600000}, {"date": "4Q2020", "revenue": 71116000000, "earnings": 28937000000}]}, "financialCurrency": "INR"}, "financialData": {"maxAge": 86400, "currentPrice": 108.4, "targetHighPrice": 200.0, "targetLowPrice": 76.0, "targetMeanPrice": 122.8, "targetMedianPrice": 115.0, "recommendationKey": "none", "numberOfAnalystOpinions": 10, "totalCash": 137059696640, "totalCashPerShare": 51.915, "totalDebt": 6481575936000, "quickRatio": 46.739, "currentRatio": 46.804, "totalRevenue": 269883293696, "debtToEquity": 813.19, "revenuePerShare": 102.223, "returnOnEquity": 0.16906999, "grossProfits": 215983900000, "operatingCashflow": -638638489600, "earningsGrowth": 0.114, "revenueGrowth": 0.267, "grossMargins": 0.99445, "ebitdaMargins": 0.0, "operatingMargins": 0.91607004, "profitMargins": 0.34441003, "financialCurrency": "INR"}}}