{"PFIZER.NS": {"assetProfile": {"address1": "The Capital", "address2": "1802 / 1901, 18th Floor Plot No. C-70, G Block Bandra Kurla Complex, Bandra East", "city": "Mumbai", "zip": "400051", "country": "India", "phone": "91 22 6693 2000", "fax": "91 22 2654 0274", "website": "http://www.pfizerindia.com", "industry": "Drug Manufacturers\u2014General", "sector": "Healthcare", "longBusinessSummary": "Pfizer Limited manufactures, markets, trades in, and exports pharmaceutical products in India and internationally. It offers its various products in various therapeutic areas, including anti-allergic, anti-diabetic, antihistamine, anti-infective, anti-parasitic, cardiovascular, dermatology, erectile dysfunction, neurology, pain/fever/inflammation, pediatrics, psychiatry, respiratory, urology, women's health, central nervous system, autoimmune disorders, and gastrointestinal. The company also provides multivitamins, vitamins/minerals, antibiotics, steroids, vaccines, and consumer healthcare products. It sells its products through a network of independent distributors primarily under the Minipress XL, Folvite, Magnex, Eliquis, Gelusil, Lyrica, Ovral L, Citralka, Prevenar 13, Autrin, Zavicefta, Wysolone, Xeljanz, Corex, Mucaine, Becosules, Ativan, Neksium, Meronem, And Dolonex brand names. Pfizer Limited has a strategic partnership with GlobalSpace Technologies Limited to leverage the Makebot platform for vaccine awareness and DocExa platform for consultation by specialists. The company was incorporated in 1950 and is headquartered in Mumbai, India.", "fullTimeEmployees": 2489, "companyOfficers": [{"maxAge": 1, "name": "Mr. Sridhar  Subramaniam", "age": 52, "title": "CEO, MD, Lead of Essential Health Portfolio & Director", "yearBorn": 1968, "fiscalYear": 2020, "totalPay": 41060597, "exercisedValue": 0, "unexercisedValue": 0}, {"maxAge": 1, "name": "Mr. Milind Anil Patil", "age": 56, "title": "CFO, Exec. Director of Fin. & Whole-time Director", "yearBorn": 1964, "fiscalYear": 2020, "totalPay": 21044736, "exercisedValue": 0, "unexercisedValue": 0}, {"maxAge": 1, "name": "Mr. Prajeet  Nair C.S.", "title": "Compliance Officer & Company Sec.", "fiscalYear": 2020, "totalPay": 5216597, "exercisedValue": 0, "unexercisedValue": 0}, {"maxAge": 1, "name": "Mr. Samir Salauddin Kazi", "age": 45, "title": "Exec. Director of Legal & Exec. Director", "yearBorn": 1975, "fiscalYear": 2020, "totalPay": 11666013, "exercisedValue": 0, "unexercisedValue": 0}, {"maxAge": 1, "name": "Mr. Sharad  Goswami", "title": "Sr. Director of Public Affairs", "exercisedValue": 0, "unexercisedValue": 0}, {"maxAge": 1, "name": "Ms. Shilpi  Singh", "title": "Director of HR", "exercisedValue": 0, "unexercisedValue": 0}], "compensationAsOfEpochDate": "2020-12-31 05:30:00", "maxAge": 86400}, "recommendationTrend": {"trend": [{"period": "0m", "strongBuy": 0, "buy": 0, "hold": 0, "sell": 0, "strongSell": 0}, {"period": "-1m", "strongBuy": 1, "buy": 1, "hold": 1, "sell": 0, "strongSell": 0}, {"period": "-2m", "strongBuy": 1, "buy": 1, "hold": 1, "sell": 0, "strongSell": 0}, {"period": "-3m", "strongBuy": 1, "buy": 1, "hold": 1, "sell": 0, "strongSell": 0}], "maxAge": 86400}, "cashflowStatementHistory": {"cashflowStatements": [{"maxAge": 1, "endDate": "2020-03-31", "netIncome": 5091300000, "depreciation": 1010600000, "changeToNetincome": -2367300000, "changeToAccountReceivables": -24600000, "changeToLiabilities": 32200000, "changeToInventory": -439300000, "changeToOperatingActivities": -92900000, "totalCashFromOperatingActivities": 3231800000, "capitalExpenditures": -383900000, "investments": 13842700000, "otherCashflowsFromInvestingActivities": 1478700000, "totalCashflowsFromInvestingActivities": 15303200000, "dividendsPaid": -1029300000, "netBorrowings": -390000000, "otherCashflowsFromFinancingActivities": -215900000, "totalCashFromFinancingActivities": -1635200000, "changeInCash": 16899800000}, {"maxAge": 1, "endDate": "2019-03-31", "netIncome": 4290500000, "depreciation": 692100000, "changeToNetincome": -1575600000, "changeToAccountReceivables": -192400000, "changeToLiabilities": -591000000, "changeToInventory": -908200000, "changeToOperatingActivities": -759100000, "totalCashFromOperatingActivities": 978100000, "capitalExpenditures": -44900000, "investments": -1194000000, "otherCashflowsFromInvestingActivities": 1276500000, "totalCashflowsFromInvestingActivities": 351200000, "dividendsPaid": -910500000, "netBorrowings": -390000000, "otherCashflowsFromFinancingActivities": -188000000, "totalCashFromFinancingActivities": -1098500000, "changeInCash": 230800000}, {"maxAge": 1, "endDate": "2018-03-31", "netIncome": 3600700000, "depreciation": 652500000, "changeToNetincome": -1050000000, "changeToAccountReceivables": -452600000, "changeToLiabilities": 1099900000, "changeToInventory": 248400000, "changeToOperatingActivities": -790900000, "totalCashFromOperatingActivities": 3318000000, "capitalExpenditures": -881100000, "investments": -2656200000, "otherCashflowsFromInvestingActivities": 966600000, "totalCashflowsFromInvestingActivities": -2383100000, "dividendsPaid": -688550000, "netBorrowings": -390000000, "otherCashflowsFromFinancingActivities": -186200000, "totalCashFromFinancingActivities": -1103500000, "changeInCash": -168600000}, {"maxAge": 1, "endDate": "2017-03-31", "netIncome": 3367800000, "depreciation": 629300000, "changeToNetincome": -2198000000, "changeToAccountReceivables": 182400000, "changeToLiabilities": 608900000, "changeToInventory": 387800000, "changeToOperatingActivities": 310000000, "totalCashFromOperatingActivities": 3288200000, "capitalExpenditures": -252900000, "investments": -5020000000, "otherCashflowsFromInvestingActivities": 837600000, "totalCashflowsFromInvestingActivities": -2496400000, "dividendsPaid": -686200000, "netBorrowings": -390000000, "otherCashflowsFromFinancingActivities": -139700000, "totalCashFromFinancingActivities": -825900000, "effectOfExchangeRate": -500000, "changeInCash": -34600000}], "maxAge": 86400}, "indexTrend": {"maxAge": 1, "symbol": "SP5", "peRatio": 19.7411, "pegRatio": 1.34172, "estimates": [{"period": "0q", "growth": 0.549}, {"period": "+1q", "growth": 0.431}, {"period": "0y", "growth": 0.305}, {"period": "+1y", "growth": 0.109}, {"period": "+5y", "growth": 0.120865}, {"period": "-5y"}]}, "defaultKeyStatistics": {"maxAge": 1, "priceHint": 2, "enterpriseValue": 233852026880, "forwardPE": 50.887775, "profitMargins": 0.22670999, "floatShares": 15206520, "sharesOutstanding": 45747700, "heldPercentInsiders": 0.66751, "heldPercentInstitutions": 0.13321, "beta": 0.286432, "category": null, "bookValue": 468.13, "priceToBook": 11.265033, "fundFamily": null, "legalType": null, "lastFiscalYearEnd": "2020-03-31 05:30:00", "nextFiscalYearEnd": "2022-03-31 05:30:00", "mostRecentQuarter": "2020-12-31 05:30:00", "earningsQuarterlyGrowth": 0.016, "netIncomeToCommon": 5000699904, "trailingEps": 109.304, "forwardEps": 76.25, "pegRatio": 2.27, "lastSplitFactor": "2:1", "lastSplitDate": "2000-06-19 05:30:00", "enterpriseToRevenue": 10.602, "enterpriseToEbitda": 35.571}, "industryTrend": {"maxAge": 1, "symbol": null, "estimates": []}, "quoteType": {"exchange": "NSI", "quoteType": "EQUITY", "symbol": "PFIZER.NS", "underlyingSymbol": "PFIZER.NS", "shortName": "PFIZER LTD", "longName": "Pfizer Limited", "firstTradeDateEpochUtc": "2002-07-01 09:15:00", "timeZoneFullName": "Asia/Kolkata", "timeZoneShortName": "IST", "uuid": "4c8caf1c-07a1-3fa6-b790-b2771efd46e8", "gmtOffSetMilliseconds": 19800000, "maxAge": 1}, "incomeStatementHistory": {"incomeStatementHistory": [{"maxAge": 1, "endDate": "2020-03-31", "totalRevenue": 21516500000, "costOfRevenue": 7984200000, "grossProfit": 13532300000, "researchDevelopment": {}, "sellingGeneralAdministrative": 4531200000, "nonRecurring": {}, "otherOperatingExpenses": 3158600000, "totalOperatingExpenses": 16703800000, "operatingIncome": 4812700000, "totalOtherIncomeExpenseNet": 1612200000, "ebit": 4812700000, "interestExpense": -108500000, "incomeBeforeTax": 6424900000, "incomeTaxExpense": 1333600000, "minorityInterest": {}, "netIncomeFromContinuingOps": 5091300000, "discontinuedOperations": {}, "extraordinaryItems": {}, "effectOfAccountingCharges": {}, "otherItems": {}, "netIncome": 5091300000, "netIncomeApplicableToCommonShares": 5091300000}, {"maxAge": 1, "endDate": "2019-03-31", "totalRevenue": 20815000000, "costOfRevenue": 7532400000, "grossProfit": 13282600000, "researchDevelopment": {}, "sellingGeneralAdministrative": 4415500000, "nonRecurring": {}, "otherOperatingExpenses": 3129400000, "totalOperatingExpenses": 15788500000, "operatingIncome": 5026500000, "totalOtherIncomeExpenseNet": 1572600000, "ebit": 5026500000, "interestExpense": -12900000, "incomeBeforeTax": 6599100000, "incomeTaxExpense": 2308600000, "minorityInterest": {}, "netIncomeFromContinuingOps": 4290500000, "discontinuedOperations": {}, "extraordinaryItems": {}, "effectOfAccountingCharges": {}, "otherItems": {}, "netIncome": 4290500000, "netIncomeApplicableToCommonShares": 4290500000}, {"maxAge": 1, "endDate": "2018-03-31", "totalRevenue": 19685100000, "costOfRevenue": 7461400000, "grossProfit": 12223700000, "researchDevelopment": {}, "sellingGeneralAdministrative": 4209900000, "nonRecurring": {}, "otherOperatingExpenses": 2946200000, "totalOperatingExpenses": 15277300000, "operatingIncome": 4407800000, "totalOtherIncomeExpenseNet": 1071300000, "ebit": 4407800000, "interestExpense": -4200000, "incomeBeforeTax": 5479100000, "incomeTaxExpense": 1878400000, "minorityInterest": {}, "netIncomeFromContinuingOps": 3600700000, "discontinuedOperations": {}, "extraordinaryItems": {}, "effectOfAccountingCharges": {}, "otherItems": {}, "netIncome": 3600700000, "netIncomeApplicableToCommonShares": 3600700000}, {"maxAge": 1, "endDate": "2017-03-31", "totalRevenue": 19662600000, "costOfRevenue": 8048000000, "grossProfit": 11614600000, "researchDevelopment": {}, "sellingGeneralAdministrative": 4086400000, "nonRecurring": {}, "otherOperatingExpenses": 3975600000, "totalOperatingExpenses": 16736700000, "operatingIncome": 2925900000, "totalOtherIncomeExpenseNet": 2242400000, "ebit": 2925900000, "interestExpense": -9600000, "incomeBeforeTax": 5168300000, "incomeTaxExpense": 1800500000, "minorityInterest": {}, "netIncomeFromContinuingOps": 3367800000, "discontinuedOperations": {}, "extraordinaryItems": {}, "effectOfAccountingCharges": {}, "otherItems": {}, "netIncome": 3367800000, "netIncomeApplicableToCommonShares": 3367800000}], "maxAge": 86400}, "fundOwnership": {"ownershipList": [{"maxAge": 1, "reportDate": "2021-01-31", "organization": "Vanguard International Stock Index-Total Intl Stock Indx", "pctHeld": 0.0038, "position": 174628, "value": 809767498}, {"maxAge": 1, "reportDate": "2021-01-31", "organization": "Vanguard International Stock Index-Emerging Markets Stk", "pctHeld": 0.0037, "position": 169817, "value": 787458410}, {"maxAge": 1, "reportDate": "2021-01-31", "organization": "DFA Emerging Markets Small Cap Series", "pctHeld": 0.0011999999, "position": 56209, "value": 260646753}, {"maxAge": 1, "reportDate": "2021-01-31", "organization": "DFA Emerging Markets Core Equity Portfolio", "pctHeld": 0.001, "position": 47057, "value": 218208014}, {"maxAge": 1, "reportDate": "2021-01-31", "organization": "Vanguard Intl Equity Index Fds-FTSE All World ex U.S.Small Cap Index", "pctHeld": 0.0008, "position": 37553, "value": 174137016}, {"maxAge": 1, "reportDate": "2021-03-31", "organization": "SPDR Portfolio Emerging Markets ETF", "pctHeld": 0.0004, "position": 16587, "value": 75054516}, {"maxAge": 1, "reportDate": "2021-03-31", "organization": "VanEck Vectors ETF Tr-India Growth Leaders ETF", "pctHeld": 0.0002, "position": 7097, "value": 32113215}, {"maxAge": 1, "reportDate": "2021-01-31", "organization": "Vanguard Intl Equity Index - Total World Stock Index Fd", "pctHeld": 0.0001, "position": 5399, "value": 25035702}, {"maxAge": 1, "reportDate": "2021-02-28", "organization": "WisdomTree Tr-WisdomTree India Earnings Fd", "pctHeld": 0.0001, "position": 3765, "value": 17137338}, {"maxAge": 1, "reportDate": "2021-01-31", "organization": "DFA Emerging Markets Series", "pctHeld": 0.0001, "position": 2520, "value": 11685492}], "maxAge": 1}, "summaryDetail": {"maxAge": 1, "priceHint": 2, "previousClose": 5308.15, "open": 5329.9, "dayLow": 5256.55, "dayHigh": 5421.55, "regularMarketPreviousClose": 5308.15, "regularMarketOpen": 5329.9, "regularMarketDayLow": 5256.55, "regularMarketDayHigh": 5421.55, "dividendRate": 10.0, "dividendYield": 0.0019, "exDividendDate": "2020-08-27 05:30:00", "payoutRatio": 0.0915, "fiveYearAvgDividendYield": 0.62, "beta": 0.286432, "trailingPE": 48.246174, "forwardPE": 69.16065, "volume": 164042, "regularMarketVolume": 164042, "averageVolume": 55602, "averageVolume10days": 51240, "averageDailyVolume10Day": 51240, "bid": 0.0, "ask": 0.0, "bidSize": 0, "askSize": 0, "marketCap": 241250500608, "fiftyTwoWeekLow": 3930.85, "fiftyTwoWeekHigh": 5900.0, "priceToSalesTrailing12Months": 10.937098, "fiftyDayAverage": 4542.5957, "twoHundredDayAverage": 4892.6753, "trailingAnnualDividendRate": 10.0, "trailingAnnualDividendYield": 0.0018838956, "currency": "INR", "fromCurrency": null, "lastMarket": null, "algorithm": null, "tradeable": false}, "insiderHolders": {"holders": [{"maxAge": 1, "name": "Gupta (Anil)", "relation": "UNREPORTED", "url": "", "transactionDescription": "Acquisition", "latestTransDate": "2020-02-20", "positionDirect": 125, "positionDirectDate": "2020-02-20"}, {"maxAge": 1, "name": "Pharmacia Corp", "relation": "Promoter", "url": "", "transactionDescription": "Other", "latestTransDate": "2014-03-03", "positionDirect": 783941, "positionDirectDate": "2014-03-03"}, {"maxAge": 1, "name": "Uti-Master Equity Plan Unit Scheme", "relation": "Investment Management Company", "url": "", "transactionDescription": "Acquisition", "latestTransDate": "2013-11-29", "positionDirect": 1708688, "positionDirectDate": "2013-11-29"}], "maxAge": 1}, "calendarEvents": {"maxAge": 1, "earnings": {"earningsDate": [], "earningsAverage": 20.44, "earningsLow": 20.44, "earningsHigh": 20.44, "revenueAverage": 5095510000, "revenueLow": 5095510000, "revenueHigh": 5095510000}, "exDividendDate": "2020-08-27 05:30:00"}, "upgradeDowngradeHistory": {"history": [], "maxAge": 86400}, "price": {"maxAge": 1, "regularMarketChangePercent": -0.0065276795, "regularMarketChange": -34.649902, "regularMarketTime": "2021-04-30 15:30:00", "priceHint": 2, "regularMarketPrice": 5273.5, "regularMarketDayHigh": 5421.55, "regularMarketDayLow": 5256.55, "regularMarketVolume": 164042, "averageDailyVolume10Day": 51240, "averageDailyVolume3Month": 55602, "regularMarketPreviousClose": 5308.15, "regularMarketSource": "FREE_REALTIME", "regularMarketOpen": 5329.9, "exchange": "NSI", "exchangeName": "NSE", "exchangeDataDelayedBy": 15, "marketState": "CLOSED", "quoteType": "EQUITY", "symbol": "PFIZER.NS", "underlyingSymbol": null, "shortName": "PFIZER LTD", "longName": "Pfizer Limited", "currency": "INR", "quoteSourceName": "Delayed Quote", "currencySymbol": "\u20b9", "fromCurrency": null, "lastMarket": null, "marketCap": 241250500608}, "balanceSheetHistory": {"balanceSheetStatements": [{"maxAge": 1, "endDate": "2020-03-31", "cash": 17637900000, "shortTermInvestments": 4310000000, "netReceivables": 3306900000, "inventory": 4305900000, "otherCurrentAssets": 825600000, "totalCurrentAssets": 30482500000, "propertyPlantEquipment": 2152800000, "goodWill": 5274900000, "intangibleAssets": 1999000000, "otherAssets": 4144800000, "deferredLongTermAssetCharges": 6200000, "totalAssets": 44054000000, "accountsPayable": 4267800000, "shortLongTermDebt": 25000000, "otherCurrentLiab": 3232900000, "otherLiab": 478700000, "totalCurrentLiabilities": 8733600000, "totalLiab": 10099100000, "commonStock": 457500000, "retainedEarnings": 19950000000, "treasuryStock": 340700000, "capitalSurplus": 13206700000, "otherStockholderEquity": 340700000, "totalStockholderEquity": 33954900000, "netTangibleAssets": 26681000000}, {"maxAge": 1, "endDate": "2019-03-31", "cash": 738100000, "shortTermInvestments": 18180000000, "netReceivables": 3494600000, "inventory": 3866600000, "otherCurrentAssets": 606300000, "totalCurrentAssets": 27153600000, "propertyPlantEquipment": 714300000, "goodWill": 5274900000, "intangibleAssets": 2549400000, "otherAssets": 3707700000, "totalAssets": 39399900000, "accountsPayable": 4359200000, "shortLongTermDebt": 25000000, "otherCurrentLiab": 3785400000, "otherLiab": 369600000, "totalCurrentLiabilities": 8916900000, "totalLiab": 9286500000, "commonStock": 457500000, "retainedEarnings": 16099600000, "treasuryStock": 349600000, "capitalSurplus": 13206700000, "otherStockholderEquity": 349600000, "totalStockholderEquity": 30113400000, "netTangibleAssets": 22289100000}, {"maxAge": 1, "endDate": "2018-03-31", "cash": 507300000, "shortTermInvestments": 16980000000, "netReceivables": 3081000000, "inventory": 2970600000, "otherCurrentAssets": 547300000, "totalCurrentAssets": 24167200000, "propertyPlantEquipment": 825400000, "goodWill": 5274900000, "intangibleAssets": 3076100000, "otherAssets": 3556000000, "totalAssets": 36899600000, "accountsPayable": 4956300000, "shortLongTermDebt": 25000000, "otherCurrentLiab": 3875800000, "otherLiab": 523200000, "totalCurrentLiabilities": 9544400000, "totalLiab": 10067600000, "commonStock": 457500000, "retainedEarnings": 12912100000, "treasuryStock": 255700000, "capitalSurplus": 13206700000, "otherStockholderEquity": 255700000, "totalStockholderEquity": 26832000000, "netTangibleAssets": 18481000000}, {"maxAge": 1, "endDate": "2017-03-31", "cash": 675900000, "shortTermInvestments": 14320000000, "netReceivables": 1558400000, "inventory": 3219000000, "otherCurrentAssets": 677900000, "totalCurrentAssets": 20513100000, "propertyPlantEquipment": 871900000, "goodWill": 5274900000, "intangibleAssets": 2677500000, "otherAssets": 3272200000, "totalAssets": 32609600000, "accountsPayable": 3880000000, "shortLongTermDebt": 25000000, "otherCurrentLiab": 3140500000, "otherLiab": 624100000, "totalCurrentLiabilities": 7796700000, "totalLiab": 8420800000, "commonStock": 457500000, "retainedEarnings": 10412600000, "treasuryStock": 112000000, "capitalSurplus": 13206700000, "otherStockholderEquity": 112000000, "totalStockholderEquity": 24188800000, "netTangibleAssets": 16236400000}], "maxAge": 86400}, "earningsTrend": {"trend": [{"maxAge": 1, "period": "0q", "endDate": "2018-06-30", "growth": {}, "earningsEstimate": {"avg": 20.44, "low": 20.44, "high": 20.44, "yearAgoEps": {}, "numberOfAnalysts": 1, "growth": {}}, "revenueEstimate": {"avg": 5095510000, "low": 5095510000, "high": 5095510000, "numberOfAnalysts": 1, "yearAgoRevenue": 4209100000, "growth": 0.21100001}, "epsTrend": {"current": 20.44, "7daysAgo": 20.44, "30daysAgo": 20.44, "60daysAgo": 0.0, "90daysAgo": 0.0}, "epsRevisions": {"upLast7days": 0, "upLast30days": 0, "downLast30days": 0, "downLast90days": {}}}, {"maxAge": 1, "period": "+1q", "endDate": "2018-09-30", "growth": {}, "earningsEstimate": {"avg": 0.0, "low": 0.0, "high": 0.0, "yearAgoEps": 14.87, "numberOfAnalysts": 0, "growth": {}}, "revenueEstimate": {"avg": 0, "low": 0, "high": 0, "numberOfAnalysts": 0, "yearAgoRevenue": {}, "growth": {}}, "epsTrend": {"current": 0.0, "7daysAgo": 0.0, "30daysAgo": 0.0, "60daysAgo": 0.0, "90daysAgo": 0.0}, "epsRevisions": {"upLast7days": 0, "upLast30days": 0, "downLast30days": 0, "downLast90days": {}}}, {"maxAge": 1, "period": "0y", "endDate": "2019-03-31", "growth": 0.155, "earningsEstimate": {"avg": 90.91, "low": 84.0, "high": 104.6, "yearAgoEps": 78.7, "numberOfAnalysts": 4, "growth": 0.155}, "revenueEstimate": {"avg": 22863800000, "low": 21584100000, "high": 25041000000, "numberOfAnalysts": 4, "yearAgoRevenue": 19685100000, "growth": 0.161}, "epsTrend": {"current": 90.91, "7daysAgo": 90.91, "30daysAgo": 90.91, "60daysAgo": 88.82, "90daysAgo": 84.79}, "epsRevisions": {"upLast7days": 0, "upLast30days": 0, "downLast30days": 0, "downLast90days": {}}}, {"maxAge": 1, "period": "+1y", "endDate": "2020-03-31", "growth": 0.14, "earningsEstimate": {"avg": 103.63, "low": 94.41, "high": 126.1, "yearAgoEps": 90.91, "numberOfAnalysts": 4, "growth": 0.14}, "revenueEstimate": {"avg": 25571100000, "low": 23375600000, "high": 28818000000, "numberOfAnalysts": 4, "yearAgoRevenue": 22863800000, "growth": 0.118}, "epsTrend": {"current": 103.63, "7daysAgo": 103.63, "30daysAgo": 103.63, "60daysAgo": 105.63, "90daysAgo": 100.07}, "epsRevisions": {"upLast7days": 0, "upLast30days": 0, "downLast30days": 0, "downLast90days": {}}}, {"maxAge": 1, "period": "+5y", "endDate": null, "growth": 0.125, "earningsEstimate": {"avg": {}, "low": {}, "high": {}, "yearAgoEps": {}, "numberOfAnalysts": {}, "growth": {}}, "revenueEstimate": {"avg": {}, "low": {}, "high": {}, "numberOfAnalysts": {}, "yearAgoRevenue": {}, "growth": {}}, "epsTrend": {"current": {}, "7daysAgo": {}, "30daysAgo": {}, "60daysAgo": {}, "90daysAgo": {}}, "epsRevisions": {"upLast7days": {}, "upLast30days": {}, "downLast30days": {}, "downLast90days": {}}}, {"maxAge": 1, "period": "-5y", "endDate": null, "growth": 0.119849995, "earningsEstimate": {"avg": {}, "low": {}, "high": {}, "yearAgoEps": {}, "numberOfAnalysts": {}, "growth": {}}, "revenueEstimate": {"avg": {}, "low": {}, "high": {}, "numberOfAnalysts": {}, "yearAgoRevenue": {}, "growth": {}}, "epsTrend": {"current": {}, "7daysAgo": {}, "30daysAgo": {}, "60daysAgo": {}, "90daysAgo": {}}, "epsRevisions": {"upLast7days": {}, "upLast30days": {}, "downLast30days": {}, "downLast90days": {}}}], "maxAge": 1}, "institutionOwnership": {"ownershipList": [], "maxAge": 1}, "majorHoldersBreakdown": {"maxAge": 1, "insidersPercentHeld": 0.66751, "institutionsPercentHeld": 0.13321, "institutionsFloatPercentHeld": 0.40063, "institutionsCount": 35}, "balanceSheetHistoryQuarterly": {"balanceSheetStatements": [{"maxAge": 1, "endDate": "2020-12-31"}, {"maxAge": 1, "endDate": "2020-09-30", "cash": 9940900000, "netReceivables": 1741200000, "inventory": 4151400000, "otherCurrentAssets": 1834000000, "totalCurrentAssets": 17667500000, "propertyPlantEquipment": 2094300000, "goodWill": 5274900000, "intangibleAssets": 1739600000, "otherAssets": 3788700000, "deferredLongTermAssetCharges": 82000000, "totalAssets": 30565000000, "accountsPayable": 3202200000, "shortLongTermDebt": 25000000, "otherCurrentLiab": 4434000000, "otherLiab": 580000000, "totalCurrentLiabilities": 7661200000, "totalLiab": 9144500000, "commonStock": 457500000, "treasuryStock": 20963000000, "otherStockholderEquity": 20963000000, "totalStockholderEquity": 21420500000, "netTangibleAssets": 14406000000}, {"maxAge": 1, "endDate": "2020-06-30", "totalStockholderEquity": 33954900000, "netTangibleAssets": 26681000000}, {"maxAge": 1, "endDate": "2020-03-31", "cash": 17637900000, "shortTermInvestments": 4310000000, "netReceivables": 3306900000, "inventory": 4305900000, "otherCurrentAssets": 825600000, "totalCurrentAssets": 30482500000, "propertyPlantEquipment": 2152800000, "goodWill": 5274900000, "intangibleAssets": 1999000000, "otherAssets": 4144800000, "deferredLongTermAssetCharges": 6200000, "totalAssets": 44054000000, "accountsPayable": 4267800000, "shortLongTermDebt": 25000000, "otherCurrentLiab": 3232900000, "otherLiab": 478700000, "totalCurrentLiabilities": 8733600000, "totalLiab": 10099100000, "commonStock": 457500000, "retainedEarnings": 19950000000, "treasuryStock": 340700000, "capitalSurplus": 13206700000, "otherStockholderEquity": 340700000, "totalStockholderEquity": 33954900000, "netTangibleAssets": 26681000000}], "maxAge": 86400}, "earningsHistory": {"history": [{"maxAge": 1, "epsActual": {}, "epsEstimate": {}, "epsDifference": {}, "surprisePercent": {}, "quarter": {}, "period": "-4q"}, {"maxAge": 1, "epsActual": 14.87, "epsEstimate": 15.13, "epsDifference": -0.26, "surprisePercent": -0.017, "quarter": "2017-03-31", "period": "-3q"}, {"maxAge": 1, "epsActual": 12.5, "epsEstimate": 13.21, "epsDifference": -0.71, "surprisePercent": -0.054, "quarter": "2017-06-30", "period": "-2q"}, {"maxAge": 1, "epsActual": 22.84, "epsEstimate": 19.46, "epsDifference": 3.38, "surprisePercent": 0.174, "quarter": "2018-03-31", "period": "-1q"}], "maxAge": 86400}, "summaryProfile": {"address1": "The Capital", "address2": "1802 / 1901, 18th Floor Plot No. C-70, G Block Bandra Kurla Complex, Bandra East", "city": "Mumbai", "zip": "400051", "country": "India", "phone": "91 22 6693 2000", "fax": "91 22 2654 0274", "website": "http://www.pfizerindia.com", "industry": "Drug Manufacturers\u2014General", "sector": "Healthcare", "longBusinessSummary": "Pfizer Limited manufactures, markets, trades in, and exports pharmaceutical products in India and internationally. It offers its various products in various therapeutic areas, including anti-allergic, anti-diabetic, antihistamine, anti-infective, anti-parasitic, cardiovascular, dermatology, erectile dysfunction, neurology, pain/fever/inflammation, pediatrics, psychiatry, respiratory, urology, women's health, central nervous system, autoimmune disorders, and gastrointestinal. The company also provides multivitamins, vitamins/minerals, antibiotics, steroids, vaccines, and consumer healthcare products. It sells its products through a network of independent distributors primarily under the Minipress XL, Folvite, Magnex, Eliquis, Gelusil, Lyrica, Ovral L, Citralka, Prevenar 13, Autrin, Zavicefta, Wysolone, Xeljanz, Corex, Mucaine, Becosules, Ativan, Neksium, Meronem, And Dolonex brand names. Pfizer Limited has a strategic partnership with GlobalSpace Technologies Limited to leverage the Makebot platform for vaccine awareness and DocExa platform for consultation by specialists. The company was incorporated in 1950 and is headquartered in Mumbai, India.", "fullTimeEmployees": 2489, "companyOfficers": [], "maxAge": 86400}, "netSharePurchaseActivity": {"maxAge": 1, "period": "6m", "buyInfoCount": 0, "buyInfoShares": 0, "sellInfoCount": 0, "netInfoCount": 0, "netInfoShares": 0, "netPercentInsiderShares": 0.0, "totalInsiderShares": 30540690}, "insiderTransactions": {"transactions": [{"maxAge": 1, "shares": 25, "filerUrl": "", "transactionText": "", "filerName": "Gupta (Anil)", "filerRelation": "UNREPORTED", "moneyText": "", "startDate": "2020-02-20", "ownership": "D"}, {"maxAge": 1, "shares": 100, "filerUrl": "", "transactionText": "", "filerName": "Gupta (Anil)", "filerRelation": "UNREPORTED", "moneyText": "", "startDate": "2020-02-17", "ownership": "D"}, {"maxAge": 1, "shares": 150, "filerUrl": "", "transactionText": "", "filerName": "Gupta (Anil)", "filerRelation": "UNREPORTED", "moneyText": "", "startDate": "2020-02-12", "ownership": "D"}, {"maxAge": 1, "shares": 25, "filerUrl": "", "transactionText": "", "filerName": "Gupta (Anil)", "filerRelation": "UNREPORTED", "moneyText": "", "startDate": "2020-02-04", "ownership": "D"}, {"maxAge": 1, "shares": 125, "filerUrl": "", "transactionText": "", "filerName": "Gupta (Anil)", "filerRelation": "UNREPORTED", "moneyText": "", "startDate": "2020-02-03", "ownership": "D"}, {"maxAge": 1, "shares": 18186334, "filerUrl": "", "transactionText": "", "filerName": "Pharmacia Corp", "filerRelation": "Promoter", "moneyText": "", "startDate": "2014-03-03", "ownership": "D"}, {"maxAge": 1, "shares": 201710, "filerUrl": "", "transactionText": "", "filerName": "Uti-Master Equity Plan Unit Scheme", "filerRelation": "Investment Management Company", "moneyText": "", "startDate": "2013-11-29", "ownership": "D"}, {"maxAge": 1, "shares": 810923, "filerUrl": "", "transactionText": "", "filerName": "Uti-Master Equity Plan Unit Scheme", "filerRelation": "Investment Management Company", "moneyText": "", "startDate": "2013-11-29", "ownership": "D"}], "maxAge": 1}, "sectorTrend": {"maxAge": 1, "symbol": null, "estimates": []}, "incomeStatementHistoryQuarterly": {"incomeStatementHistory": [{"maxAge": 1, "endDate": "2020-12-31", "totalRevenue": 6080600000, "costOfRevenue": 2125700000, "grossProfit": 3954900000, "researchDevelopment": {}, "sellingGeneralAdministrative": 941200000, "nonRecurring": {}, "otherOperatingExpenses": 900300000, "totalOperatingExpenses": 4239500000, "operatingIncome": 1841100000, "totalOtherIncomeExpenseNet": -38500000, "ebit": 1841100000, "interestExpense": -38500000, "incomeBeforeTax": 1802600000, "incomeTaxExpense": 390200000, "minorityInterest": {}, "netIncomeFromContinuingOps": 1412400000, "discontinuedOperations": {}, "extraordinaryItems": {}, "effectOfAccountingCharges": {}, "otherItems": {}, "netIncome": 1412400000, "netIncomeApplicableToCommonShares": 1412400000}, {"maxAge": 1, "endDate": "2020-09-30", "totalRevenue": 5954100000, "costOfRevenue": 2118100000, "grossProfit": 3836000000, "researchDevelopment": {}, "sellingGeneralAdministrative": 862100000, "nonRecurring": {}, "otherOperatingExpenses": 940700000, "totalOperatingExpenses": 4198200000, "operatingIncome": 1755900000, "totalOtherIncomeExpenseNet": 74400000, "ebit": 1755900000, "interestExpense": -47100000, "incomeBeforeTax": 1830300000, "incomeTaxExpense": 516600000, "minorityInterest": {}, "netIncomeFromContinuingOps": 1313700000, "discontinuedOperations": {}, "extraordinaryItems": {}, "effectOfAccountingCharges": {}, "otherItems": {}, "netIncome": 1313700000, "netIncomeApplicableToCommonShares": 1313700000}, {"maxAge": 1, "endDate": "2020-06-30", "totalRevenue": 5148900000, "costOfRevenue": 1775900000, "grossProfit": 3373000000, "researchDevelopment": {}, "sellingGeneralAdministrative": 859000000, "nonRecurring": {}, "otherOperatingExpenses": 651100000, "totalOperatingExpenses": 3557400000, "operatingIncome": 1591500000, "totalOtherIncomeExpenseNet": 141900000, "ebit": 1591500000, "interestExpense": -30100000, "incomeBeforeTax": 1733400000, "incomeTaxExpense": 488900000, "minorityInterest": {}, "netIncomeFromContinuingOps": 1244500000, "discontinuedOperations": {}, "extraordinaryItems": {}, "effectOfAccountingCharges": {}, "otherItems": {}, "netIncome": 1244500000, "netIncomeApplicableToCommonShares": 1244500000}, {"maxAge": 1, "endDate": "2020-03-31", "totalRevenue": 5020100000, "costOfRevenue": 1971700000, "grossProfit": 3048400000, "researchDevelopment": {}, "sellingGeneralAdministrative": 1892600000, "nonRecurring": {}, "otherOperatingExpenses": -48200000, "totalOperatingExpenses": 4097600000, "operatingIncome": 922500000, "totalOtherIncomeExpenseNet": 296500000, "ebit": 922500000, "interestExpense": -36200000, "incomeBeforeTax": 1219000000, "incomeTaxExpense": 188900000, "minorityInterest": {}, "netIncomeFromContinuingOps": 1030100000, "discontinuedOperations": {}, "extraordinaryItems": {}, "effectOfAccountingCharges": {}, "otherItems": {}, "netIncome": 1030100000, "netIncomeApplicableToCommonShares": 1030100000}], "maxAge": 86400}, "cashflowStatementHistoryQuarterly": {"cashflowStatements": [{"maxAge": 1, "endDate": "2020-12-31", "netIncome": 1412400000, "changeToLiabilities": 0}, {"maxAge": 1, "endDate": "2020-09-30", "netIncome": 1313700000, "changeToLiabilities": 0}, {"maxAge": 1, "endDate": "2020-06-30", "netIncome": 1244500000, "changeToLiabilities": 0}, {"maxAge": 1, "endDate": "2020-03-31", "netIncome": 1030100000, "changeToLiabilities": 0}], "maxAge": 86400}, "earnings": {"maxAge": 86400, "earningsChart": {"quarterly": [{"date": "1Q2017", "actual": 14.87, "estimate": 15.13}, {"date": "2Q2017", "actual": 12.5, "estimate": 13.21}, {"date": "1Q2018", "actual": 22.84, "estimate": 19.46}], "currentQuarterEstimate": 20.44, "currentQuarterEstimateDate": "2Q", "currentQuarterEstimateYear": 2018, "earningsDate": []}, "financialsChart": {"yearly": [{"date": 2017, "revenue": 19662600000, "earnings": 3367800000}, {"date": 2018, "revenue": 19685100000, "earnings": 3600700000}, {"date": 2019, "revenue": 20815000000, "earnings": 4290500000}, {"date": 2020, "revenue": 21516500000, "earnings": 5091300000}], "quarterly": [{"date": "1Q2020", "revenue": 5020100000, "earnings": 1030100000}, {"date": "2Q2020", "revenue": 5148900000, "earnings": 1244500000}, {"date": "3Q2020", "revenue": 5954100000, "earnings": 1313700000}, {"date": "4Q2020", "revenue": 6080600000, "earnings": 1412400000}]}, "financialCurrency": "INR"}, "financialData": {"maxAge": 86400, "currentPrice": 5273.5, "targetHighPrice": 3000.0, "targetLowPrice": 2620.0, "targetMeanPrice": 2805.0, "targetMedianPrice": 2800.0, "recommendationMean": 2.0, "recommendationKey": "buy", "numberOfAnalystOpinions": 4, "totalCash": 9940899840, "totalCashPerShare": 217.272, "ebitda": 6574275072, "totalDebt": 928300032, "totalRevenue": 22058000384, "debtToEquity": 4.334, "revenuePerShare": 482.14, "grossProfits": 13532300000, "earningsGrowth": 0.015, "revenueGrowth": 0.103, "grossMargins": 0.63771, "ebitdaMargins": 0.29804, "operatingMargins": 0.27044, "profitMargins": 0.22670999, "financialCurrency": "INR"}}}