{"PFIZER.BO": {"recommendationTrend": {"trend": [{"period": "0m", "strongBuy": 0, "buy": 0, "hold": 0, "sell": 0, "strongSell": 0}, {"period": "-1m", "strongBuy": 0, "buy": 0, "hold": 0, "sell": 0, "strongSell": 0}, {"period": "-2m", "strongBuy": 0, "buy": 0, "hold": 0, "sell": 0, "strongSell": 0}, {"period": "-3m", "strongBuy": 0, "buy": 0, "hold": 0, "sell": 0, "strongSell": 0}], "maxAge": 86400}, "cashflowStatementHistory": {"cashflowStatements": [{"maxAge": 1, "endDate": "2020-03-31", "netIncome": 5091300000, "depreciation": 1010600000, "changeToNetincome": -2367300000, "changeToAccountReceivables": -24600000, "changeToLiabilities": 32200000, "changeToInventory": -439300000, "changeToOperatingActivities": -92900000, "totalCashFromOperatingActivities": 3231800000, "capitalExpenditures": -383900000, "investments": 13842700000, "otherCashflowsFromInvestingActivities": 1478700000, "totalCashflowsFromInvestingActivities": 15303200000, "dividendsPaid": -1029300000, "netBorrowings": -390000000, "otherCashflowsFromFinancingActivities": -215900000, "totalCashFromFinancingActivities": -1635200000, "changeInCash": 16899800000}, {"maxAge": 1, "endDate": "2019-03-31", "netIncome": 4290500000, "depreciation": 692100000, "changeToNetincome": -1575600000, "changeToAccountReceivables": -192400000, "changeToLiabilities": -591000000, "changeToInventory": -908200000, "changeToOperatingActivities": -759100000, "totalCashFromOperatingActivities": 978100000, "capitalExpenditures": -44900000, "investments": -1194000000, "otherCashflowsFromInvestingActivities": 1276500000, "totalCashflowsFromInvestingActivities": 351200000, "dividendsPaid": -910500000, "netBorrowings": -390000000, "otherCashflowsFromFinancingActivities": -188000000, "totalCashFromFinancingActivities": -1098500000, "changeInCash": 230800000}, {"maxAge": 1, "endDate": "2018-03-31", "netIncome": 3600700000, "depreciation": 652500000, "changeToNetincome": -1050000000, "changeToAccountReceivables": -452600000, "changeToLiabilities": 1099900000, "changeToInventory": 248400000, "changeToOperatingActivities": -790900000, "totalCashFromOperatingActivities": 3318000000, "capitalExpenditures": -881100000, "investments": -2656200000, "otherCashflowsFromInvestingActivities": 966600000, "totalCashflowsFromInvestingActivities": -2383100000, "dividendsPaid": -688550000, "netBorrowings": -390000000, "otherCashflowsFromFinancingActivities": -186200000, "totalCashFromFinancingActivities": -1103500000, "changeInCash": -168600000}, {"maxAge": 1, "endDate": "2017-03-31", "netIncome": 3367800000, "depreciation": 629300000, "changeToNetincome": -2198000000, "changeToAccountReceivables": 182400000, "changeToLiabilities": 608900000, "changeToInventory": 387800000, "changeToOperatingActivities": 310000000, "totalCashFromOperatingActivities": 3288200000, "capitalExpenditures": -252900000, "investments": -5020000000, "otherCashflowsFromInvestingActivities": 837600000, "totalCashflowsFromInvestingActivities": -2496400000, "dividendsPaid": -686200000, "netBorrowings": -390000000, "otherCashflowsFromFinancingActivities": -139700000, "totalCashFromFinancingActivities": -825900000, "effectOfExchangeRate": -500000, "changeInCash": -34600000}], "maxAge": 86400}, "institutionOwnership": {"ownershipList": [], "maxAge": 1}, "balanceSheetHistoryQuarterly": {"balanceSheetStatements": [{"maxAge": 1, "endDate": "2020-06-30", "totalStockholderEquity": 33954900000, "netTangibleAssets": 26681000000}, {"maxAge": 1, "endDate": "2020-03-31", "cash": 17637900000, "shortTermInvestments": 4310000000, "netReceivables": 3306900000, "inventory": 4305900000, "otherCurrentAssets": 825600000, "totalCurrentAssets": 30482500000, "propertyPlantEquipment": 2152800000, "goodWill": 5274900000, "intangibleAssets": 1999000000, "otherAssets": 4144800000, "deferredLongTermAssetCharges": 6200000, "totalAssets": 44054000000, "accountsPayable": 4267800000, "shortLongTermDebt": 25000000, "otherCurrentLiab": 3232900000, "otherLiab": 478700000, "totalCurrentLiabilities": 8733600000, "totalLiab": 10099100000, "commonStock": 457500000, "retainedEarnings": 19950000000, "treasuryStock": 340700000, "capitalSurplus": 13206700000, "otherStockholderEquity": 340700000, "totalStockholderEquity": 33954900000, "netTangibleAssets": 26681000000}, {"maxAge": 1, "endDate": "2019-12-31", "totalStockholderEquity": 31560800000, "netTangibleAssets": 23999900000}, {"maxAge": 1, "endDate": "2019-09-30", "cash": 20253900000, "netReceivables": 2417700000, "inventory": 3165700000, "otherCurrentAssets": 1976600000, "totalCurrentAssets": 27813900000, "propertyPlantEquipment": 1872900000, "goodWill": 5274900000, "intangibleAssets": 2286000000, "otherAssets": 4033700000, "deferredLongTermAssetCharges": 133000000, "totalAssets": 41281400000, "accountsPayable": 3806100000, "shortLongTermDebt": 25000000, "otherCurrentLiab": 5197000000, "otherLiab": 692500000, "totalCurrentLiabilities": 9028100000, "totalLiab": 9720600000, "commonStock": 457500000, "treasuryStock": 31103300000, "otherStockholderEquity": 31103300000, "totalStockholderEquity": 31560800000, "netTangibleAssets": 23999900000}], "maxAge": 86400}, "earningsHistory": {"history": [{"maxAge": 1, "epsActual": 14.87, "epsEstimate": 15.13, "epsDifference": -0.26, "surprisePercent": -0.017, "quarter": "2017-03-31", "period": "-4q"}, {"maxAge": 1, "epsActual": 12.5, "epsEstimate": 13.21, "epsDifference": -0.71, "surprisePercent": -0.054, "quarter": "2017-06-30", "period": "-3q"}, {"maxAge": 1, "epsActual": 22.84, "epsEstimate": 19.46, "epsDifference": 3.38, "surprisePercent": 0.174, "quarter": "2018-03-31", "period": "-2q"}, {"maxAge": 1, "epsActual": 20.07, "epsEstimate": 20.57, "epsDifference": -0.5, "surprisePercent": -0.024, "quarter": "2018-06-30", "period": "-1q"}], "maxAge": 86400}, "indexTrend": {"maxAge": 1, "symbol": "SP5", "peRatio": 19.7411, "pegRatio": 1.34172, "estimates": [{"period": "0q", "growth": 0.549}, {"period": "+1q", "growth": 0.431}, {"period": "0y", "growth": 0.305}, {"period": "+1y", "growth": 0.109}, {"period": "+5y", "growth": 0.120865}, {"period": "-5y"}]}, "industryTrend": {"maxAge": 1, "symbol": null, "estimates": []}, "insiderTransactions": {"transactions": [{"maxAge": 1, "shares": 25, "filerUrl": "", "transactionText": "", "filerName": "Gupta (Anil)", "filerRelation": "UNREPORTED", "moneyText": "", "startDate": "2020-02-20", "ownership": "D"}, {"maxAge": 1, "shares": 100, "filerUrl": "", "transactionText": "", "filerName": "Gupta (Anil)", "filerRelation": "UNREPORTED", "moneyText": "", "startDate": "2020-02-17", "ownership": "D"}, {"maxAge": 1, "shares": 150, "filerUrl": "", "transactionText": "", "filerName": "Gupta (Anil)", "filerRelation": "UNREPORTED", "moneyText": "", "startDate": "2020-02-12", "ownership": "D"}, {"maxAge": 1, "shares": 25, "filerUrl": "", "transactionText": "", "filerName": "Gupta (Anil)", "filerRelation": "UNREPORTED", "moneyText": "", "startDate": "2020-02-04", "ownership": "D"}, {"maxAge": 1, "shares": 125, "filerUrl": "", "transactionText": "", "filerName": "Gupta (Anil)", "filerRelation": "UNREPORTED", "moneyText": "", "startDate": "2020-02-03", "ownership": "D"}, {"maxAge": 1, "shares": 18186334, "filerUrl": "", "transactionText": "", "filerName": "Pharmacia Corp", "filerRelation": "Promoter", "moneyText": "", "startDate": "2014-03-03", "ownership": "D"}, {"maxAge": 1, "shares": 201710, "filerUrl": "", "transactionText": "", "filerName": "Uti-Master Equity Plan Unit Scheme", "filerRelation": "Investment Management Company", "moneyText": "", "startDate": "2013-11-29", "ownership": "D"}, {"maxAge": 1, "shares": 810923, "filerUrl": "", "transactionText": "", "filerName": "Uti-Master Equity Plan Unit Scheme", "filerRelation": "Investment Management Company", "moneyText": "", "startDate": "2013-11-29", "ownership": "D"}], "maxAge": 1}, "quoteType": {"exchange": "BSE", "quoteType": "EQUITY", "symbol": "PFIZER.BO", "underlyingSymbol": "PFIZER.BO", "shortName": "PFIZER LTD.", "longName": "Pfizer Limited", "firstTradeDateEpochUtc": "2000-01-03 09:15:00", "timeZoneFullName": "Asia/Kolkata", "timeZoneShortName": "IST", "uuid": "b17c1015-711d-3bf0-9217-d61ae5bcb2a5", "gmtOffSetMilliseconds": 19800000, "maxAge": 1}, "incomeStatementHistory": {"incomeStatementHistory": [{"maxAge": 1, "endDate": "2020-03-31", "totalRevenue": 21516500000, "costOfRevenue": 7984200000, "grossProfit": 13532300000, "researchDevelopment": {}, "sellingGeneralAdministrative": 4531200000, "nonRecurring": {}, "otherOperatingExpenses": 3158600000, "totalOperatingExpenses": 16703800000, "operatingIncome": 4812700000, "totalOtherIncomeExpenseNet": 1612200000, "ebit": 4812700000, "interestExpense": -108500000, "incomeBeforeTax": 6424900000, "incomeTaxExpense": 1333600000, "minorityInterest": {}, "netIncomeFromContinuingOps": 5091300000, "discontinuedOperations": {}, "extraordinaryItems": {}, "effectOfAccountingCharges": {}, "otherItems": {}, "netIncome": 5091300000, "netIncomeApplicableToCommonShares": 5091300000}, {"maxAge": 1, "endDate": "2019-03-31", "totalRevenue": 20815000000, "costOfRevenue": 7532400000, "grossProfit": 13282600000, "researchDevelopment": {}, "sellingGeneralAdministrative": 4415500000, "nonRecurring": {}, "otherOperatingExpenses": 3129400000, "totalOperatingExpenses": 15788500000, "operatingIncome": 5026500000, "totalOtherIncomeExpenseNet": 1572600000, "ebit": 5026500000, "interestExpense": -12900000, "incomeBeforeTax": 6599100000, "incomeTaxExpense": 2308600000, "minorityInterest": {}, "netIncomeFromContinuingOps": 4290500000, "discontinuedOperations": {}, "extraordinaryItems": {}, "effectOfAccountingCharges": {}, "otherItems": {}, "netIncome": 4290500000, "netIncomeApplicableToCommonShares": 4290500000}, {"maxAge": 1, "endDate": "2018-03-31", "totalRevenue": 19685100000, "costOfRevenue": 7461400000, "grossProfit": 12223700000, "researchDevelopment": {}, "sellingGeneralAdministrative": 4209900000, "nonRecurring": {}, "otherOperatingExpenses": 2946200000, "totalOperatingExpenses": 15277300000, "operatingIncome": 4407800000, "totalOtherIncomeExpenseNet": 1071300000, "ebit": 4407800000, "interestExpense": -4200000, "incomeBeforeTax": 5479100000, "incomeTaxExpense": 1878400000, "minorityInterest": {}, "netIncomeFromContinuingOps": 3600700000, "discontinuedOperations": {}, "extraordinaryItems": {}, "effectOfAccountingCharges": {}, "otherItems": {}, "netIncome": 3600700000, "netIncomeApplicableToCommonShares": 3600700000}, {"maxAge": 1, "endDate": "2017-03-31", "totalRevenue": 19662600000, "costOfRevenue": 8048000000, "grossProfit": 11614600000, "researchDevelopment": {}, "sellingGeneralAdministrative": 4086400000, "nonRecurring": {}, "otherOperatingExpenses": 3975600000, "totalOperatingExpenses": 16736700000, "operatingIncome": 2925900000, "totalOtherIncomeExpenseNet": 2242400000, "ebit": 2925900000, "interestExpense": -9600000, "incomeBeforeTax": 5168300000, "incomeTaxExpense": 1800500000, "minorityInterest": {}, "netIncomeFromContinuingOps": 3367800000, "discontinuedOperations": {}, "extraordinaryItems": {}, "effectOfAccountingCharges": {}, "otherItems": {}, "netIncome": 3367800000, "netIncomeApplicableToCommonShares": 3367800000}], "maxAge": 86400}, "fundOwnership": {"ownershipList": [{"maxAge": 1, "reportDate": "2020-07-31", "organization": "Vanguard International Stock Index-Total Intl Stock Indx", "pctHeld": 0.0045, "position": 208036, "value": 888656979}, {"maxAge": 1, "reportDate": "2020-07-31", "organization": "Vanguard International Stock Index-Emerging Markets Stk", "pctHeld": 0.0033000002, "position": 148714, "value": 635254158}, {"maxAge": 1, "reportDate": "2020-07-31", "organization": "DFA Emerging Markets Small Cap Series", "pctHeld": 0.0018000001, "position": 84560, "value": 361210724}, {"maxAge": 1, "reportDate": "2020-07-31", "organization": "DFA Emerging Markets Core Equity Portfolio", "pctHeld": 0.0014, "position": 64451, "value": 275312114}, {"maxAge": 1, "reportDate": "2020-07-31", "organization": "Vanguard Intl Equity Index Fds-FTSE All World ex U.S.Small Cap Index", "pctHeld": 0.0007, "position": 30663, "value": 130981603}, {"maxAge": 1, "reportDate": "2020-08-31", "organization": "SPDR Portfolio Emerging Markets ETF", "pctHeld": 0.00029999999, "position": 14042, "value": 64520883}, {"maxAge": 1, "reportDate": "2020-08-31", "organization": "SPDR (R) Idx Shares-SPDR (R) Emerging Markets Small Cap ETF", "pctHeld": 0.0002, "position": 9137, "value": 41983144}, {"maxAge": 1, "reportDate": "2020-07-31", "organization": "Vanguard Intl Equity Index - Total World Stock Index Fd", "pctHeld": 0.0001, "position": 4184, "value": 17872583}, {"maxAge": 1, "reportDate": "2020-07-31", "organization": "DFA Emerging Markets Series", "pctHeld": 0.0001, "position": 2520, "value": 10764558}, {"maxAge": 1, "reportDate": "2020-07-31", "organization": "DFA T.A. World Ex U.S. Core Equity Portfolio", "pctHeld": 0.0001, "position": 2484, "value": 10610778}], "maxAge": 1}, "summaryDetail": {"maxAge": 1, "priceHint": 2, "previousClose": 5305.15, "open": 5355.0, "dayLow": 5255.4, "dayHigh": 5423.6, "regularMarketPreviousClose": 5305.15, "regularMarketOpen": 5355.0, "regularMarketDayLow": 5255.4, "regularMarketDayHigh": 5423.6, "trailingPE": 46.31696, "forwardPE": 69.1377, "volume": 6062, "regularMarketVolume": 6062, "averageVolume": 12312, "averageVolume10days": 4323, "averageDailyVolume10Day": 4323, "bid": 5265.0, "ask": 5350.0, "bidSize": 0, "askSize": 0, "marketCap": 241170432000, "fiftyTwoWeekLow": 3588.15, "fiftyTwoWeekHigh": 5875.0, "fiftyDayAverage": 5064.4546, "twoHundredDayAverage": 4905.5425, "trailingAnnualDividendRate": 10.0, "trailingAnnualDividendYield": 0.0018849609, "currency": "INR", "fromCurrency": null, "lastMarket": null, "algorithm": null, "tradeable": false}, "sectorTrend": {"maxAge": 1, "symbol": null, "estimates": []}, "incomeStatementHistoryQuarterly": {"incomeStatementHistory": [{"maxAge": 1, "endDate": "2020-06-30", "totalRevenue": 5148900000, "costOfRevenue": 1775900000, "grossProfit": 3373000000, "researchDevelopment": {}, "sellingGeneralAdministrative": 859000000, "nonRecurring": {}, "otherOperatingExpenses": 651100000, "totalOperatingExpenses": 3557400000, "operatingIncome": 1591500000, "totalOtherIncomeExpenseNet": 141900000, "ebit": 1591500000, "interestExpense": -30100000, "incomeBeforeTax": 1733400000, "incomeTaxExpense": 488900000, "minorityInterest": {}, "netIncomeFromContinuingOps": 1244500000, "discontinuedOperations": {}, "extraordinaryItems": {}, "effectOfAccountingCharges": {}, "otherItems": {}, "netIncome": 1244500000, "netIncomeApplicableToCommonShares": 1244500000}, {"maxAge": 1, "endDate": "2020-03-31", "totalRevenue": 5020100000, "costOfRevenue": 1971700000, "grossProfit": 3048400000, "researchDevelopment": {}, "sellingGeneralAdministrative": 1892600000, "nonRecurring": {}, "otherOperatingExpenses": -48200000, "totalOperatingExpenses": 4097600000, "operatingIncome": 922500000, "totalOtherIncomeExpenseNet": 296500000, "ebit": 922500000, "interestExpense": -36200000, "incomeBeforeTax": 1219000000, "incomeTaxExpense": 188900000, "minorityInterest": {}, "netIncomeFromContinuingOps": 1030100000, "discontinuedOperations": {}, "extraordinaryItems": {}, "effectOfAccountingCharges": {}, "otherItems": {}, "netIncome": 1030100000, "netIncomeApplicableToCommonShares": 1030100000}, {"maxAge": 1, "endDate": "2019-12-31", "totalRevenue": 5381800000, "costOfRevenue": 2008000000, "grossProfit": 3373800000, "researchDevelopment": {}, "sellingGeneralAdministrative": 899800000, "nonRecurring": {}, "otherOperatingExpenses": 1139600000, "totalOperatingExpenses": 4294400000, "operatingIncome": 1087400000, "totalOtherIncomeExpenseNet": 557600000, "ebit": 1087400000, "interestExpense": -24600000, "incomeBeforeTax": 1645000000, "incomeTaxExpense": 254400000, "minorityInterest": {}, "netIncomeFromContinuingOps": 1390600000, "discontinuedOperations": {}, "extraordinaryItems": {}, "effectOfAccountingCharges": {}, "otherItems": {}, "netIncome": 1390600000, "netIncomeApplicableToCommonShares": 1390600000}, {"maxAge": 1, "endDate": "2019-09-30", "totalRevenue": 5670600000, "costOfRevenue": 2094300000, "grossProfit": 3576300000, "researchDevelopment": {}, "sellingGeneralAdministrative": 862400000, "nonRecurring": {}, "otherOperatingExpenses": 1072100000, "totalOperatingExpenses": 4280100000, "operatingIncome": 1390500000, "totalOtherIncomeExpenseNet": 421300000, "ebit": 1390500000, "interestExpense": -26200000, "incomeBeforeTax": 1811800000, "incomeTaxExpense": 269300000, "minorityInterest": {}, "netIncomeFromContinuingOps": 1542500000, "discontinuedOperations": {}, "extraordinaryItems": {}, "effectOfAccountingCharges": {}, "otherItems": {}, "netIncome": 1542500000, "netIncomeApplicableToCommonShares": 1542500000}], "maxAge": 86400}, "cashflowStatementHistoryQuarterly": {"cashflowStatements": [{"maxAge": 1, "endDate": "2020-06-30", "netIncome": 1244500000, "changeToLiabilities": 0}, {"maxAge": 1, "endDate": "2020-03-31", "netIncome": 1030100000, "changeToLiabilities": 0}, {"maxAge": 1, "endDate": "2019-12-31", "netIncome": 1390600000, "changeToLiabilities": 0}, {"maxAge": 1, "endDate": "2019-09-30", "netIncome": 1542500000, "changeToLiabilities": 0}], "maxAge": 86400}, "insiderHolders": {"holders": [{"maxAge": 1, "name": "Gupta (Anil)", "relation": "UNREPORTED", "url": "", "transactionDescription": "Acquisition", "latestTransDate": "2020-02-20", "positionDirect": 125, "positionDirectDate": "2020-02-20"}, {"maxAge": 1, "name": "Pharmacia Corp", "relation": "Promoter", "url": "", "transactionDescription": "Other", "latestTransDate": "2014-03-03", "positionDirect": 783941, "positionDirectDate": "2014-03-03"}, {"maxAge": 1, "name": "Uti-Master Equity Plan Unit Scheme", "relation": "Investment Management Company", "url": "", "transactionDescription": "Acquisition", "latestTransDate": "2013-11-29", "positionDirect": 1708688, "positionDirectDate": "2013-11-29"}], "maxAge": 1}, "earnings": {"maxAge": 86400, "earningsChart": {"quarterly": [{"date": "1Q2017", "actual": 14.87, "estimate": 15.13}, {"date": "2Q2017", "actual": 12.5, "estimate": 13.21}, {"date": "1Q2018", "actual": 22.84, "estimate": 19.46}, {"date": "2Q2018", "actual": 20.07, "estimate": 20.57}], "currentQuarterEstimateDate": "3Q", "currentQuarterEstimateYear": 2018, "earningsDate": ["2020-11-14 05:30:S", "2020-11-15 05:30:S"]}, "financialsChart": {"yearly": [{"date": 2017, "revenue": 19662600000, "earnings": 3367800000}, {"date": 2018, "revenue": 19685100000, "earnings": 3600700000}, {"date": 2019, "revenue": 20815000000, "earnings": 4290500000}, {"date": 2020, "revenue": 21516500000, "earnings": 5091300000}], "quarterly": [{"date": "3Q2019", "revenue": 5670600000, "earnings": 1542500000}, {"date": "4Q2019", "revenue": 5381800000, "earnings": 1390600000}, {"date": "1Q2020", "revenue": 5020100000, "earnings": 1030100000}, {"date": "2Q2020", "revenue": 5148900000, "earnings": 1244500000}]}, "financialCurrency": "INR"}, "calendarEvents": {"maxAge": 1, "earnings": {"earningsDate": ["2020-11-14 05:30:S", "2020-11-15 05:30:S"], "revenueAverage": 5197400000, "revenueLow": 5550000000, "revenueHigh": 5550000000}}, "upgradeDowngradeHistory": {"history": [], "maxAge": 86400}, "price": {"maxAge": 1, "regularMarketChangePercent": -0.006295751, "regularMarketChange": -33.399902, "regularMarketTime": "2021-04-30 15:29:35", "priceHint": 2, "regularMarketPrice": 5271.75, "regularMarketDayHigh": 5423.6, "regularMarketDayLow": 5255.4, "regularMarketVolume": 6062, "averageDailyVolume10Day": 4323, "averageDailyVolume3Month": 12312, "regularMarketPreviousClose": 5305.15, "regularMarketSource": "FREE_REALTIME", "regularMarketOpen": 5355.0, "exchange": "BSE", "exchangeName": "BSE", "exchangeDataDelayedBy": 0, "marketState": "CLOSED", "quoteType": "EQUITY", "symbol": "PFIZER.BO", "underlyingSymbol": null, "shortName": "PFIZER LTD.", "longName": "Pfizer Limited", "currency": "INR", "quoteSourceName": "Delayed Quote", "currencySymbol": "\u20b9", "fromCurrency": null, "lastMarket": null, "marketCap": 241170432000}, "balanceSheetHistory": {"balanceSheetStatements": [{"maxAge": 1, "endDate": "2020-03-31", "cash": 17637900000, "shortTermInvestments": 4310000000, "netReceivables": 3306900000, "inventory": 4305900000, "otherCurrentAssets": 825600000, "totalCurrentAssets": 30482500000, "propertyPlantEquipment": 2152800000, "goodWill": 5274900000, "intangibleAssets": 1999000000, "otherAssets": 4144800000, "deferredLongTermAssetCharges": 6200000, "totalAssets": 44054000000, "accountsPayable": 4267800000, "shortLongTermDebt": 25000000, "otherCurrentLiab": 3232900000, "otherLiab": 478700000, "totalCurrentLiabilities": 8733600000, "totalLiab": 10099100000, "commonStock": 457500000, "retainedEarnings": 19950000000, "treasuryStock": 340700000, "capitalSurplus": 13206700000, "otherStockholderEquity": 340700000, "totalStockholderEquity": 33954900000, "netTangibleAssets": 26681000000}, {"maxAge": 1, "endDate": "2019-03-31", "cash": 738100000, "shortTermInvestments": 18180000000, "netReceivables": 3494600000, "inventory": 3866600000, "otherCurrentAssets": 606300000, "totalCurrentAssets": 27153600000, "propertyPlantEquipment": 714300000, "goodWill": 5274900000, "intangibleAssets": 2549400000, "otherAssets": 3707700000, "totalAssets": 39399900000, "accountsPayable": 4359200000, "shortLongTermDebt": 25000000, "otherCurrentLiab": 3785400000, "otherLiab": 369600000, "totalCurrentLiabilities": 8916900000, "totalLiab": 9286500000, "commonStock": 457500000, "retainedEarnings": 16099600000, "treasuryStock": 349600000, "capitalSurplus": 13206700000, "otherStockholderEquity": 349600000, "totalStockholderEquity": 30113400000, "netTangibleAssets": 22289100000}, {"maxAge": 1, "endDate": "2018-03-31", "cash": 507300000, "shortTermInvestments": 16980000000, "netReceivables": 3081000000, "inventory": 2970600000, "otherCurrentAssets": 547300000, "totalCurrentAssets": 24167200000, "propertyPlantEquipment": 825400000, "goodWill": 5274900000, "intangibleAssets": 3076100000, "otherAssets": 3556000000, "totalAssets": 36899600000, "accountsPayable": 4956300000, "shortLongTermDebt": 25000000, "otherCurrentLiab": 3875800000, "otherLiab": 523200000, "totalCurrentLiabilities": 9544400000, "totalLiab": 10067600000, "commonStock": 457500000, "retainedEarnings": 12912100000, "treasuryStock": 255700000, "capitalSurplus": 13206700000, "otherStockholderEquity": 255700000, "totalStockholderEquity": 26832000000, "netTangibleAssets": 18481000000}, {"maxAge": 1, "endDate": "2017-03-31", "cash": 675900000, "shortTermInvestments": 14320000000, "netReceivables": 1558400000, "inventory": 3219000000, "otherCurrentAssets": 677900000, "totalCurrentAssets": 20513100000, "propertyPlantEquipment": 871900000, "goodWill": 5274900000, "intangibleAssets": 2677500000, "otherAssets": 3272200000, "totalAssets": 32609600000, "accountsPayable": 3880000000, "shortLongTermDebt": 25000000, "otherCurrentLiab": 3140500000, "otherLiab": 624100000, "totalCurrentLiabilities": 7796700000, "totalLiab": 8420800000, "commonStock": 457500000, "retainedEarnings": 10412600000, "treasuryStock": 112000000, "capitalSurplus": 13206700000, "otherStockholderEquity": 112000000, "totalStockholderEquity": 24188800000, "netTangibleAssets": 16236400000}], "maxAge": 86400}, "earningsTrend": {"trend": [{"maxAge": 1, "period": "0q", "endDate": "2018-09-30", "growth": {}, "earningsEstimate": {"avg": 0.0, "low": 0.0, "high": 0.0, "yearAgoEps": 14.87, "numberOfAnalysts": 0, "growth": {}}, "revenueEstimate": {"avg": 5197400000, "low": 5550000000, "high": 5550000000, "numberOfAnalysts": 1, "yearAgoRevenue": 5948200000, "growth": -0.126}, "epsTrend": {"current": 0.0, "7daysAgo": 0.0, "30daysAgo": 0.0, "60daysAgo": 0.0, "90daysAgo": 0.0}, "epsRevisions": {"upLast7days": 0, "upLast30days": 0, "downLast30days": 0, "downLast90days": {}}}, {"maxAge": 1, "period": "+1q", "endDate": "2018-12-31", "growth": {}, "earningsEstimate": {"avg": 0.0, "low": 0.0, "high": 0.0, "yearAgoEps": 12.5, "numberOfAnalysts": 0, "growth": {}}, "revenueEstimate": {"avg": 0, "low": 0, "high": 0, "numberOfAnalysts": 0, "yearAgoRevenue": {}, "growth": {}}, "epsTrend": {"current": 0.0, "7daysAgo": 0.0, "30daysAgo": 0.0, "60daysAgo": 0.0, "90daysAgo": 0.0}, "epsRevisions": {"upLast7days": 0, "upLast30days": 0, "downLast30days": 0, "downLast90days": {}}}, {"maxAge": 1, "period": "0y", "endDate": "2019-03-31", "growth": {}, "earningsEstimate": {"avg": 0.0, "low": 0.0, "high": 0.0, "yearAgoEps": {}, "numberOfAnalysts": 0, "growth": {}}, "revenueEstimate": {"avg": 22846800000, "low": 21500000000, "high": 24882000000, "numberOfAnalysts": 4, "yearAgoRevenue": 19685100000, "growth": 0.161}, "epsTrend": {"current": 0.0, "7daysAgo": 93.08, "30daysAgo": 93.08, "60daysAgo": 93.08, "90daysAgo": 93.08}, "epsRevisions": {"upLast7days": 0, "upLast30days": 0, "downLast30days": 0, "downLast90days": {}}}, {"maxAge": 1, "period": "+1y", "endDate": "2020-03-31", "growth": {}, "earningsEstimate": {"avg": 0.0, "low": 0.0, "high": 0.0, "yearAgoEps": {}, "numberOfAnalysts": 0, "growth": {}}, "revenueEstimate": {"avg": 25737000000, "low": 23309000000, "high": 28997000000, "numberOfAnalysts": 4, "yearAgoRevenue": 22846800000, "growth": 0.127}, "epsTrend": {"current": 0.0, "7daysAgo": 108.6, "30daysAgo": 108.6, "60daysAgo": 108.6, "90daysAgo": 108.6}, "epsRevisions": {"upLast7days": 0, "upLast30days": 0, "downLast30days": 0, "downLast90days": {}}}, {"maxAge": 1, "period": "+5y", "endDate": null, "growth": 0.125, "earningsEstimate": {"avg": {}, "low": {}, "high": {}, "yearAgoEps": {}, "numberOfAnalysts": {}, "growth": {}}, "revenueEstimate": {"avg": {}, "low": {}, "high": {}, "numberOfAnalysts": {}, "yearAgoRevenue": {}, "growth": {}}, "epsTrend": {"current": {}, "7daysAgo": {}, "30daysAgo": {}, "60daysAgo": {}, "90daysAgo": {}}, "epsRevisions": {"upLast7days": {}, "upLast30days": {}, "downLast30days": {}, "downLast90days": {}}}, {"maxAge": 1, "period": "-5y", "endDate": null, "growth": {}, "earningsEstimate": {"avg": {}, "low": {}, "high": {}, "yearAgoEps": {}, "numberOfAnalysts": {}, "growth": {}}, "revenueEstimate": {"avg": {}, "low": {}, "high": {}, "numberOfAnalysts": {}, "yearAgoRevenue": {}, "growth": {}}, "epsTrend": {"current": {}, "7daysAgo": {}, "30daysAgo": {}, "60daysAgo": {}, "90daysAgo": {}}, "epsRevisions": {"upLast7days": {}, "upLast30days": {}, "downLast30days": {}, "downLast90days": {}}}], "maxAge": 1}, "financialData": {"maxAge": 86400, "currentPrice": 5271.75, "targetHighPrice": 3540.0, "targetLowPrice": 2700.0, "targetMeanPrice": 3031.5, "targetMedianPrice": 2990.0, "recommendationKey": "none", "numberOfAnalystOpinions": 6, "grossProfits": 13532300000, "financialCurrency": "INR"}}}