{"PFOCUS.BO": {"recommendationTrend": {"trend": [{"period": "0m", "strongBuy": 0, "buy": 0, "hold": 0, "sell": 0, "strongSell": 0}, {"period": "-1m", "strongBuy": 0, "buy": 0, "hold": 0, "sell": 0, "strongSell": 0}, {"period": "-2m", "strongBuy": 0, "buy": 0, "hold": 0, "sell": 0, "strongSell": 0}, {"period": "-3m", "strongBuy": 0, "buy": 0, "hold": 0, "sell": 0, "strongSell": 0}], "maxAge": 86400}, "cashflowStatementHistory": {"cashflowStatements": [{"maxAge": 1, "endDate": "2020-03-31", "netIncome": -1315000000, "depreciation": 2824200000, "changeToNetincome": 3094100000, "changeToAccountReceivables": -4886700000, "changeToLiabilities": 4510600000, "totalCashFromOperatingActivities": 5216800000, "capitalExpenditures": -1505600000, "otherCashflowsFromInvestingActivities": -35700000, "totalCashflowsFromInvestingActivities": -1539500000, "netBorrowings": 153700000, "otherCashflowsFromFinancingActivities": -2173200000, "totalCashFromFinancingActivities": -2013200000, "changeInCash": 1664100000, "issuanceOfStock": 6300000}, {"maxAge": 1, "endDate": "2019-03-31", "netIncome": -227100000, "depreciation": 1767800000, "changeToNetincome": 1077600000, "changeToAccountReceivables": -2223900000, "changeToLiabilities": -460700000, "changeToInventory": 1800000, "totalCashFromOperatingActivities": 1203300000, "capitalExpenditures": -2398700000, "otherCashflowsFromInvestingActivities": 121700000, "totalCashflowsFromInvestingActivities": -2687400000, "netBorrowings": 4730600000, "otherCashflowsFromFinancingActivities": -3145200000, "totalCashFromFinancingActivities": 1586300000, "changeInCash": 102200000, "issuanceOfStock": 900000}, {"maxAge": 1, "endDate": "2018-03-31", "netIncome": -531800000, "depreciation": 1640400000, "changeToNetincome": 2372200000, "changeToAccountReceivables": -1491400000, "changeToLiabilities": -1113400000, "changeToInventory": -1500000, "totalCashFromOperatingActivities": 2007200000, "capitalExpenditures": -3112000000, "otherCashflowsFromInvestingActivities": 93000000, "totalCashflowsFromInvestingActivities": -3744400000, "netBorrowings": 2729700000, "otherCashflowsFromFinancingActivities": -2097700000, "totalCashFromFinancingActivities": 1471900000, "effectOfExchangeRate": 1300000, "changeInCash": -265300000, "issuanceOfStock": 839900000}, {"maxAge": 1, "endDate": "2017-03-31", "netIncome": 833000000, "depreciation": 1665800000, "changeToNetincome": 1602000000, "changeToAccountReceivables": -1660300000, "changeToLiabilities": -410300000, "changeToInventory": 1700000, "totalCashFromOperatingActivities": 2912200000, "capitalExpenditures": -2329000000, "investments": 1916900000, "otherCashflowsFromInvestingActivities": 61600000, "totalCashflowsFromInvestingActivities": -873600000, "netBorrowings": 2188800000, "otherCashflowsFromFinancingActivities": -1046700000, "totalCashFromFinancingActivities": -1871500000, "effectOfExchangeRate": -15300000, "changeInCash": 151800000, "issuanceOfStock": 839900000}], "maxAge": 86400}, "institutionOwnership": {"ownershipList": [], "maxAge": 1}, "balanceSheetHistoryQuarterly": {"balanceSheetStatements": [{"maxAge": 1, "endDate": "2020-06-30", "totalStockholderEquity": 3924200000, "netTangibleAssets": -11967000000}, {"maxAge": 1, "endDate": "2020-03-31", "cash": 2560900000, "shortTermInvestments": 47700000, "netReceivables": 10846300000, "inventory": 4500000, "otherCurrentAssets": 2605300000, "totalCurrentAssets": 16359000000, "longTermInvestments": 43300000, "propertyPlantEquipment": 13838400000, "goodWill": 10830700000, "intangibleAssets": 5060500000, "otherAssets": 4013600000, "deferredLongTermAssetCharges": 1174800000, "totalAssets": 50145500000, "accountsPayable": 1968400000, "shortLongTermDebt": 1929800000, "otherCurrentLiab": 5833200000, "longTermDebt": 11894100000, "otherLiab": 976000000, "minorityInterest": 840600000, "totalCurrentLiabilities": 25060700000, "totalLiab": 45380700000, "commonStock": 299200000, "retainedEarnings": -7458000000, "treasuryStock": 1913600000, "capitalSurplus": 9169400000, "otherStockholderEquity": 1913600000, "totalStockholderEquity": 3924200000, "netTangibleAssets": -11967000000}, {"maxAge": 1, "endDate": "2019-12-31", "totalStockholderEquity": 4636449000, "netTangibleAssets": -10759957000}, {"maxAge": 1, "endDate": "2019-09-30", "cash": 1784288000, "shortTermInvestments": 6316209000, "netReceivables": 3409628000, "inventory": 4220000, "otherCurrentAssets": 1996846000, "totalCurrentAssets": 13511191000, "longTermInvestments": 1135444000, "propertyPlantEquipment": 14417545000, "goodWill": 10372219000, "intangibleAssets": 5024187000, "otherAssets": 2456190000, "deferredLongTermAssetCharges": 734339000, "totalAssets": 46916776000, "accountsPayable": 1567119000, "otherCurrentLiab": 7942880000, "longTermDebt": 20162343000, "otherLiab": 696567000, "minorityInterest": 1041765000, "totalCurrentLiabilities": 20379652000, "totalLiab": 41238562000, "commonStock": 299182000, "treasuryStock": 4337267000, "otherStockholderEquity": 4337267000, "totalStockholderEquity": 4636449000, "netTangibleAssets": -10759957000}], "maxAge": 86400}, "earningsHistory": {"history": [{"maxAge": 1, "epsActual": {}, "epsEstimate": {}, "epsDifference": {}, "surprisePercent": {}, "quarter": {}, "period": "-4q"}, {"maxAge": 1, "epsActual": -2.08, "epsEstimate": 0.93, "epsDifference": -3.01, "surprisePercent": -3.2370002, "quarter": "2018-03-31", "period": "-3q"}, {"maxAge": 1, "epsActual": -0.28, "epsEstimate": 0.3, "epsDifference": -0.58, "surprisePercent": -1.9330001, "quarter": "2018-06-30", "period": "-2q"}, {"maxAge": 1, "epsActual": -1.42, "epsEstimate": 0.18, "epsDifference": -1.6, "surprisePercent": -8.889, "quarter": "2018-09-30", "period": "-1q"}], "maxAge": 86400}, "indexTrend": {"maxAge": 1, "symbol": "SP5", "peRatio": 19.7411, "pegRatio": 1.34172, "estimates": [{"period": "0q", "growth": 0.549}, {"period": "+1q", "growth": 0.431}, {"period": "0y", "growth": 0.305}, {"period": "+1y", "growth": 0.109}, {"period": "+5y", "growth": 0.120865}, {"period": "-5y"}]}, "industryTrend": {"maxAge": 1, "symbol": null, "estimates": []}, "insiderTransactions": {"transactions": [{"maxAge": 1, "shares": 16667, "filerUrl": "", "transactionText": "", "filerName": "Peris (Clement S)", "filerRelation": "UNREPORTED", "moneyText": "", "startDate": "2018-02-14", "ownership": "D"}, {"maxAge": 1, "shares": 12000, "filerUrl": "", "transactionText": "", "filerName": "Peris (Clement S)", "filerRelation": "UNREPORTED", "moneyText": "", "startDate": "2018-02-14", "ownership": "D"}, {"maxAge": 1, "shares": 14167, "filerUrl": "", "transactionText": "", "filerName": "Verma (Ravi)", "filerRelation": "UNREPORTED", "moneyText": "", "startDate": "2018-02-14", "ownership": "D"}, {"maxAge": 1, "shares": 22500, "filerUrl": "", "transactionText": "", "filerName": "Jain (Gaurav)", "filerRelation": "UNREPORTED", "moneyText": "", "startDate": "2018-01-15", "ownership": "D"}, {"maxAge": 1, "shares": 9017, "filerUrl": "", "transactionText": "", "filerName": "Narayanan (Ramakrishnan)", "filerRelation": "UNREPORTED", "moneyText": "", "startDate": "2017-12-28", "ownership": "D"}, {"maxAge": 1, "shares": 5000, "filerUrl": "", "transactionText": "", "filerName": "Salgaonkar (Satyam)", "filerRelation": "UNREPORTED", "moneyText": "", "startDate": "2017-12-28", "ownership": "D"}, {"maxAge": 1, "shares": 5000, "filerUrl": "", "transactionText": "", "filerName": "Shah (Apurva)", "filerRelation": "UNREPORTED", "moneyText": "", "startDate": "2017-12-28", "ownership": "D"}, {"maxAge": 1, "shares": 33334, "filerUrl": "", "transactionText": "", "filerName": "Jain (Gaurav)", "filerRelation": "UNREPORTED", "moneyText": "", "startDate": "2017-12-07", "ownership": "D"}, {"maxAge": 1, "shares": 33334, "filerUrl": "", "transactionText": "", "filerName": "Mascarenhas (Stephen Baptist)", "filerRelation": "UNREPORTED", "moneyText": "", "startDate": "2017-12-07", "ownership": "D"}, {"maxAge": 1, "shares": 10000, "filerUrl": "", "transactionText": "", "filerName": "Narayanan (Ramakrishnan)", "filerRelation": "UNREPORTED", "moneyText": "", "startDate": "2017-12-07", "ownership": "D"}, {"maxAge": 1, "shares": 10000, "filerUrl": "", "transactionText": "", "filerName": "Salgaonkar (Satyam)", "filerRelation": "UNREPORTED", "moneyText": "", "startDate": "2017-12-07", "ownership": "D"}, {"maxAge": 1, "shares": 10000, "filerUrl": "", "transactionText": "", "filerName": "Shah (Apurva)", "filerRelation": "UNREPORTED", "moneyText": "", "startDate": "2017-12-07", "ownership": "D"}, {"maxAge": 1, "shares": 15332706, "filerUrl": "", "transactionText": "", "filerName": "Rajasthan Global Securities Ltd", "filerRelation": "Institution- Corporation", "moneyText": "", "startDate": "2015-01-16", "ownership": "D"}, {"maxAge": 1, "shares": 3733334, "filerUrl": "", "transactionText": "", "filerName": "Rajasthan Global Securities Ltd", "filerRelation": "Institution- Corporation", "moneyText": "", "startDate": "2014-12-08", "ownership": "D"}, {"maxAge": 1, "shares": 432851, "filerUrl": "", "transactionText": "", "filerName": "Rajasthan Global Securities Ltd", "filerRelation": "Institution- Corporation", "moneyText": "", "startDate": "2014-09-30", "ownership": "D"}, {"maxAge": 1, "shares": 686768, "filerUrl": "", "transactionText": "", "filerName": "Jhunjhunwala (Rakesh Radheshyam)", "filerRelation": "UNREPORTED", "moneyText": "", "startDate": "2014-08-20", "ownership": "D"}, {"maxAge": 1, "shares": 558244, "filerUrl": "", "transactionText": "", "filerName": "Jhunjhunwala (Rakesh Radheshyam)", "filerRelation": "UNREPORTED", "moneyText": "", "startDate": "2014-08-19", "ownership": "D"}, {"maxAge": 1, "shares": 555000, "filerUrl": "", "transactionText": "", "filerName": "Jhunjhunwala (Rakesh Radheshyam)", "filerRelation": "UNREPORTED", "moneyText": "", "startDate": "2014-08-18", "ownership": "D"}, {"maxAge": 1, "shares": 36465, "filerUrl": "", "transactionText": "", "filerName": "Malhotra (Naresh)", "filerRelation": "Chairman of the Board", "moneyText": "", "startDate": "2013-08-02", "ownership": "D"}, {"maxAge": 1, "shares": 550089, "filerUrl": "", "transactionText": "", "filerName": "Malhotra (Naresh)", "filerRelation": "Chairman of the Board", "moneyText": "", "startDate": "2013-08-01", "ownership": "D"}, {"maxAge": 1, "shares": 320000, "filerUrl": "", "transactionText": "", "filerName": "Malhotra (Naresh)", "filerRelation": "Chairman of the Board", "moneyText": "", "startDate": "2013-07-31", "ownership": "D"}, {"maxAge": 1, "shares": 54000, "filerUrl": "", "transactionText": "", "filerName": "Malhotra (Naresh)", "filerRelation": "Chairman of the Board", "moneyText": "", "startDate": "2013-05-23", "ownership": "D"}, {"maxAge": 1, "shares": 253280, "filerUrl": "", "transactionText": "", "filerName": "Malhotra (Naresh)", "filerRelation": "Chairman of the Board", "moneyText": "", "startDate": "2013-05-15", "ownership": "D"}, {"maxAge": 1, "shares": 100000, "filerUrl": "", "transactionText": "", "filerName": "Malhotra (Naresh)", "filerRelation": "Chairman of the Board", "moneyText": "", "startDate": "2013-05-10", "ownership": "D"}, {"maxAge": 1, "shares": 2500000, "filerUrl": "", "transactionText": "", "filerName": "Malhotra (Namit)", "filerRelation": "Promoter", "moneyText": "", "startDate": "2013-04-17", "ownership": "D"}, {"maxAge": 1, "shares": 2500000, "filerUrl": "", "transactionText": "", "filerName": "Malhotra (Naresh)", "filerRelation": "Chairman of the Board", "moneyText": "", "startDate": "2013-04-17", "ownership": "D"}, {"maxAge": 1, "shares": 5000000, "filerUrl": "", "transactionText": "", "filerName": "Malhotra (Namit)", "filerRelation": "Promoter", "moneyText": "", "startDate": "2013-02-26", "ownership": "D"}, {"maxAge": 1, "shares": 5000000, "filerUrl": "", "transactionText": "", "filerName": "Malhotra (Naresh)", "filerRelation": "Chairman of the Board", "moneyText": "", "startDate": "2013-02-26", "ownership": "D"}, {"maxAge": 1, "shares": 25000, "filerUrl": "", "transactionText": "", "filerName": "Jhunjhunwala (Rakesh Radheshyam)", "filerRelation": "Director (Non-Executive)", "moneyText": "", "startDate": "2012-05-16", "ownership": "D"}, {"maxAge": 1, "shares": 2550000, "filerUrl": "", "transactionText": "", "filerName": "Jhunjhunwala (Rakesh Radheshyam)", "filerRelation": "Director (Non-Executive)", "moneyText": "", "startDate": "2012-05-15", "ownership": "D"}, {"maxAge": 1, "shares": 10000000, "filerUrl": "", "transactionText": "", "filerName": "Malhotra (Namit)", "filerRelation": "Promoter", "moneyText": "", "startDate": "2012-04-13", "ownership": "D"}, {"maxAge": 1, "shares": 47862712, "filerUrl": "", "transactionText": "", "filerName": "Malhotra (Naresh)", "filerRelation": "Chairman of the Board", "moneyText": "", "startDate": "2012-04-10", "ownership": "D"}, {"maxAge": 1, "shares": 1412712, "filerUrl": "", "transactionText": "", "filerName": "Malhotra (Neeta Naresh)", "filerRelation": "UNREPORTED", "moneyText": "", "startDate": "2012-04-10", "ownership": "D"}, {"maxAge": 1, "shares": 88735, "filerUrl": "", "transactionText": "", "filerName": "Top Class Capital Markets Pvt Ltd", "filerRelation": "Institution- Corporation", "moneyText": "", "startDate": "2012-03-28", "ownership": "D"}, {"maxAge": 1, "shares": 288500, "filerUrl": "", "transactionText": "", "filerName": "Top Class Capital Markets Pvt Ltd", "filerRelation": "Institution- Corporation", "moneyText": "", "startDate": "2012-03-15", "ownership": "D"}, {"maxAge": 1, "shares": 163873, "filerUrl": "", "transactionText": "", "filerName": "Top Class Capital Markets Pvt Ltd", "filerRelation": "Institution- Corporation", "moneyText": "", "startDate": "2012-02-24", "ownership": "D"}, {"maxAge": 1, "shares": 19178, "filerUrl": "", "transactionText": "", "filerName": "Top Class Capital Markets Pvt Ltd", "filerRelation": "Institution- Corporation", "moneyText": "", "startDate": "2012-01-31", "ownership": "D"}, {"maxAge": 1, "shares": 98000, "filerUrl": "", "transactionText": "", "filerName": "Top Class Capital Markets Pvt Ltd", "filerRelation": "Institution- Corporation", "moneyText": "", "startDate": "2012-01-31", "ownership": "D"}, {"maxAge": 1, "shares": 336135, "filerUrl": "", "transactionText": "", "filerName": "Top Class Capital Markets Pvt Ltd", "filerRelation": "Institution- Corporation", "moneyText": "", "startDate": "2012-01-27", "ownership": "D"}, {"maxAge": 1, "shares": 82514, "filerUrl": "", "transactionText": "", "filerName": "Top Class Capital Markets Pvt Ltd", "filerRelation": "Institution- Corporation", "moneyText": "", "startDate": "2012-01-19", "ownership": "D"}, {"maxAge": 1, "shares": 197486, "filerUrl": "", "transactionText": "", "filerName": "Top Class Capital Markets Pvt Ltd", "filerRelation": "Institution- Corporation", "moneyText": "", "startDate": "2012-01-19", "ownership": "D"}, {"maxAge": 1, "shares": 78583, "filerUrl": "", "transactionText": "", "filerName": "Top Class Capital Markets Pvt Ltd", "filerRelation": "Institution- Corporation", "moneyText": "", "startDate": "2012-01-18", "ownership": "D"}, {"maxAge": 1, "shares": 120489, "filerUrl": "", "transactionText": "", "filerName": "Top Class Capital Markets Pvt Ltd", "filerRelation": "Institution- Corporation", "moneyText": "", "startDate": "2012-01-18", "ownership": "D"}, {"maxAge": 1, "shares": 114500, "filerUrl": "", "transactionText": "", "filerName": "Top Class Capital Markets Pvt Ltd", "filerRelation": "Institution- Corporation", "moneyText": "", "startDate": "2012-01-16", "ownership": "D"}, {"maxAge": 1, "shares": 104000, "filerUrl": "", "transactionText": "", "filerName": "Top Class Capital Markets Pvt Ltd", "filerRelation": "Institution- Corporation", "moneyText": "", "startDate": "2012-01-16", "ownership": "D"}, {"maxAge": 1, "shares": 321407, "filerUrl": "", "transactionText": "", "filerName": "Top Class Capital Markets Pvt Ltd", "filerRelation": "Institution- Corporation", "moneyText": "", "startDate": "2012-01-12", "ownership": "D"}, {"maxAge": 1, "shares": 146348, "filerUrl": "", "transactionText": "", "filerName": "Top Class Capital Markets Pvt Ltd", "filerRelation": "Institution- Corporation", "moneyText": "", "startDate": "2012-01-10", "ownership": "D"}, {"maxAge": 1, "shares": 68529, "filerUrl": "", "transactionText": "", "filerName": "Top Class Capital Markets Pvt Ltd", "filerRelation": "Institution- Corporation", "moneyText": "", "startDate": "2012-01-10", "ownership": "D"}, {"maxAge": 1, "shares": 522864, "filerUrl": "", "transactionText": "", "filerName": "Top Class Capital Markets Pvt Ltd", "filerRelation": "Institution- Corporation", "moneyText": "", "startDate": "2012-01-07", "ownership": "D"}, {"maxAge": 1, "shares": 8030, "filerUrl": "", "transactionText": "", "filerName": "Top Class Capital Markets Pvt Ltd", "filerRelation": "Institution- Corporation", "moneyText": "", "startDate": "2012-01-07", "ownership": "D"}, {"maxAge": 1, "shares": 410000, "filerUrl": "", "transactionText": "", "filerName": "Top Class Capital Markets Pvt Ltd", "filerRelation": "Institution- Corporation", "moneyText": "", "startDate": "2011-11-29", "ownership": "D"}, {"maxAge": 1, "shares": 10000, "filerUrl": "", "transactionText": "", "filerName": "Top Class Capital Markets Pvt Ltd", "filerRelation": "Institution- Corporation", "moneyText": "", "startDate": "2011-05-31", "ownership": "D"}, {"maxAge": 1, "shares": 2354521, "filerUrl": "", "transactionText": "", "filerName": "India Investment Partners Ltd A/C ICG Q Ltd", "filerRelation": "Investment Management Company", "moneyText": "", "startDate": "2011-03-30", "ownership": "D"}, {"maxAge": 1, "shares": 2500, "filerUrl": "", "transactionText": "", "filerName": "Malhotra (Neeta Naresh)", "filerRelation": "UNREPORTED", "moneyText": "", "startDate": "2009-12-30", "ownership": "D"}, {"maxAge": 1, "shares": 26000, "filerUrl": "", "transactionText": "", "filerName": "Malhotra (Neeta Naresh)", "filerRelation": "UNREPORTED", "moneyText": "", "startDate": "2009-12-29", "ownership": "D"}, {"maxAge": 1, "shares": 10000, "filerUrl": "", "transactionText": "", "filerName": "Malhotra (Neeta Naresh)", "filerRelation": "UNREPORTED", "moneyText": "", "startDate": "2009-12-18", "ownership": "D"}, {"maxAge": 1, "shares": 25500, "filerUrl": "", "transactionText": "", "filerName": "Malhotra (Neeta Naresh)", "filerRelation": "UNREPORTED", "moneyText": "", "startDate": "2009-12-15", "ownership": "D"}, {"maxAge": 1, "shares": 21500, "filerUrl": "", "transactionText": "", "filerName": "Malhotra (Neeta Naresh)", "filerRelation": "UNREPORTED", "moneyText": "", "startDate": "2009-12-08", "ownership": "D"}, {"maxAge": 1, "shares": 26172, "filerUrl": "", "transactionText": "", "filerName": "Malhotra (Neeta Naresh)", "filerRelation": "UNREPORTED", "moneyText": "", "startDate": "2009-11-30", "ownership": "D"}, {"maxAge": 1, "shares": 6750, "filerUrl": "", "transactionText": "", "filerName": "Malhotra (Neeta Naresh)", "filerRelation": "UNREPORTED", "moneyText": "", "startDate": "2009-11-23", "ownership": "D"}, {"maxAge": 1, "shares": 23000, "filerUrl": "", "transactionText": "", "filerName": "Malhotra (Naresh)", "filerRelation": "Chairman of the Board", "moneyText": "", "startDate": "2009-11-14", "ownership": "D"}, {"maxAge": 1, "shares": 6468, "filerUrl": "", "transactionText": "", "filerName": "Malhotra (Neeta Naresh)", "filerRelation": "UNREPORTED", "moneyText": "", "startDate": "2009-11-14", "ownership": "D"}, {"maxAge": 1, "shares": 7100, "filerUrl": "", "transactionText": "", "filerName": "Malhotra (Neeta Naresh)", "filerRelation": "UNREPORTED", "moneyText": "", "startDate": "2009-11-11", "ownership": "D"}, {"maxAge": 1, "shares": 12618, "filerUrl": "", "transactionText": "", "filerName": "Malhotra (Neeta Naresh)", "filerRelation": "UNREPORTED", "moneyText": "", "startDate": "2009-11-04", "ownership": "D"}, {"maxAge": 1, "shares": 8000, "filerUrl": "", "transactionText": "", "filerName": "Malhotra (Neeta Naresh)", "filerRelation": "UNREPORTED", "moneyText": "", "startDate": "2009-10-27", "ownership": "D"}, {"maxAge": 1, "shares": 900, "filerUrl": "", "transactionText": "", "filerName": "Malhotra (Neeta Naresh)", "filerRelation": "UNREPORTED", "moneyText": "", "startDate": "2009-10-14", "ownership": "D"}, {"maxAge": 1, "shares": 3000, "filerUrl": "", "transactionText": "", "filerName": "Abraham (Yohann)", "filerRelation": "UNREPORTED", "moneyText": "", "startDate": "2009-09-29", "ownership": "D"}, {"maxAge": 1, "shares": 2500, "filerUrl": "", "transactionText": "", "filerName": "Acharya (Paresh)", "filerRelation": "UNREPORTED", "moneyText": "", "startDate": "2009-09-29", "ownership": "D"}, {"maxAge": 1, "shares": 5000, "filerUrl": "", "transactionText": "", "filerName": "Chaddha (Beena)", "filerRelation": "UNREPORTED", "moneyText": "", "startDate": "2009-09-29", "ownership": "D"}, {"maxAge": 1, "shares": 5000, "filerUrl": "", "transactionText": "", "filerName": "Desai (Rohan)", "filerRelation": "UNREPORTED", "moneyText": "", "startDate": "2009-09-29", "ownership": "D"}, {"maxAge": 1, "shares": 10000, "filerUrl": "", "transactionText": "", "filerName": "Doshi (Anshul)", "filerRelation": "Vice President", "moneyText": "", "startDate": "2009-09-29", "ownership": "D"}, {"maxAge": 1, "shares": 5000, "filerUrl": "", "transactionText": "", "filerName": "Fadia (Nishant)", "filerRelation": "Chief Financial Officer", "moneyText": "", "startDate": "2009-09-29", "ownership": "D"}, {"maxAge": 1, "shares": 2500, "filerUrl": "", "transactionText": "", "filerName": "Gupta (Harmeet Singh)", "filerRelation": "UNREPORTED", "moneyText": "", "startDate": "2009-09-29", "ownership": "D"}, {"maxAge": 1, "shares": 10000, "filerUrl": "", "transactionText": "", "filerName": "Kurup (Prakash)", "filerRelation": "UNREPORTED", "moneyText": "", "startDate": "2009-09-29", "ownership": "D"}, {"maxAge": 1, "shares": 10000, "filerUrl": "", "transactionText": "", "filerName": "Lokhandwala (Huzefa)", "filerRelation": "UNREPORTED", "moneyText": "", "startDate": "2009-09-29", "ownership": "D"}, {"maxAge": 1, "shares": 23000, "filerUrl": "", "transactionText": "", "filerName": "Malhotra (Naresh)", "filerRelation": "Chairman of the Board", "moneyText": "", "startDate": "2009-09-29", "ownership": "D"}, {"maxAge": 1, "shares": 99600, "filerUrl": "", "transactionText": "", "filerName": "Malhotra (Neeta Naresh)", "filerRelation": "UNREPORTED", "moneyText": "", "startDate": "2009-09-29", "ownership": "D"}, {"maxAge": 1, "shares": 3000, "filerUrl": "", "transactionText": "", "filerName": "Sah (Rajnish)", "filerRelation": "UNREPORTED", "moneyText": "", "startDate": "2009-09-29", "ownership": "D"}, {"maxAge": 1, "shares": 5000, "filerUrl": "", "transactionText": "", "filerName": "Sundar (Bhaarath)", "filerRelation": "Chief Executive Officer", "moneyText": "", "startDate": "2009-09-29", "ownership": "D"}, {"maxAge": 1, "shares": 15000, "filerUrl": "", "transactionText": "", "filerName": "Tavaria (Merzin)", "filerRelation": "UNREPORTED", "moneyText": "", "startDate": "2009-09-29", "ownership": "D"}, {"maxAge": 1, "shares": 3250, "filerUrl": "", "transactionText": "", "filerName": "Udeshi (Miten)", "filerRelation": "UNREPORTED", "moneyText": "", "startDate": "2009-09-29", "ownership": "D"}, {"maxAge": 1, "shares": 3000, "filerUrl": "", "transactionText": "", "filerName": "Verma (Manoj)", "filerRelation": "UNREPORTED", "moneyText": "", "startDate": "2009-09-29", "ownership": "D"}, {"maxAge": 1, "shares": 2500, "filerUrl": "", "transactionText": "", "filerName": "Verma (Ravi)", "filerRelation": "UNREPORTED", "moneyText": "", "startDate": "2009-09-29", "ownership": "D"}], "maxAge": 1}, "quoteType": {"exchange": "BSE", "quoteType": "EQUITY", "symbol": "PFOCUS.BO", "underlyingSymbol": "PFOCUS.BO", "shortName": "PRIME FOCUS LTD.", "longName": "Prime Focus Limited", "firstTradeDateEpochUtc": "2006-06-20 09:15:00", "timeZoneFullName": "Asia/Kolkata", "timeZoneShortName": "IST", "uuid": "503f640c-6fea-3111-9369-95092c64d729", "gmtOffSetMilliseconds": 19800000, "maxAge": 1}, "incomeStatementHistory": {"incomeStatementHistory": [{"maxAge": 1, "endDate": "2020-03-31", "totalRevenue": 29404100000, "costOfRevenue": 1655700000, "grossProfit": 27748400000, "researchDevelopment": {}, "sellingGeneralAdministrative": 18692400000, "nonRecurring": {}, "otherOperatingExpenses": 3570900000, "totalOperatingExpenses": 29031200000, "operatingIncome": 372900000, "totalOtherIncomeExpenseNet": -1656300000, "ebit": 372900000, "interestExpense": -2428900000, "incomeBeforeTax": -1283400000, "incomeTaxExpense": -420200000, "minorityInterest": 840600000, "netIncomeFromContinuingOps": -863200000, "discontinuedOperations": {}, "extraordinaryItems": {}, "effectOfAccountingCharges": {}, "otherItems": {}, "netIncome": -1315000000, "netIncomeApplicableToCommonShares": -1315000000}, {"maxAge": 1, "endDate": "2019-03-31", "totalRevenue": 25514900000, "costOfRevenue": 1415300000, "grossProfit": 24099600000, "researchDevelopment": {}, "sellingGeneralAdministrative": 17110800000, "nonRecurring": {}, "otherOperatingExpenses": 2710600000, "totalOperatingExpenses": 24586600000, "operatingIncome": 928300000, "totalOtherIncomeExpenseNet": -1512500000, "ebit": 928300000, "interestExpense": -2352500000, "incomeBeforeTax": -584200000, "incomeTaxExpense": -254700000, "minorityInterest": 1127200000, "netIncomeFromContinuingOps": -329500000, "discontinuedOperations": {}, "extraordinaryItems": {}, "effectOfAccountingCharges": {}, "otherItems": {}, "netIncome": -227100000, "netIncomeApplicableToCommonShares": -227100000}, {"maxAge": 1, "endDate": "2018-03-31", "totalRevenue": 22574800000, "costOfRevenue": 1068500000, "grossProfit": 21506300000, "researchDevelopment": {}, "sellingGeneralAdministrative": 14283200000, "nonRecurring": {}, "otherOperatingExpenses": 2573300000, "totalOperatingExpenses": 21064800000, "operatingIncome": 1510000000, "totalOtherIncomeExpenseNet": -1897700000, "ebit": 1510000000, "interestExpense": -2041300000, "incomeBeforeTax": -387700000, "incomeTaxExpense": 56300000, "minorityInterest": 1233800000, "netIncomeFromContinuingOps": -444000000, "discontinuedOperations": {}, "extraordinaryItems": {}, "effectOfAccountingCharges": {}, "otherItems": {}, "netIncome": -531800000, "netIncomeApplicableToCommonShares": -531800000}, {"maxAge": 1, "endDate": "2017-03-31", "totalRevenue": 21536200000, "costOfRevenue": 859600000, "grossProfit": 20676600000, "researchDevelopment": {}, "sellingGeneralAdministrative": 13481600000, "nonRecurring": {}, "otherOperatingExpenses": 2616100000, "totalOperatingExpenses": 19772300000, "operatingIncome": 1763900000, "totalOtherIncomeExpenseNet": -718400000, "ebit": 1763900000, "interestExpense": -1382100000, "incomeBeforeTax": 1045500000, "incomeTaxExpense": 89600000, "minorityInterest": 1141500000, "netIncomeFromContinuingOps": 955900000, "discontinuedOperations": {}, "extraordinaryItems": {}, "effectOfAccountingCharges": {}, "otherItems": {}, "netIncome": 833000000, "netIncomeApplicableToCommonShares": 833000000}], "maxAge": 86400}, "fundOwnership": {"ownershipList": [], "maxAge": 1}, "summaryDetail": {"maxAge": 1, "priceHint": 2, "previousClose": 67.65, "open": 70.7, "dayLow": 65.1, "dayHigh": 70.7, "regularMarketPreviousClose": 67.65, "regularMarketOpen": 70.7, "regularMarketDayLow": 65.1, "regularMarketDayHigh": 70.7, "forwardPE": 12.882353, "volume": 1877, "regularMarketVolume": 1877, "averageVolume": 39070, "averageVolume10days": 3444, "averageDailyVolume10Day": 3444, "bid": 66.0, "ask": 69.0, "bidSize": 0, "askSize": 0, "marketCap": 19660658688, "fiftyTwoWeekLow": 17.4, "fiftyTwoWeekHigh": 70.7, "fiftyDayAverage": 48.475758, "twoHundredDayAverage": 39.645954, "currency": "INR", "fromCurrency": null, "lastMarket": null, "algorithm": null, "tradeable": false}, "sectorTrend": {"maxAge": 1, "symbol": null, "estimates": []}, "incomeStatementHistoryQuarterly": {"incomeStatementHistory": [{"maxAge": 1, "endDate": "2020-06-30", "totalRevenue": 6077961000, "costOfRevenue": 198300000, "grossProfit": 5879661000, "researchDevelopment": {}, "sellingGeneralAdministrative": 3321929000, "nonRecurring": {}, "otherOperatingExpenses": 719881000, "totalOperatingExpenses": 5284982000, "operatingIncome": 792979000, "totalOtherIncomeExpenseNet": -621350000, "ebit": 792979000, "interestExpense": -573363000, "incomeBeforeTax": 171629000, "incomeTaxExpense": 128194000, "minorityInterest": {}, "netIncomeFromContinuingOps": 43435000, "discontinuedOperations": {}, "extraordinaryItems": {}, "effectOfAccountingCharges": {}, "otherItems": {}, "netIncome": 43384000, "netIncomeApplicableToCommonShares": 43384000}, {"maxAge": 1, "endDate": "2020-03-31", "totalRevenue": 8630701000, "costOfRevenue": 692392000, "grossProfit": 7938309000, "researchDevelopment": {}, "sellingGeneralAdministrative": 5574909000, "nonRecurring": {}, "otherOperatingExpenses": 544614000, "totalOperatingExpenses": 8026795000, "operatingIncome": 603906000, "totalOtherIncomeExpenseNet": 485000, "ebit": 603906000, "interestExpense": -637217000, "incomeBeforeTax": 604391000, "incomeTaxExpense": -161259000, "minorityInterest": 840600000, "netIncomeFromContinuingOps": 765650000, "discontinuedOperations": {}, "extraordinaryItems": {}, "effectOfAccountingCharges": {}, "otherItems": {}, "netIncome": 126558000, "netIncomeApplicableToCommonShares": 126558000}, {"maxAge": 1, "endDate": "2019-12-31", "totalRevenue": 7452747000, "costOfRevenue": 362107000, "grossProfit": 7090640000, "researchDevelopment": {}, "sellingGeneralAdministrative": 4609561000, "nonRecurring": {}, "otherOperatingExpenses": 996935000, "totalOperatingExpenses": 7830620000, "operatingIncome": -377873000, "totalOtherIncomeExpenseNet": -747328000, "ebit": -377873000, "interestExpense": -600866000, "incomeBeforeTax": -1125201000, "incomeTaxExpense": 5545000, "minorityInterest": 840600000, "netIncomeFromContinuingOps": -1130746000, "discontinuedOperations": {}, "extraordinaryItems": {}, "effectOfAccountingCharges": {}, "otherItems": {}, "netIncome": -1005724000, "netIncomeApplicableToCommonShares": -1005724000}, {"maxAge": 1, "endDate": "2019-09-30", "totalRevenue": 6675714000, "costOfRevenue": 301699000, "grossProfit": 6374015000, "researchDevelopment": {}, "sellingGeneralAdministrative": 4248461000, "nonRecurring": {}, "otherOperatingExpenses": 952757000, "totalOperatingExpenses": 6554674000, "operatingIncome": 121040000, "totalOtherIncomeExpenseNet": -444538000, "ebit": 121040000, "interestExpense": -604876000, "incomeBeforeTax": -323498000, "incomeTaxExpense": -249023000, "minorityInterest": 1041765000, "netIncomeFromContinuingOps": -74475000, "discontinuedOperations": {}, "extraordinaryItems": {}, "effectOfAccountingCharges": {}, "otherItems": {}, "netIncome": -97961000, "netIncomeApplicableToCommonShares": -97961000}], "maxAge": 86400}, "cashflowStatementHistoryQuarterly": {"cashflowStatements": [{"maxAge": 1, "endDate": "2020-06-30", "netIncome": 43384000, "changeToLiabilities": 0}, {"maxAge": 1, "endDate": "2020-03-31", "netIncome": 126558000, "changeToLiabilities": 0}, {"maxAge": 1, "endDate": "2019-12-31", "netIncome": -1005724000, "changeToLiabilities": 0}, {"maxAge": 1, "endDate": "2019-09-30", "netIncome": -97961000, "changeToLiabilities": 0}], "maxAge": 86400}, "insiderHolders": {"holders": [{"maxAge": 1, "name": "Jain (Gaurav)", "relation": "UNREPORTED", "url": "", "transactionDescription": "Sale", "latestTransDate": "2018-01-15", "positionDirect": 10834, "positionDirectDate": "2018-01-15"}, {"maxAge": 1, "name": "Jhunjhunwala (Rakesh Radheshyam)", "relation": "UNREPORTED", "url": "", "transactionDescription": "Sale", "latestTransDate": "2014-08-20", "positionDirect": 4379988, "positionDirectDate": "2014-08-20"}, {"maxAge": 1, "name": "Malhotra (Naresh)", "relation": "Chairman of the Board", "url": "", "transactionDescription": "Acquisition", "latestTransDate": "2013-08-02", "positionDirect": 62201546, "positionDirectDate": "2013-08-02"}, {"maxAge": 1, "name": "Mascarenhas (Stephen Baptist)", "relation": "UNREPORTED", "url": "", "transactionDescription": "Other", "latestTransDate": "2017-12-07", "positionDirect": 33534, "positionDirectDate": "2017-12-07"}, {"maxAge": 1, "name": "Narayanan (Ramakrishnan)", "relation": "UNREPORTED", "url": "", "transactionDescription": "Sale", "latestTransDate": "2017-12-28", "positionDirect": 983, "positionDirectDate": "2017-12-28"}, {"maxAge": 1, "name": "Peris (Clement S)", "relation": "UNREPORTED", "url": "", "transactionDescription": "Other", "latestTransDate": "2018-02-14", "positionDirect": 28667, "positionDirectDate": "2018-02-14"}, {"maxAge": 1, "name": "Rajasthan Global Securities Ltd", "relation": "Institution- Corporation", "url": "", "transactionDescription": "Sale", "latestTransDate": "2015-01-16", "positionDirect": 0, "positionDirectDate": "2015-01-16"}, {"maxAge": 1, "name": "Salgaonkar (Satyam)", "relation": "UNREPORTED", "url": "", "transactionDescription": "Sale", "latestTransDate": "2017-12-28", "positionDirect": 5030, "positionDirectDate": "2017-12-28"}, {"maxAge": 1, "name": "Shah (Apurva)", "relation": "UNREPORTED", "url": "", "transactionDescription": "Sale", "latestTransDate": "2017-12-28", "positionDirect": 5000, "positionDirectDate": "2017-12-28"}, {"maxAge": 1, "name": "Verma (Ravi)", "relation": "UNREPORTED", "url": "", "transactionDescription": "Other", "latestTransDate": "2018-02-14", "positionDirect": 16667, "positionDirectDate": "2018-02-14"}], "maxAge": 1}, "earnings": {"maxAge": 86400, "earningsChart": {"quarterly": [{"date": "1Q2018", "actual": -2.08, "estimate": 0.93}, {"date": "2Q2018", "actual": -0.28, "estimate": 0.3}, {"date": "3Q2018", "actual": -1.42, "estimate": 0.18}], "currentQuarterEstimateDate": "4Q", "currentQuarterEstimateYear": 2018, "earningsDate": ["2020-09-15 05:30:S"]}, "financialsChart": {"yearly": [{"date": 2017, "revenue": 21536200000, "earnings": 833000000}, {"date": 2018, "revenue": 22574800000, "earnings": -531800000}, {"date": 2019, "revenue": 25514900000, "earnings": -227100000}, {"date": 2020, "revenue": 29404100000, "earnings": -1315000000}], "quarterly": [{"date": "3Q2019", "revenue": 6675714000, "earnings": -97961000}, {"date": "4Q2019", "revenue": 7452747000, "earnings": -1005724000}, {"date": "1Q2020", "revenue": 8630701000, "earnings": 126558000}, {"date": "2Q2020", "revenue": 6077961000, "earnings": 43384000}]}, "financialCurrency": "INR"}, "calendarEvents": {"maxAge": 1, "earnings": {"earningsDate": ["2020-09-15 05:30:S"], "revenueAverage": 6801000000, "revenueLow": 6801000000, "revenueHigh": 6801000000}}, "upgradeDowngradeHistory": {"history": [], "maxAge": 86400}, "price": {"maxAge": 1, "regularMarketChangePercent": -0.028824901, "regularMarketChange": -1.9500046, "regularMarketTime": "2021-04-30 15:45:26", "priceHint": 2, "regularMarketPrice": 65.7, "regularMarketDayHigh": 70.7, "regularMarketDayLow": 65.1, "regularMarketVolume": 1877, "averageDailyVolume10Day": 3444, "averageDailyVolume3Month": 39070, "regularMarketPreviousClose": 67.65, "regularMarketSource": "FREE_REALTIME", "regularMarketOpen": 70.7, "exchange": "BSE", "exchangeName": "BSE", "exchangeDataDelayedBy": 0, "marketState": "CLOSED", "quoteType": "EQUITY", "symbol": "PFOCUS.BO", "underlyingSymbol": null, "shortName": "PRIME FOCUS LTD.", "longName": "Prime Focus Limited", "currency": "INR", "quoteSourceName": "Delayed Quote", "currencySymbol": "\u20b9", "fromCurrency": null, "lastMarket": null, "marketCap": 19660658688}, "balanceSheetHistory": {"balanceSheetStatements": [{"maxAge": 1, "endDate": "2020-03-31", "cash": 2560900000, "shortTermInvestments": 47700000, "netReceivables": 10846300000, "inventory": 4500000, "otherCurrentAssets": 2605300000, "totalCurrentAssets": 16359000000, "longTermInvestments": 43300000, "propertyPlantEquipment": 13838400000, "goodWill": 10830700000, "intangibleAssets": 5060500000, "otherAssets": 4013600000, "deferredLongTermAssetCharges": 1174800000, "totalAssets": 50145500000, "accountsPayable": 1968400000, "shortLongTermDebt": 1929800000, "otherCurrentLiab": 5833200000, "longTermDebt": 11894100000, "otherLiab": 976000000, "minorityInterest": 840600000, "totalCurrentLiabilities": 25060700000, "totalLiab": 45380700000, "commonStock": 299200000, "retainedEarnings": -7458000000, "treasuryStock": 1913600000, "capitalSurplus": 9169400000, "otherStockholderEquity": 1913600000, "totalStockholderEquity": 3924200000, "netTangibleAssets": -11967000000}, {"maxAge": 1, "endDate": "2019-03-31", "cash": 896800000, "shortTermInvestments": 44800000, "netReceivables": 8501200000, "inventory": 4200000, "otherCurrentAssets": 929500000, "totalCurrentAssets": 11119200000, "longTermInvestments": 42300000, "propertyPlantEquipment": 9374800000, "goodWill": 10237800000, "intangibleAssets": 5467700000, "otherAssets": 2820500000, "deferredLongTermAssetCharges": 599600000, "totalAssets": 39062300000, "accountsPayable": 1453000000, "shortLongTermDebt": 1696100000, "otherCurrentLiab": 2590600000, "longTermDebt": 13014300000, "otherLiab": 2058100000, "minorityInterest": 1127200000, "totalCurrentLiabilities": 15626700000, "totalLiab": 32651400000, "commonStock": 299200000, "retainedEarnings": -5762200000, "treasuryStock": 1583600000, "capitalSurplus": 9163100000, "otherStockholderEquity": 1583600000, "totalStockholderEquity": 5283700000, "netTangibleAssets": -10421800000}, {"maxAge": 1, "endDate": "2018-03-31", "cash": 794600000, "shortTermInvestments": 99000000, "netReceivables": 8126800000, "inventory": 6000000, "otherCurrentAssets": 491000000, "totalCurrentAssets": 9812300000, "longTermInvestments": 42500000, "propertyPlantEquipment": 7731100000, "goodWill": 9730800000, "intangibleAssets": 5729800000, "otherAssets": 1602300000, "deferredLongTermAssetCharges": 254800000, "totalAssets": 34648800000, "accountsPayable": 1643900000, "shortLongTermDebt": 3574900000, "otherCurrentLiab": 4467600000, "longTermDebt": 7605800000, "otherLiab": 3334500000, "minorityInterest": 1233800000, "totalCurrentLiabilities": 14891300000, "totalLiab": 27659100000, "commonStock": 299200000, "retainedEarnings": -5769400000, "treasuryStock": 2064500000, "capitalSurplus": 9161600000, "otherStockholderEquity": 2064500000, "totalStockholderEquity": 5755900000, "netTangibleAssets": -9704700000}, {"maxAge": 1, "endDate": "2017-03-31", "cash": 1059900000, "shortTermInvestments": 56900000, "netReceivables": 6587500000, "inventory": 4500000, "otherCurrentAssets": 298600000, "totalCurrentAssets": 8714000000, "longTermInvestments": 39900000, "propertyPlantEquipment": 7324200000, "goodWill": 9719300000, "intangibleAssets": 5627100000, "otherAssets": 2033600000, "deferredLongTermAssetCharges": 445800000, "totalAssets": 33458100000, "accountsPayable": 1296500000, "shortLongTermDebt": 2108200000, "otherCurrentLiab": 5880800000, "longTermDebt": 8858800000, "otherLiab": 4603200000, "minorityInterest": 1141500000, "totalCurrentLiabilities": 12372000000, "totalLiab": 26916600000, "commonStock": 298900000, "retainedEarnings": -5750700000, "treasuryStock": 1394500000, "capitalSurplus": 9457300000, "otherStockholderEquity": 1394500000, "totalStockholderEquity": 5400000000, "netTangibleAssets": -9946400000}], "maxAge": 86400}, "earningsTrend": {"trend": [{"maxAge": 1, "period": "0q", "endDate": "2018-12-31", "growth": {}, "earningsEstimate": {"avg": 0.0, "low": 0.0, "high": 0.0, "yearAgoEps": {}, "numberOfAnalysts": 0, "growth": {}}, "revenueEstimate": {"avg": 6801000000, "low": 6801000000, "high": 6801000000, "numberOfAnalysts": 1, "yearAgoRevenue": 6122090000, "growth": 0.111}, "epsTrend": {"current": 0.0, "7daysAgo": 1.05, "30daysAgo": 1.05, "60daysAgo": 1.05, "90daysAgo": 1.05}, "epsRevisions": {"upLast7days": 0, "upLast30days": 0, "downLast30days": 0, "downLast90days": {}}}, {"maxAge": 1, "period": "+1q", "endDate": "2019-03-31", "growth": {}, "earningsEstimate": {"avg": 0.0, "low": 0.0, "high": 0.0, "yearAgoEps": -2.08, "numberOfAnalysts": 0, "growth": {}}, "revenueEstimate": {"avg": 7287000000, "low": 7287000000, "high": 7287000000, "numberOfAnalysts": 1, "yearAgoRevenue": 5774380000, "growth": 0.262}, "epsTrend": {"current": 0.0, "7daysAgo": 1.49, "30daysAgo": 1.49, "60daysAgo": 1.49, "90daysAgo": 1.49}, "epsRevisions": {"upLast7days": 0, "upLast30days": 0, "downLast30days": 0, "downLast90days": {}}}, {"maxAge": 1, "period": "0y", "endDate": "2019-03-31", "growth": {}, "earningsEstimate": {"avg": 0.0, "low": 0.0, "high": 0.0, "yearAgoEps": {}, "numberOfAnalysts": 0, "growth": {}}, "revenueEstimate": {"avg": 26362000000, "low": 26362000000, "high": 26362000000, "numberOfAnalysts": 1, "yearAgoRevenue": 22275200000, "growth": 0.183}, "epsTrend": {"current": 0.0, "7daysAgo": 1.89, "30daysAgo": 1.89, "60daysAgo": 1.89, "90daysAgo": 1.89}, "epsRevisions": {"upLast7days": 0, "upLast30days": 0, "downLast30days": 0, "downLast90days": {}}}, {"maxAge": 1, "period": "+1y", "endDate": "2020-03-31", "growth": {}, "earningsEstimate": {"avg": 0.0, "low": 0.0, "high": 0.0, "yearAgoEps": {}, "numberOfAnalysts": 0, "growth": {}}, "revenueEstimate": {"avg": 29592000000, "low": 29592000000, "high": 29592000000, "numberOfAnalysts": 1, "yearAgoRevenue": 26362000000, "growth": 0.123}, "epsTrend": {"current": 0.0, "7daysAgo": 5.1, "30daysAgo": 5.1, "60daysAgo": 5.1, "90daysAgo": 5.1}, "epsRevisions": {"upLast7days": 0, "upLast30days": 0, "downLast30days": 0, "downLast90days": {}}}, {"maxAge": 1, "period": "+5y", "endDate": null, "growth": {}, "earningsEstimate": {"avg": {}, "low": {}, "high": {}, "yearAgoEps": {}, "numberOfAnalysts": {}, "growth": {}}, "revenueEstimate": {"avg": {}, "low": {}, "high": {}, "numberOfAnalysts": {}, "yearAgoRevenue": {}, "growth": {}}, "epsTrend": {"current": {}, "7daysAgo": {}, "30daysAgo": {}, "60daysAgo": {}, "90daysAgo": {}}, "epsRevisions": {"upLast7days": {}, "upLast30days": {}, "downLast30days": {}, "downLast90days": {}}}, {"maxAge": 1, "period": "-5y", "endDate": null, "growth": {}, "earningsEstimate": {"avg": {}, "low": {}, "high": {}, "yearAgoEps": {}, "numberOfAnalysts": {}, "growth": {}}, "revenueEstimate": {"avg": {}, "low": {}, "high": {}, "numberOfAnalysts": {}, "yearAgoRevenue": {}, "growth": {}}, "epsTrend": {"current": {}, "7daysAgo": {}, "30daysAgo": {}, "60daysAgo": {}, "90daysAgo": {}}, "epsRevisions": {"upLast7days": {}, "upLast30days": {}, "downLast30days": {}, "downLast90days": {}}}], "maxAge": 1}, "financialData": {"maxAge": 86400, "currentPrice": 65.7, "targetHighPrice": 94.0, "targetLowPrice": 94.0, "targetMeanPrice": 94.0, "targetMedianPrice": 94.0, "recommendationKey": "none", "numberOfAnalystOpinions": 1, "grossProfits": 27748400000, "financialCurrency": "INR"}}}