{"PFS.NS": {"assetProfile": {"address1": "Telephone Exchange Building", "address2": "7th Floor 8 Bhikaji Cama Place", "city": "New Delhi", "zip": "110066", "country": "India", "phone": "91 11 2673 7300", "fax": "91 11 2673 7373", "website": "http://www.ptcfinancial.com", "industry": "Credit Services", "sector": "Financial Services", "longBusinessSummary": "PTC India Financial Services Limited provides financing solutions to companies with projects in the power sector and related areas across the entire energy value chain. The company provides debt assistance to projects in the energy value chain, such as generation, transmission, and distribution, as well as in fuel sources and related infrastructure; and invests in equities. It also offers fund based/non-fund based financial assistance in the form of debt or structured debt instruments. The company was founded in 2006 and is based in New Delhi, India. PTC India Financial Services Limited is a subsidiary of PTC India Limited.", "fullTimeEmployees": 47, "companyOfficers": [{"maxAge": 1, "name": "Dr. Pawan  Singh", "age": 59, "title": "MD, CEO & Whole Time Director", "yearBorn": 1961, "exercisedValue": 0, "unexercisedValue": 0}, {"maxAge": 1, "name": "Mr. Sanjay  Rustagi", "age": 45, "title": "Chief Financial Officer", "yearBorn": 1975, "exercisedValue": 0, "unexercisedValue": 0}, {"maxAge": 1, "name": "Mr. Naveen  Kumar", "age": 61, "title": "Director of Operations & Whole Time Director", "yearBorn": 1959, "exercisedValue": 0, "unexercisedValue": 0}, {"maxAge": 1, "name": "Mr. Vishal  Goyal", "age": 40, "title": "Assistant VP, Company Sec. & Compliance Officer", "yearBorn": 1980, "exercisedValue": 0, "unexercisedValue": 0}, {"maxAge": 1, "name": "Mr. Vijay Singh Bisht", "age": 56, "title": "Sr. VP of Projects & Head of Debt Division", "yearBorn": 1964, "exercisedValue": 0, "unexercisedValue": 0}, {"maxAge": 1, "name": "Mr. Devesh  Singh", "age": 41, "title": "Chief Risk Officer", "yearBorn": 1979, "exercisedValue": 0, "unexercisedValue": 0}, {"maxAge": 1, "name": "Mr. Sitesh Kumar Sinha", "age": 44, "title": "Exec. Officer", "yearBorn": 1976, "exercisedValue": 0, "unexercisedValue": 0}, {"maxAge": 1, "name": "Shray Kumar Shikhar", "age": 40, "title": "Exec. Officer", "yearBorn": 1980, "exercisedValue": 0, "unexercisedValue": 0}, {"maxAge": 1, "name": "Mr. Ashish  Nigam", "title": "CIO & CTO", "exercisedValue": 0, "unexercisedValue": 0}, {"maxAge": 1, "name": "Ms. Nidhi  Dahiya", "title": "Mang. & BR head", "exercisedValue": 0, "unexercisedValue": 0}], "maxAge": 86400}, "recommendationTrend": {"trend": [{"period": "0m", "strongBuy": 0, "buy": 0, "hold": 0, "sell": 0, "strongSell": 0}, {"period": "-1m", "strongBuy": 0, "buy": 0, "hold": 2, "sell": 0, "strongSell": 0}, {"period": "-2m", "strongBuy": 0, "buy": 0, "hold": 2, "sell": 0, "strongSell": 0}, {"period": "-3m", "strongBuy": 0, "buy": 0, "hold": 3, "sell": 0, "strongSell": 0}], "maxAge": 86400}, "cashflowStatementHistory": {"cashflowStatements": [{"maxAge": 1, "endDate": "2020-03-31", "netIncome": 1099989000, "depreciation": 63220000, "changeToNetincome": 10835479000, "changeToLiabilities": 34253000, "changeToOperatingActivities": 20250037000, "totalCashFromOperatingActivities": 32283174000, "capitalExpenditures": -1944000, "investments": -3854937000, "totalCashflowsFromInvestingActivities": -3856820000, "dividendsPaid": -513827000, "netBorrowings": -16539779000, "otherCashflowsFromFinancingActivities": -9463297000, "totalCashFromFinancingActivities": -26516903000, "changeInCash": 1909451000}, {"maxAge": 1, "endDate": "2019-03-31", "netIncome": 1841426000, "depreciation": 25857000, "changeToNetincome": 9622015000, "changeToLiabilities": -20540000, "changeToOperatingActivities": -9105470000, "totalCashFromOperatingActivities": 2364696000, "capitalExpenditures": -8179000, "investments": 4886000, "totalCashflowsFromInvestingActivities": -2491000, "dividendsPaid": -128457000, "netBorrowings": 6801448000, "otherCashflowsFromFinancingActivities": -9245846000, "totalCashFromFinancingActivities": -2572855000, "changeInCash": -210650000}, {"maxAge": 1, "endDate": "2018-03-31", "netIncome": -1002345000, "depreciation": 27396000, "changeToNetincome": 10904006000, "changeToLiabilities": 10768000, "changeToOperatingActivities": -22962158000, "totalCashFromOperatingActivities": -13017142000, "capitalExpenditures": -127762000, "investments": 4886000, "totalCashflowsFromInvestingActivities": -127573000, "dividendsPaid": -963425000, "netBorrowings": 21296259000, "otherCashflowsFromFinancingActivities": -6951505000, "totalCashFromFinancingActivities": 13381329000, "changeInCash": 236614000}, {"maxAge": 1, "endDate": "2017-03-31", "netIncome": 3453328000, "depreciation": 26113000, "changeToNetincome": 8855923000, "changeToLiabilities": 2732000, "changeToOperatingActivities": -21230514000, "totalCashFromOperatingActivities": -8884747000, "capitalExpenditures": -53283000, "investments": 4886000, "totalCashflowsFromInvestingActivities": -53231000, "dividendsPaid": -673909000, "netBorrowings": 12861865000, "otherCashflowsFromFinancingActivities": -6231454000, "totalCashFromFinancingActivities": 9044202000, "changeInCash": 106224000, "issuanceOfStock": 3087700000}], "maxAge": 86400}, "indexTrend": {"maxAge": 1, "symbol": "SP5", "peRatio": 19.7411, "pegRatio": 1.34172, "estimates": [{"period": "0q", "growth": 0.549}, {"period": "+1q", "growth": 0.431}, {"period": "0y", "growth": 0.305}, {"period": "+1y", "growth": 0.109}, {"period": "+5y", "growth": 0.120865}, {"period": "-5y"}]}, "defaultKeyStatistics": {"maxAge": 1, "priceHint": 2, "enterpriseValue": 99138404352, "profitMargins": 0.21119, "floatShares": 222958172, "sharesOutstanding": 642283008, "heldPercentInsiders": 0.0, "heldPercentInstitutions": 0.6891, "beta": 1.40338, "category": null, "bookValue": 33.794, "priceToBook": 0.5030479, "fundFamily": null, "legalType": null, "lastFiscalYearEnd": "2020-03-31 05:30:00", "nextFiscalYearEnd": "2022-03-31 05:30:00", "mostRecentQuarter": "2020-12-31 05:30:00", "earningsQuarterlyGrowth": -0.516, "netIncomeToCommon": 863180032, "trailingEps": 1.34, "forwardEps": 6.08, "lastSplitFactor": null, "enterpriseToRevenue": 24.256}, "industryTrend": {"maxAge": 1, "symbol": null, "estimates": []}, "quoteType": {"exchange": "NSI", "quoteType": "EQUITY", "symbol": "PFS.NS", "underlyingSymbol": "PFS.NS", "shortName": "PTC INDIA FINANCIA", "longName": "PTC India Financial Services Limited", "firstTradeDateEpochUtc": "2011-03-30 09:15:00", "timeZoneFullName": "Asia/Kolkata", "timeZoneShortName": "IST", "uuid": "3204246c-fbbe-3409-8888-933e8b95fcf2", "gmtOffSetMilliseconds": 19800000, "maxAge": 1}, "incomeStatementHistory": {"incomeStatementHistory": [{"maxAge": 1, "endDate": "2020-03-31", "totalRevenue": 4404670000, "costOfRevenue": 36723000, "grossProfit": 4367947000, "researchDevelopment": {}, "sellingGeneralAdministrative": 175168000, "nonRecurring": {}, "otherOperatingExpenses": 2216874000, "totalOperatingExpenses": 2492181000, "operatingIncome": 1912489000, "totalOtherIncomeExpenseNet": -192112000, "ebit": 0, "interestExpense": {}, "incomeBeforeTax": 1720377000, "incomeTaxExpense": 620388000, "minorityInterest": {}, "netIncomeFromContinuingOps": 1099989000, "discontinuedOperations": {}, "extraordinaryItems": {}, "effectOfAccountingCharges": {}, "otherItems": {}, "netIncome": 1099989000, "netIncomeApplicableToCommonShares": 1099989000}, {"maxAge": 1, "endDate": "2019-03-31", "totalRevenue": 4112152000, "costOfRevenue": 32757000, "grossProfit": 4079395000, "researchDevelopment": {}, "sellingGeneralAdministrative": 195738000, "nonRecurring": {}, "otherOperatingExpenses": 856260000, "totalOperatingExpenses": 1112020000, "operatingIncome": 3000132000, "totalOtherIncomeExpenseNet": -190136000, "ebit": 0, "interestExpense": {}, "incomeBeforeTax": 2809996000, "incomeTaxExpense": 968570000, "minorityInterest": {}, "netIncomeFromContinuingOps": 1841426000, "discontinuedOperations": {}, "extraordinaryItems": {}, "effectOfAccountingCharges": {}, "otherItems": {}, "netIncome": 1841426000, "netIncomeApplicableToCommonShares": 1841426000}, {"maxAge": 1, "endDate": "2018-03-31", "totalRevenue": 5081572000, "costOfRevenue": 26160000, "grossProfit": 5055412000, "researchDevelopment": {}, "sellingGeneralAdministrative": 201827000, "nonRecurring": {}, "otherOperatingExpenses": 6245243000, "totalOperatingExpenses": 6505817000, "operatingIncome": -1424245000, "totalOtherIncomeExpenseNet": -80024000, "ebit": 0, "interestExpense": {}, "incomeBeforeTax": -1504269000, "incomeTaxExpense": -501924000, "minorityInterest": {}, "netIncomeFromContinuingOps": -1002345000, "discontinuedOperations": {}, "extraordinaryItems": {}, "effectOfAccountingCharges": {}, "otherItems": {}, "netIncome": -1002345000, "netIncomeApplicableToCommonShares": -1002345000}, {"maxAge": 1, "endDate": "2017-03-31", "totalRevenue": 5798220000, "costOfRevenue": 24605000, "grossProfit": 5773615000, "researchDevelopment": {}, "sellingGeneralAdministrative": 168652000, "nonRecurring": {}, "otherOperatingExpenses": 140267000, "totalOperatingExpenses": 367308000, "operatingIncome": 5430912000, "totalOtherIncomeExpenseNet": -144099000, "ebit": 0, "interestExpense": {}, "incomeBeforeTax": 5286813000, "incomeTaxExpense": 1833485000, "minorityInterest": {}, "netIncomeFromContinuingOps": 3453328000, "discontinuedOperations": {}, "extraordinaryItems": {}, "effectOfAccountingCharges": {}, "otherItems": {}, "netIncome": 3453328000, "netIncomeApplicableToCommonShares": 3453328000}], "maxAge": 86400}, "fundOwnership": {"ownershipList": [{"maxAge": 1, "reportDate": "2021-01-31", "organization": "DFA Investment Dimensions-DFA Emerging Mkts Value", "pctHeld": 0.0028, "position": 1766742, "value": 31978030}, {"maxAge": 1, "reportDate": "2021-01-31", "organization": "DFA Emerging Markets Small Cap Series", "pctHeld": 0.0018000001, "position": 1164375, "value": 21075187}, {"maxAge": 1, "reportDate": "2021-01-31", "organization": "DFA Emerging Markets Core Equity Portfolio", "pctHeld": 0.0018000001, "position": 1135333, "value": 20549527}, {"maxAge": 1, "reportDate": "2021-01-31", "organization": "DFA Investment Dimensions-World Ex U.S. Core Equity Port", "pctHeld": 0.0001, "position": 58589, "value": 1060460}, {"maxAge": 1, "reportDate": "2021-01-31", "organization": "DFA Investment Dimensions-Emerging Markets Social Core Equity", "pctHeld": 0.0001, "position": 37616, "value": 680849}], "maxAge": 1}, "summaryDetail": {"maxAge": 1, "priceHint": 2, "previousClose": 17.05, "open": 16.9, "dayLow": 16.75, "dayHigh": 17.2, "regularMarketPreviousClose": 17.05, "regularMarketOpen": 16.9, "regularMarketDayLow": 16.75, "regularMarketDayHigh": 17.2, "dividendRate": 0.45, "dividendYield": 0.026400002, "exDividendDate": "2020-09-14 05:30:00", "payoutRatio": 0.33580002, "fiveYearAvgDividendYield": 3.74, "beta": 1.40338, "trailingPE": 12.686567, "forwardPE": 2.7960527, "volume": 374971, "regularMarketVolume": 374971, "averageVolume": 1432715, "averageVolume10days": 694924, "averageDailyVolume10Day": 694924, "bid": 0.0, "ask": 0.0, "bidSize": 0, "askSize": 0, "marketCap": 10918811648, "fiftyTwoWeekLow": 7.9, "fiftyTwoWeekHigh": 24.25, "priceToSalesTrailing12Months": 2.6714349, "fiftyDayAverage": 19.520588, "twoHundredDayAverage": 18.979078, "trailingAnnualDividendRate": 0.45, "trailingAnnualDividendYield": 0.026392963, "currency": "INR", "fromCurrency": null, "lastMarket": null, "algorithm": null, "tradeable": false}, "insiderHolders": {"holders": [{"maxAge": 1, "name": "Macquarie India Holdings Ltd", "relation": "Investment Advisor", "url": "", "transactionDescription": "Acquisition", "latestTransDate": "2014-09-25", "positionDirect": 28381063, "positionDirectDate": "2014-09-25"}, {"maxAge": 1, "name": "PTC India Ltd", "relation": "Promoter", "url": "", "transactionDescription": "Other", "latestTransDate": "2016-11-29", "positionDirect": 417450001, "positionDirectDate": "2016-11-29"}], "maxAge": 1}, "calendarEvents": {"maxAge": 1, "earnings": {"earningsDate": []}, "exDividendDate": "2020-09-14 05:30:00"}, "upgradeDowngradeHistory": {"history": [], "maxAge": 86400}, "price": {"maxAge": 1, "regularMarketChangePercent": -0.0029325066, "regularMarketChange": -0.049999237, "regularMarketTime": "2021-04-30 15:29:35", "priceHint": 2, "regularMarketPrice": 17.0, "regularMarketDayHigh": 17.2, "regularMarketDayLow": 16.75, "regularMarketVolume": 374971, "averageDailyVolume10Day": 694924, "averageDailyVolume3Month": 1432715, "regularMarketPreviousClose": 17.05, "regularMarketSource": "FREE_REALTIME", "regularMarketOpen": 16.9, "exchange": "NSI", "exchangeName": "NSE", "exchangeDataDelayedBy": 15, "marketState": "CLOSED", "quoteType": "EQUITY", "symbol": "PFS.NS", "underlyingSymbol": null, "shortName": "PTC INDIA FINANCIA", "longName": "PTC India Financial Services Limited", "currency": "INR", "quoteSourceName": "Delayed Quote", "currencySymbol": "\u20b9", "fromCurrency": null, "lastMarket": null, "marketCap": 10918811648}, "balanceSheetHistory": {"balanceSheetStatements": [{"maxAge": 1, "endDate": "2020-03-31", "cash": 2231800000, "netReceivables": 103771843000, "otherCurrentAssets": 5007741000, "totalCurrentAssets": 112744582000, "longTermInvestments": 2044486000, "propertyPlantEquipment": 218778000, "intangibleAssets": 209000, "otherAssets": 1410322000, "deferredLongTermAssetCharges": 1256437000, "totalAssets": 116418377000, "accountsPayable": 66507000, "shortLongTermDebt": 19728397000, "otherCurrentLiab": 85495000, "longTermDebt": 72897933000, "otherLiab": 1109407000, "totalCurrentLiabilities": 21189200000, "totalLiab": 95270171000, "commonStock": 6422833000, "retainedEarnings": 10675657000, "treasuryStock": -2078341000, "capitalSurplus": 6128057000, "otherStockholderEquity": -2078341000, "totalStockholderEquity": 21148206000, "netTangibleAssets": 21147997000}, {"maxAge": 1, "endDate": "2019-03-31", "cash": 322349000, "netReceivables": 126592773000, "otherCurrentAssets": 1716888000, "totalCurrentAssets": 129790431000, "longTermInvestments": 1121918000, "propertyPlantEquipment": 122722000, "intangibleAssets": 405000, "otherAssets": 2017651000, "deferredLongTermAssetCharges": 1863767000, "totalAssets": 131931209000, "accountsPayable": 32254000, "shortLongTermDebt": 35813500000, "otherCurrentLiab": 85465000, "longTermDebt": 73369823000, "otherLiab": 789109000, "totalCurrentLiabilities": 37106764000, "totalLiab": 111265696000, "commonStock": 6422833000, "retainedEarnings": 10197554000, "treasuryStock": -2082931000, "capitalSurplus": 6128057000, "otherStockholderEquity": -2082931000, "totalStockholderEquity": 20665513000, "netTangibleAssets": 20665108000}, {"maxAge": 1, "endDate": "2018-03-31", "cash": 532999000, "netReceivables": 118165615000, "otherCurrentAssets": 439813000, "totalCurrentAssets": 120018620000, "longTermInvestments": 12512000, "propertyPlantEquipment": 140862000, "intangibleAssets": 1669000, "otherAssets": 2977760000, "deferredLongTermAssetCharges": 2823885000, "totalAssets": 123151423000, "accountsPayable": 52794000, "shortLongTermDebt": 41398252000, "otherCurrentLiab": 74672000, "longTermDebt": 56937613000, "otherLiab": 246470000, "totalCurrentLiabilities": 46573833000, "totalLiab": 103757916000, "commonStock": 6422833000, "retainedEarnings": 8511248000, "treasuryStock": -1668631000, "capitalSurplus": 6128057000, "otherStockholderEquity": -1668631000, "totalStockholderEquity": 19393507000, "netTangibleAssets": 19391838000}, {"maxAge": 1, "endDate": "2017-03-31", "cash": 353847000, "netReceivables": 105063726000, "otherCurrentAssets": 70199000, "totalCurrentAssets": 105487772000, "longTermInvestments": 1413955000, "propertyPlantEquipment": 144043000, "intangibleAssets": 6430000, "otherAssets": 469941000, "deferredLongTermAssetCharges": 197822000, "totalAssets": 107522141000, "accountsPayable": 42026000, "shortLongTermDebt": 5523717000, "otherCurrentLiab": 79240000, "longTermDebt": 47158840000, "otherLiab": 983441000, "totalCurrentLiabilities": 35187067000, "totalLiab": 83329348000, "commonStock": 6422833000, "retainedEarnings": 11932393000, "treasuryStock": -290490000, "capitalSurplus": 6128057000, "otherStockholderEquity": -290490000, "totalStockholderEquity": 24192793000, "netTangibleAssets": 24186363000}], "maxAge": 86400}, "earningsTrend": {"trend": [{"maxAge": 1, "period": "0q", "endDate": null, "growth": {}, "earningsEstimate": {"avg": 0.0, "low": 0.0, "high": 0.0, "yearAgoEps": {}, "numberOfAnalysts": 0, "growth": {}}, "revenueEstimate": {"avg": 0, "low": 0, "high": 0, "numberOfAnalysts": 0, "yearAgoRevenue": {}, "growth": {}}, "epsTrend": {"current": 0.0, "7daysAgo": 0.0, "30daysAgo": 0.0, "60daysAgo": 0.0, "90daysAgo": 0.0}, "epsRevisions": {"upLast7days": 0, "upLast30days": 0, "downLast30days": 0, "downLast90days": {}}}, {"maxAge": 1, "period": "+1q", "endDate": null, "growth": {}, "earningsEstimate": {"avg": 0.0, "low": 0.0, "high": 0.0, "yearAgoEps": {}, "numberOfAnalysts": 0, "growth": {}}, "revenueEstimate": {"avg": 0, "low": 0, "high": 0, "numberOfAnalysts": 0, "yearAgoRevenue": {}, "growth": {}}, "epsTrend": {"current": 0.0, "7daysAgo": 0.0, "30daysAgo": 0.0, "60daysAgo": 0.0, "90daysAgo": 0.0}, "epsRevisions": {"upLast7days": 0, "upLast30days": 0, "downLast30days": 0, "downLast90days": {}}}, {"maxAge": 1, "period": "0y", "endDate": null, "growth": {}, "earningsEstimate": {"avg": 0.0, "low": 0.0, "high": 0.0, "yearAgoEps": {}, "numberOfAnalysts": 0, "growth": {}}, "revenueEstimate": {"avg": 0, "low": 0, "high": 0, "numberOfAnalysts": 0, "yearAgoRevenue": {}, "growth": {}}, "epsTrend": {"current": 0.0, "7daysAgo": 0.0, "30daysAgo": 0.0, "60daysAgo": 0.0, "90daysAgo": 0.0}, "epsRevisions": {"upLast7days": 0, "upLast30days": 0, "downLast30days": 0, "downLast90days": {}}}, {"maxAge": 1, "period": "+1y", "endDate": null, "growth": {}, "earningsEstimate": {"avg": 0.0, "low": 0.0, "high": 0.0, "yearAgoEps": {}, "numberOfAnalysts": 0, "growth": {}}, "revenueEstimate": {"avg": 0, "low": 0, "high": 0, "numberOfAnalysts": 0, "yearAgoRevenue": {}, "growth": {}}, "epsTrend": {"current": 0.0, "7daysAgo": 0.0, "30daysAgo": 0.0, "60daysAgo": 0.0, "90daysAgo": 0.0}, "epsRevisions": {"upLast7days": 0, "upLast30days": 0, "downLast30days": 0, "downLast90days": {}}}, {"maxAge": 1, "period": "+5y", "endDate": null, "growth": {}, "earningsEstimate": {"avg": {}, "low": {}, "high": {}, "yearAgoEps": {}, "numberOfAnalysts": {}, "growth": {}}, "revenueEstimate": {"avg": {}, "low": {}, "high": {}, "numberOfAnalysts": {}, "yearAgoRevenue": {}, "growth": {}}, "epsTrend": {"current": {}, "7daysAgo": {}, "30daysAgo": {}, "60daysAgo": {}, "90daysAgo": {}}, "epsRevisions": {"upLast7days": {}, "upLast30days": {}, "downLast30days": {}, "downLast90days": {}}}, {"maxAge": 1, "period": "-5y", "endDate": null, "growth": -0.31849, "earningsEstimate": {"avg": {}, "low": {}, "high": {}, "yearAgoEps": {}, "numberOfAnalysts": {}, "growth": {}}, "revenueEstimate": {"avg": {}, "low": {}, "high": {}, "numberOfAnalysts": {}, "yearAgoRevenue": {}, "growth": {}}, "epsTrend": {"current": {}, "7daysAgo": {}, "30daysAgo": {}, "60daysAgo": {}, "90daysAgo": {}}, "epsRevisions": {"upLast7days": {}, "upLast30days": {}, "downLast30days": {}, "downLast90days": {}}}], "maxAge": 1}, "institutionOwnership": {"ownershipList": [], "maxAge": 1}, "majorHoldersBreakdown": {"maxAge": 1, "insidersPercentHeld": 0.0, "institutionsPercentHeld": 0.6891, "institutionsFloatPercentHeld": 0.6891, "institutionsCount": 6}, "balanceSheetHistoryQuarterly": {"balanceSheetStatements": [{"maxAge": 1, "endDate": "2020-12-31", "totalStockholderEquity": 21527673000, "netTangibleAssets": 21527562000}, {"maxAge": 1, "endDate": "2020-09-30", "cash": 3489987000, "netReceivables": 104864621000, "otherCurrentAssets": 2212143000, "totalCurrentAssets": 110718273000, "longTermInvestments": 3608318000, "propertyPlantEquipment": 190609000, "intangibleAssets": 111000, "otherAssets": 1232331000, "deferredLongTermAssetCharges": 1033881000, "totalAssets": 115749642000, "accountsPayable": 11981000, "otherCurrentLiab": 31118000, "longTermDebt": 91670771000, "otherLiab": 2508099000, "totalCurrentLiabilities": 43099000, "totalLiab": 94221969000, "commonStock": 6422833000, "treasuryStock": 15104840000, "otherStockholderEquity": 15104840000, "totalStockholderEquity": 21527673000, "netTangibleAssets": 21527562000}, {"maxAge": 1, "endDate": "2020-06-30", "totalStockholderEquity": 21148206000, "netTangibleAssets": 21147997000}, {"maxAge": 1, "endDate": "2020-03-31", "cash": 2231800000, "netReceivables": 103771843000, "otherCurrentAssets": 5007741000, "totalCurrentAssets": 112744582000, "longTermInvestments": 2044486000, "propertyPlantEquipment": 218778000, "intangibleAssets": 209000, "otherAssets": 1410322000, "deferredLongTermAssetCharges": 1256437000, "totalAssets": 116418377000, "accountsPayable": 66507000, "shortLongTermDebt": 19728397000, "otherCurrentLiab": 85495000, "longTermDebt": 72897933000, "otherLiab": 1109407000, "totalCurrentLiabilities": 21189200000, "totalLiab": 95270171000, "commonStock": 6422833000, "retainedEarnings": 10675657000, "treasuryStock": -2078341000, "capitalSurplus": 6128057000, "otherStockholderEquity": -2078341000, "totalStockholderEquity": 21148206000, "netTangibleAssets": 21147997000}], "maxAge": 86400}, "earningsHistory": {"history": [{"maxAge": 1, "epsActual": {}, "epsEstimate": {}, "epsDifference": {}, "surprisePercent": {}, "quarter": {}, "period": "-4q"}, {"maxAge": 1, "epsActual": {}, "epsEstimate": {}, "epsDifference": {}, "surprisePercent": {}, "quarter": {}, "period": "-3q"}, {"maxAge": 1, "epsActual": {}, "epsEstimate": {}, "epsDifference": {}, "surprisePercent": {}, "quarter": {}, "period": "-2q"}, {"maxAge": 1, "epsActual": {}, "epsEstimate": {}, "epsDifference": {}, "surprisePercent": {}, "quarter": {}, "period": "-1q"}], "maxAge": 86400}, "summaryProfile": {"address1": "Telephone Exchange Building", "address2": "7th Floor 8 Bhikaji Cama Place", "city": "New Delhi", "zip": "110066", "country": "India", "phone": "91 11 2673 7300", "fax": "91 11 2673 7373", "website": "http://www.ptcfinancial.com", "industry": "Credit Services", "sector": "Financial Services", "longBusinessSummary": "PTC India Financial Services Limited provides financing solutions to companies with projects in the power sector and related areas across the entire energy value chain. The company provides debt assistance to projects in the energy value chain, such as generation, transmission, and distribution, as well as in fuel sources and related infrastructure; and invests in equities. It also offers fund based/non-fund based financial assistance in the form of debt or structured debt instruments. The company was founded in 2006 and is based in New Delhi, India. PTC India Financial Services Limited is a subsidiary of PTC India Limited.", "fullTimeEmployees": 47, "companyOfficers": [], "maxAge": 86400}, "netSharePurchaseActivity": {"maxAge": 1, "period": "6m", "buyInfoCount": 0, "buyInfoShares": 0, "sellInfoCount": 0, "netInfoCount": 0, "netInfoShares": 0, "totalInsiderShares": 0}, "insiderTransactions": {"transactions": [{"maxAge": 1, "shares": 80200000, "filerUrl": "", "transactionText": "", "filerName": "PTC India Ltd", "filerRelation": "Promoter", "moneyText": "", "startDate": "2016-11-29", "ownership": "D"}, {"maxAge": 1, "shares": 1081063, "filerUrl": "", "transactionText": "", "filerName": "Macquarie India Holdings Ltd", "filerRelation": "Investment Advisor", "moneyText": "", "startDate": "2014-09-25", "ownership": "D"}], "maxAge": 1}, "sectorTrend": {"maxAge": 1, "symbol": null, "estimates": []}, "incomeStatementHistoryQuarterly": {"incomeStatementHistory": [{"maxAge": 1, "endDate": "2020-12-31", "totalRevenue": 863439000, "costOfRevenue": 59201000, "grossProfit": 804238000, "researchDevelopment": {}, "sellingGeneralAdministrative": 45285000, "nonRecurring": {}, "otherOperatingExpenses": 414880000, "totalOperatingExpenses": 534435000, "operatingIncome": 329004000, "totalOtherIncomeExpenseNet": 0, "ebit": 0, "interestExpense": {}, "incomeBeforeTax": 329004000, "incomeTaxExpense": 120504000, "minorityInterest": {}, "netIncomeFromContinuingOps": 208500000, "discontinuedOperations": {}, "extraordinaryItems": {}, "effectOfAccountingCharges": {}, "otherItems": {}, "netIncome": 208500000, "netIncomeApplicableToCommonShares": 208500000}, {"maxAge": 1, "endDate": "2020-09-30", "totalRevenue": 1014551000, "costOfRevenue": 66046000, "grossProfit": 948505000, "researchDevelopment": {}, "sellingGeneralAdministrative": 38184000, "nonRecurring": {}, "otherOperatingExpenses": 410683000, "totalOperatingExpenses": 529900000, "operatingIncome": 484651000, "totalOtherIncomeExpenseNet": 0, "ebit": 0, "interestExpense": {}, "incomeBeforeTax": 484651000, "incomeTaxExpense": 166135000, "minorityInterest": {}, "netIncomeFromContinuingOps": 318516000, "discontinuedOperations": {}, "extraordinaryItems": {}, "effectOfAccountingCharges": {}, "otherItems": {}, "netIncome": 318516000, "netIncomeApplicableToCommonShares": 318516000}, {"maxAge": 1, "endDate": "2020-06-30", "totalRevenue": 923888000, "costOfRevenue": 39839000, "grossProfit": 884049000, "researchDevelopment": {}, "sellingGeneralAdministrative": 37681000, "nonRecurring": {}, "otherOperatingExpenses": 405768000, "totalOperatingExpenses": 497951000, "operatingIncome": 425937000, "totalOtherIncomeExpenseNet": 0, "ebit": 0, "interestExpense": {}, "incomeBeforeTax": 425937000, "incomeTaxExpense": 160300000, "minorityInterest": {}, "netIncomeFromContinuingOps": 265637000, "discontinuedOperations": {}, "extraordinaryItems": {}, "effectOfAccountingCharges": {}, "otherItems": {}, "netIncome": 265637000, "netIncomeApplicableToCommonShares": 265637000}, {"maxAge": 1, "endDate": "2020-03-31", "totalRevenue": 1291180000, "costOfRevenue": -114440000, "grossProfit": 1405620000, "researchDevelopment": {}, "sellingGeneralAdministrative": 56003000, "nonRecurring": {}, "otherOperatingExpenses": 997638000, "totalOperatingExpenses": 954979000, "operatingIncome": 336201000, "totalOtherIncomeExpenseNet": -192112000, "ebit": 0, "interestExpense": {}, "incomeBeforeTax": 144089000, "incomeTaxExpense": 73562000, "minorityInterest": {}, "netIncomeFromContinuingOps": 70527000, "discontinuedOperations": {}, "extraordinaryItems": {}, "effectOfAccountingCharges": {}, "otherItems": {}, "netIncome": 70527000, "netIncomeApplicableToCommonShares": 70527000}], "maxAge": 86400}, "cashflowStatementHistoryQuarterly": {"cashflowStatements": [{"maxAge": 1, "endDate": "2020-12-31", "netIncome": 208500000, "changeToLiabilities": 0}, {"maxAge": 1, "endDate": "2020-09-30", "netIncome": 318516000, "changeToLiabilities": 0}, {"maxAge": 1, "endDate": "2020-06-30", "netIncome": 265637000, "changeToLiabilities": 0}, {"maxAge": 1, "endDate": "2020-03-31", "netIncome": 70527000, "changeToLiabilities": 0}], "maxAge": 86400}, "earnings": {"maxAge": 86400, "earningsChart": {"quarterly": [], "earningsDate": []}, "financialsChart": {"yearly": [{"date": 2017, "revenue": 5798220000, "earnings": 3453328000}, {"date": 2018, "revenue": 5081572000, "earnings": -1002345000}, {"date": 2019, "revenue": 4112152000, "earnings": 1841426000}, {"date": 2020, "revenue": 4404670000, "earnings": 1099989000}], "quarterly": [{"date": "1Q2020", "revenue": 1291180000, "earnings": 70527000}, {"date": "2Q2020", "revenue": 923888000, "earnings": 265637000}, {"date": "3Q2020", "revenue": 1014551000, "earnings": 318516000}, {"date": "4Q2020", "revenue": 863439000, "earnings": 208500000}]}, "financialCurrency": "INR"}, "financialData": {"maxAge": 86400, "currentPrice": 17.0, "targetHighPrice": 37.0, "targetLowPrice": 37.0, "targetMeanPrice": 37.0, "targetMedianPrice": 37.0, "recommendationMean": 3.0, "recommendationKey": "hold", "numberOfAnalystOpinions": 1, "totalCash": 3641509120, "totalCashPerShare": 5.589, "totalDebt": 91670773760, "totalRevenue": 4087246080, "debtToEquity": 425.827, "revenuePerShare": 6.356, "grossProfits": 4367947000, "earningsGrowth": -0.522, "revenueGrowth": -0.148, "grossMargins": 0.98761004, "ebitdaMargins": 0.0, "operatingMargins": 0.38554, "profitMargins": 0.21119, "financialCurrency": "INR"}}}