{"PFS.BO": {"recommendationTrend": {"trend": [{"period": "0m", "strongBuy": 0, "buy": 0, "hold": 0, "sell": 0, "strongSell": 0}, {"period": "-1m", "strongBuy": 0, "buy": 0, "hold": 0, "sell": 0, "strongSell": 0}, {"period": "-2m", "strongBuy": 0, "buy": 0, "hold": 0, "sell": 0, "strongSell": 0}, {"period": "-3m", "strongBuy": 0, "buy": 0, "hold": 0, "sell": 0, "strongSell": 0}], "maxAge": 86400}, "cashflowStatementHistory": {"cashflowStatements": [{"maxAge": 1, "endDate": "2020-03-31", "netIncome": 1099989000, "depreciation": 63220000, "changeToNetincome": 10835479000, "changeToLiabilities": 34253000, "changeToOperatingActivities": 20250037000, "totalCashFromOperatingActivities": 32283174000, "capitalExpenditures": -1944000, "investments": -3854937000, "totalCashflowsFromInvestingActivities": -3856820000, "dividendsPaid": -513827000, "netBorrowings": -16539779000, "otherCashflowsFromFinancingActivities": -9463297000, "totalCashFromFinancingActivities": -26516903000, "changeInCash": 1909451000}, {"maxAge": 1, "endDate": "2019-03-31", "netIncome": 1841426000, "depreciation": 25857000, "changeToNetincome": 9622015000, "changeToLiabilities": -20540000, "changeToOperatingActivities": -9105470000, "totalCashFromOperatingActivities": 2364696000, "capitalExpenditures": -8179000, "investments": 4886000, "totalCashflowsFromInvestingActivities": -2491000, "dividendsPaid": -128457000, "netBorrowings": 6801448000, "otherCashflowsFromFinancingActivities": -9245846000, "totalCashFromFinancingActivities": -2572855000, "changeInCash": -210650000}, {"maxAge": 1, "endDate": "2018-03-31", "netIncome": -1002345000, "depreciation": 27396000, "changeToNetincome": 10904006000, "changeToLiabilities": 10768000, "changeToOperatingActivities": -22962158000, "totalCashFromOperatingActivities": -13017142000, "capitalExpenditures": -127762000, "investments": 4886000, "totalCashflowsFromInvestingActivities": -127573000, "dividendsPaid": -963425000, "netBorrowings": 21296259000, "otherCashflowsFromFinancingActivities": -6951505000, "totalCashFromFinancingActivities": 13381329000, "changeInCash": 236614000}, {"maxAge": 1, "endDate": "2017-03-31", "netIncome": 3453328000, "depreciation": 26113000, "changeToNetincome": 8855923000, "changeToLiabilities": 2732000, "changeToOperatingActivities": -21230514000, "totalCashFromOperatingActivities": -8884747000, "capitalExpenditures": -53283000, "investments": 4886000, "totalCashflowsFromInvestingActivities": -53231000, "dividendsPaid": -673909000, "netBorrowings": 12861865000, "otherCashflowsFromFinancingActivities": -6231454000, "totalCashFromFinancingActivities": 9044202000, "changeInCash": 106224000, "issuanceOfStock": 3087700000}], "maxAge": 86400}, "institutionOwnership": {"ownershipList": [], "maxAge": 1}, "balanceSheetHistoryQuarterly": {"balanceSheetStatements": [{"maxAge": 1, "endDate": "2020-06-30", "totalStockholderEquity": 21148206000, "netTangibleAssets": 21147997000}, {"maxAge": 1, "endDate": "2020-03-31", "cash": 2231800000, "netReceivables": 103771843000, "otherCurrentAssets": 5007741000, "totalCurrentAssets": 112744582000, "longTermInvestments": 2044486000, "propertyPlantEquipment": 218778000, "intangibleAssets": 209000, "otherAssets": 1410322000, "deferredLongTermAssetCharges": 1256437000, "totalAssets": 116418377000, "accountsPayable": 66507000, "shortLongTermDebt": 19728397000, "otherCurrentLiab": 85495000, "longTermDebt": 72897933000, "otherLiab": 1109407000, "totalCurrentLiabilities": 21189200000, "totalLiab": 95270171000, "commonStock": 6422833000, "retainedEarnings": 10675657000, "treasuryStock": -2078341000, "capitalSurplus": 6128057000, "otherStockholderEquity": -2078341000, "totalStockholderEquity": 21148206000, "netTangibleAssets": 21147997000}, {"maxAge": 1, "endDate": "2019-12-31", "totalStockholderEquity": 20678218000, "netTangibleAssets": 20677904000}, {"maxAge": 1, "endDate": "2019-09-30", "cash": 2870026000, "netReceivables": 121075208000, "otherCurrentAssets": 5488000, "totalCurrentAssets": 124138276000, "longTermInvestments": 850940000, "propertyPlantEquipment": 249900000, "intangibleAssets": 314000, "otherAssets": 4058175000, "deferredLongTermAssetCharges": 2179603000, "totalAssets": 129297605000, "accountsPayable": 30134000, "otherCurrentLiab": 14453000, "longTermDebt": 103644626000, "otherLiab": 4930174000, "totalCurrentLiabilities": 44587000, "totalLiab": 108619387000, "commonStock": 6422833000, "treasuryStock": 14255385000, "otherStockholderEquity": 14255385000, "totalStockholderEquity": 20678218000, "netTangibleAssets": 20677904000}], "maxAge": 86400}, "earningsHistory": {"history": [{"maxAge": 1, "epsActual": {}, "epsEstimate": {}, "epsDifference": {}, "surprisePercent": {}, "quarter": {}, "period": "-4q"}, {"maxAge": 1, "epsActual": {}, "epsEstimate": {}, "epsDifference": {}, "surprisePercent": {}, "quarter": {}, "period": "-3q"}, {"maxAge": 1, "epsActual": {}, "epsEstimate": {}, "epsDifference": {}, "surprisePercent": {}, "quarter": {}, "period": "-2q"}, {"maxAge": 1, "epsActual": {}, "epsEstimate": {}, "epsDifference": {}, "surprisePercent": {}, "quarter": {}, "period": "-1q"}], "maxAge": 86400}, "indexTrend": {"maxAge": 1, "symbol": "SP5", "peRatio": 19.7411, "pegRatio": 1.34172, "estimates": [{"period": "0q", "growth": 0.549}, {"period": "+1q", "growth": 0.431}, {"period": "0y", "growth": 0.305}, {"period": "+1y", "growth": 0.109}, {"period": "+5y", "growth": 0.120865}, {"period": "-5y"}]}, "industryTrend": {"maxAge": 1, "symbol": null, "estimates": []}, "insiderTransactions": {"transactions": [{"maxAge": 1, "shares": 80200000, "filerUrl": "", "transactionText": "", "filerName": "PTC India Ltd", "filerRelation": "Promoter", "moneyText": "", "startDate": "2016-11-29", "ownership": "D"}, {"maxAge": 1, "shares": 1081063, "filerUrl": "", "transactionText": "", "filerName": "Macquarie India Holdings Ltd", "filerRelation": "Investment Advisor", "moneyText": "", "startDate": "2014-09-25", "ownership": "D"}], "maxAge": 1}, "quoteType": {"exchange": "BSE", "quoteType": "EQUITY", "symbol": "PFS.BO", "underlyingSymbol": "PFS.BO", "shortName": "PTC INDIA FINANCIAL SERVICES L", "longName": "PTC India Financial Services Limited", "firstTradeDateEpochUtc": "2011-03-30 09:15:00", "timeZoneFullName": "Asia/Kolkata", "timeZoneShortName": "IST", "uuid": "00c483fe-56b8-304c-b7e2-9ce957f5ca27", "gmtOffSetMilliseconds": 19800000, "maxAge": 1}, "incomeStatementHistory": {"incomeStatementHistory": [{"maxAge": 1, "endDate": "2020-03-31", "totalRevenue": 4404670000, "costOfRevenue": 36723000, "grossProfit": 4367947000, "researchDevelopment": {}, "sellingGeneralAdministrative": 175168000, "nonRecurring": {}, "otherOperatingExpenses": 2216874000, "totalOperatingExpenses": 2492181000, "operatingIncome": 1912489000, "totalOtherIncomeExpenseNet": -192112000, "ebit": 0, "interestExpense": {}, "incomeBeforeTax": 1720377000, "incomeTaxExpense": 620388000, "minorityInterest": {}, "netIncomeFromContinuingOps": 1099989000, "discontinuedOperations": {}, "extraordinaryItems": {}, "effectOfAccountingCharges": {}, "otherItems": {}, "netIncome": 1099989000, "netIncomeApplicableToCommonShares": 1099989000}, {"maxAge": 1, "endDate": "2019-03-31", "totalRevenue": 4112152000, "costOfRevenue": 32757000, "grossProfit": 4079395000, "researchDevelopment": {}, "sellingGeneralAdministrative": 195738000, "nonRecurring": {}, "otherOperatingExpenses": 856260000, "totalOperatingExpenses": 1112020000, "operatingIncome": 3000132000, "totalOtherIncomeExpenseNet": -190136000, "ebit": 0, "interestExpense": {}, "incomeBeforeTax": 2809996000, "incomeTaxExpense": 968570000, "minorityInterest": {}, "netIncomeFromContinuingOps": 1841426000, "discontinuedOperations": {}, "extraordinaryItems": {}, "effectOfAccountingCharges": {}, "otherItems": {}, "netIncome": 1841426000, "netIncomeApplicableToCommonShares": 1841426000}, {"maxAge": 1, "endDate": "2018-03-31", "totalRevenue": 5081572000, "costOfRevenue": 26160000, "grossProfit": 5055412000, "researchDevelopment": {}, "sellingGeneralAdministrative": 201827000, "nonRecurring": {}, "otherOperatingExpenses": 6245243000, "totalOperatingExpenses": 6505817000, "operatingIncome": -1424245000, "totalOtherIncomeExpenseNet": -80024000, "ebit": 0, "interestExpense": {}, "incomeBeforeTax": -1504269000, "incomeTaxExpense": -501924000, "minorityInterest": {}, "netIncomeFromContinuingOps": -1002345000, "discontinuedOperations": {}, "extraordinaryItems": {}, "effectOfAccountingCharges": {}, "otherItems": {}, "netIncome": -1002345000, "netIncomeApplicableToCommonShares": -1002345000}, {"maxAge": 1, "endDate": "2017-03-31", "totalRevenue": 5798220000, "costOfRevenue": 24605000, "grossProfit": 5773615000, "researchDevelopment": {}, "sellingGeneralAdministrative": 168652000, "nonRecurring": {}, "otherOperatingExpenses": 140267000, "totalOperatingExpenses": 367308000, "operatingIncome": 5430912000, "totalOtherIncomeExpenseNet": -144099000, "ebit": 0, "interestExpense": {}, "incomeBeforeTax": 5286813000, "incomeTaxExpense": 1833485000, "minorityInterest": {}, "netIncomeFromContinuingOps": 3453328000, "discontinuedOperations": {}, "extraordinaryItems": {}, "effectOfAccountingCharges": {}, "otherItems": {}, "netIncome": 3453328000, "netIncomeApplicableToCommonShares": 3453328000}], "maxAge": 86400}, "fundOwnership": {"ownershipList": [{"maxAge": 1, "reportDate": "2020-07-31", "organization": "DFA Investment Dimensions-DFA Emerging Mkts Value", "pctHeld": 0.0028, "position": 1766742, "value": 31200663}, {"maxAge": 1, "reportDate": "2020-07-31", "organization": "DFA Emerging Markets Core Equity Portfolio", "pctHeld": 0.0023999999, "position": 1538242, "value": 27165353}, {"maxAge": 1, "reportDate": "2020-07-31", "organization": "DFA Emerging Markets Small Cap Series", "pctHeld": 0.0021, "position": 1361445, "value": 24043118}, {"maxAge": 1, "reportDate": "2020-07-31", "organization": "DFA Investment Dimensions-Emerging Markets Social Core Equity", "pctHeld": 0.0001, "position": 61047, "value": 1078090}, {"maxAge": 1, "reportDate": "2020-07-31", "organization": "DFA Investment Dimensions-World Ex U.S. Core Equity Port", "pctHeld": 0.0001, "position": 58589, "value": 1034681}], "maxAge": 1}, "summaryDetail": {"maxAge": 1, "priceHint": 2, "previousClose": 17.05, "open": 17.0, "dayLow": 16.7, "dayHigh": 17.2, "regularMarketPreviousClose": 17.05, "regularMarketOpen": 17.0, "regularMarketDayLow": 16.7, "regularMarketDayHigh": 17.2, "trailingPE": 9.0547, "forwardPE": 2.8042762, "volume": 78748, "regularMarketVolume": 78748, "averageVolume": 146454, "averageVolume10days": 71474, "averageDailyVolume10Day": 71474, "bid": 16.9, "ask": 17.15, "bidSize": 0, "askSize": 0, "marketCap": 10950924288, "fiftyTwoWeekLow": 6.78, "fiftyTwoWeekHigh": 24.3, "fiftyDayAverage": 19.710606, "twoHundredDayAverage": 18.410294, "trailingAnnualDividendRate": 0.45, "trailingAnnualDividendYield": 0.026392963, "currency": "INR", "fromCurrency": null, "lastMarket": null, "algorithm": null, "tradeable": false}, "sectorTrend": {"maxAge": 1, "symbol": null, "estimates": []}, "incomeStatementHistoryQuarterly": {"incomeStatementHistory": [{"maxAge": 1, "endDate": "2020-06-30", "totalRevenue": 923888000, "costOfRevenue": 39839000, "grossProfit": 884049000, "researchDevelopment": {}, "sellingGeneralAdministrative": 37681000, "nonRecurring": {}, "otherOperatingExpenses": 405768000, "totalOperatingExpenses": 497951000, "operatingIncome": 425937000, "totalOtherIncomeExpenseNet": 0, "ebit": 0, "interestExpense": {}, "incomeBeforeTax": 425937000, "incomeTaxExpense": 160300000, "minorityInterest": {}, "netIncomeFromContinuingOps": 265637000, "discontinuedOperations": {}, "extraordinaryItems": {}, "effectOfAccountingCharges": {}, "otherItems": {}, "netIncome": 265637000, "netIncomeApplicableToCommonShares": 265637000}, {"maxAge": 1, "endDate": "2020-03-31", "totalRevenue": 1291180000, "costOfRevenue": -114440000, "grossProfit": 1405620000, "researchDevelopment": {}, "sellingGeneralAdministrative": 56003000, "nonRecurring": {}, "otherOperatingExpenses": 997638000, "totalOperatingExpenses": 954979000, "operatingIncome": 336201000, "totalOtherIncomeExpenseNet": -192112000, "ebit": 0, "interestExpense": {}, "incomeBeforeTax": 144089000, "incomeTaxExpense": 73562000, "minorityInterest": {}, "netIncomeFromContinuingOps": 70527000, "discontinuedOperations": {}, "extraordinaryItems": {}, "effectOfAccountingCharges": {}, "otherItems": {}, "netIncome": 70527000, "netIncomeApplicableToCommonShares": 70527000}, {"maxAge": 1, "endDate": "2019-12-31", "totalRevenue": 1013083000, "costOfRevenue": 64432000, "grossProfit": 948651000, "researchDevelopment": {}, "sellingGeneralAdministrative": 40183000, "nonRecurring": {}, "otherOperatingExpenses": 231665000, "totalOperatingExpenses": 352256000, "operatingIncome": 660827000, "totalOtherIncomeExpenseNet": 0, "ebit": 0, "interestExpense": {}, "incomeBeforeTax": 660827000, "incomeTaxExpense": 230200000, "minorityInterest": {}, "netIncomeFromContinuingOps": 430627000, "discontinuedOperations": {}, "extraordinaryItems": {}, "effectOfAccountingCharges": {}, "otherItems": {}, "netIncome": 430627000, "netIncomeApplicableToCommonShares": 430627000}, {"maxAge": 1, "endDate": "2019-09-30", "totalRevenue": 1140956000, "costOfRevenue": 42681000, "grossProfit": 1098275000, "researchDevelopment": {}, "sellingGeneralAdministrative": 40660000, "nonRecurring": {}, "otherOperatingExpenses": 360544000, "totalOperatingExpenses": 459851000, "operatingIncome": 681105000, "totalOtherIncomeExpenseNet": 0, "ebit": 0, "interestExpense": {}, "incomeBeforeTax": 681105000, "incomeTaxExpense": 238683000, "minorityInterest": {}, "netIncomeFromContinuingOps": 442422000, "discontinuedOperations": {}, "extraordinaryItems": {}, "effectOfAccountingCharges": {}, "otherItems": {}, "netIncome": 442422000, "netIncomeApplicableToCommonShares": 442422000}], "maxAge": 86400}, "cashflowStatementHistoryQuarterly": {"cashflowStatements": [{"maxAge": 1, "endDate": "2020-06-30", "netIncome": 265637000, "changeToLiabilities": 0}, {"maxAge": 1, "endDate": "2020-03-31", "netIncome": 70527000, "changeToLiabilities": 0}, {"maxAge": 1, "endDate": "2019-12-31", "netIncome": 430627000, "changeToLiabilities": 0}, {"maxAge": 1, "endDate": "2019-09-30", "netIncome": 442422000, "changeToLiabilities": 0}], "maxAge": 86400}, "insiderHolders": {"holders": [{"maxAge": 1, "name": "Macquarie India Holdings Ltd", "relation": "Investment Advisor", "url": "", "transactionDescription": "Acquisition", "latestTransDate": "2014-09-25", "positionDirect": 28381063, "positionDirectDate": "2014-09-25"}, {"maxAge": 1, "name": "PTC India Ltd", "relation": "Promoter", "url": "", "transactionDescription": "Other", "latestTransDate": "2016-11-29", "positionDirect": 417450001, "positionDirectDate": "2016-11-29"}], "maxAge": 1}, "earnings": {"maxAge": 86400, "earningsChart": {"quarterly": [], "earningsDate": ["2020-08-04 05:30:S"]}, "financialsChart": {"yearly": [{"date": 2017, "revenue": 5798220000, "earnings": 3453328000}, {"date": 2018, "revenue": 5081572000, "earnings": -1002345000}, {"date": 2019, "revenue": 4112152000, "earnings": 1841426000}, {"date": 2020, "revenue": 4404670000, "earnings": 1099989000}], "quarterly": [{"date": "3Q2019", "revenue": 1140956000, "earnings": 442422000}, {"date": "4Q2019", "revenue": 1013083000, "earnings": 430627000}, {"date": "1Q2020", "revenue": 1291180000, "earnings": 70527000}, {"date": "2Q2020", "revenue": 923888000, "earnings": 265637000}]}, "financialCurrency": "INR"}, "calendarEvents": {"maxAge": 1, "earnings": {"earningsDate": ["2020-08-04 05:30:S"]}}, "upgradeDowngradeHistory": {"history": [], "maxAge": 86400}, "price": {"maxAge": 1, "regularMarketChangePercent": 0.0, "regularMarketChange": 0.0, "regularMarketTime": "2021-04-30 15:55:28", "priceHint": 2, "regularMarketPrice": 17.05, "regularMarketDayHigh": 17.2, "regularMarketDayLow": 16.7, "regularMarketVolume": 78748, "averageDailyVolume10Day": 71474, "averageDailyVolume3Month": 146454, "regularMarketPreviousClose": 17.05, "regularMarketSource": "FREE_REALTIME", "regularMarketOpen": 17.0, "exchange": "BSE", "exchangeName": "BSE", "exchangeDataDelayedBy": 0, "marketState": "CLOSED", "quoteType": "EQUITY", "symbol": "PFS.BO", "underlyingSymbol": null, "shortName": "PTC INDIA FINANCIAL SERVICES L", "longName": "PTC India Financial Services Limited", "currency": "INR", "quoteSourceName": "Delayed Quote", "currencySymbol": "\u20b9", "fromCurrency": null, "lastMarket": null, "marketCap": 10950924288}, "balanceSheetHistory": {"balanceSheetStatements": [{"maxAge": 1, "endDate": "2020-03-31", "cash": 2231800000, "netReceivables": 103771843000, "otherCurrentAssets": 5007741000, "totalCurrentAssets": 112744582000, "longTermInvestments": 2044486000, "propertyPlantEquipment": 218778000, "intangibleAssets": 209000, "otherAssets": 1410322000, "deferredLongTermAssetCharges": 1256437000, "totalAssets": 116418377000, "accountsPayable": 66507000, "shortLongTermDebt": 19728397000, "otherCurrentLiab": 85495000, "longTermDebt": 72897933000, "otherLiab": 1109407000, "totalCurrentLiabilities": 21189200000, "totalLiab": 95270171000, "commonStock": 6422833000, "retainedEarnings": 10675657000, "treasuryStock": -2078341000, "capitalSurplus": 6128057000, "otherStockholderEquity": -2078341000, "totalStockholderEquity": 21148206000, "netTangibleAssets": 21147997000}, {"maxAge": 1, "endDate": "2019-03-31", "cash": 322349000, "netReceivables": 126592773000, "otherCurrentAssets": 1716888000, "totalCurrentAssets": 129790431000, "longTermInvestments": 1121918000, "propertyPlantEquipment": 122722000, "intangibleAssets": 405000, "otherAssets": 2017651000, "deferredLongTermAssetCharges": 1863767000, "totalAssets": 131931209000, "accountsPayable": 32254000, "shortLongTermDebt": 35813500000, "otherCurrentLiab": 85465000, "longTermDebt": 73369823000, "otherLiab": 789109000, "totalCurrentLiabilities": 37106764000, "totalLiab": 111265696000, "commonStock": 6422833000, "retainedEarnings": 10197554000, "treasuryStock": -2082931000, "capitalSurplus": 6128057000, "otherStockholderEquity": -2082931000, "totalStockholderEquity": 20665513000, "netTangibleAssets": 20665108000}, {"maxAge": 1, "endDate": "2018-03-31", "cash": 532999000, "netReceivables": 118165615000, "otherCurrentAssets": 439813000, "totalCurrentAssets": 120018620000, "longTermInvestments": 12512000, "propertyPlantEquipment": 140862000, "intangibleAssets": 1669000, "otherAssets": 2977760000, "deferredLongTermAssetCharges": 2823885000, "totalAssets": 123151423000, "accountsPayable": 52794000, "shortLongTermDebt": 41398252000, "otherCurrentLiab": 74672000, "longTermDebt": 56937613000, "otherLiab": 246470000, "totalCurrentLiabilities": 46573833000, "totalLiab": 103757916000, "commonStock": 6422833000, "retainedEarnings": 8511248000, "treasuryStock": -1668631000, "capitalSurplus": 6128057000, "otherStockholderEquity": -1668631000, "totalStockholderEquity": 19393507000, "netTangibleAssets": 19391838000}, {"maxAge": 1, "endDate": "2017-03-31", "cash": 353847000, "netReceivables": 105063726000, "otherCurrentAssets": 70199000, "totalCurrentAssets": 105487772000, "longTermInvestments": 1413955000, "propertyPlantEquipment": 144043000, "intangibleAssets": 6430000, "otherAssets": 469941000, "deferredLongTermAssetCharges": 197822000, "totalAssets": 107522141000, "accountsPayable": 42026000, "shortLongTermDebt": 5523717000, "otherCurrentLiab": 79240000, "longTermDebt": 47158840000, "otherLiab": 983441000, "totalCurrentLiabilities": 35187067000, "totalLiab": 83329348000, "commonStock": 6422833000, "retainedEarnings": 11932393000, "treasuryStock": -290490000, "capitalSurplus": 6128057000, "otherStockholderEquity": -290490000, "totalStockholderEquity": 24192793000, "netTangibleAssets": 24186363000}], "maxAge": 86400}, "earningsTrend": {"trend": [{"maxAge": 1, "period": "0q", "endDate": null, "growth": {}, "earningsEstimate": {"avg": 0.0, "low": 0.0, "high": 0.0, "yearAgoEps": {}, "numberOfAnalysts": 0, "growth": {}}, "revenueEstimate": {"avg": 0, "low": 0, "high": 0, "numberOfAnalysts": 0, "yearAgoRevenue": {}, "growth": {}}, "epsTrend": {"current": 0.0, "7daysAgo": 0.0, "30daysAgo": 0.0, "60daysAgo": 0.0, "90daysAgo": 0.0}, "epsRevisions": {"upLast7days": 0, "upLast30days": 0, "downLast30days": 0, "downLast90days": {}}}, {"maxAge": 1, "period": "+1q", "endDate": null, "growth": {}, "earningsEstimate": {"avg": 0.0, "low": 0.0, "high": 0.0, "yearAgoEps": {}, "numberOfAnalysts": 0, "growth": {}}, "revenueEstimate": {"avg": 0, "low": 0, "high": 0, "numberOfAnalysts": 0, "yearAgoRevenue": {}, "growth": {}}, "epsTrend": {"current": 0.0, "7daysAgo": 0.0, "30daysAgo": 0.0, "60daysAgo": 0.0, "90daysAgo": 0.0}, "epsRevisions": {"upLast7days": 0, "upLast30days": 0, "downLast30days": 0, "downLast90days": {}}}, {"maxAge": 1, "period": "0y", "endDate": null, "growth": {}, "earningsEstimate": {"avg": 0.0, "low": 0.0, "high": 0.0, "yearAgoEps": {}, "numberOfAnalysts": 0, "growth": {}}, "revenueEstimate": {"avg": 0, "low": 0, "high": 0, "numberOfAnalysts": 0, "yearAgoRevenue": {}, "growth": {}}, "epsTrend": {"current": 0.0, "7daysAgo": 0.0, "30daysAgo": 0.0, "60daysAgo": 0.0, "90daysAgo": 0.0}, "epsRevisions": {"upLast7days": 0, "upLast30days": 0, "downLast30days": 0, "downLast90days": {}}}, {"maxAge": 1, "period": "+1y", "endDate": null, "growth": {}, "earningsEstimate": {"avg": 0.0, "low": 0.0, "high": 0.0, "yearAgoEps": {}, "numberOfAnalysts": 0, "growth": {}}, "revenueEstimate": {"avg": 0, "low": 0, "high": 0, "numberOfAnalysts": 0, "yearAgoRevenue": {}, "growth": {}}, "epsTrend": {"current": 0.0, "7daysAgo": 0.0, "30daysAgo": 0.0, "60daysAgo": 0.0, "90daysAgo": 0.0}, "epsRevisions": {"upLast7days": 0, "upLast30days": 0, "downLast30days": 0, "downLast90days": {}}}, {"maxAge": 1, "period": "+5y", "endDate": null, "growth": {}, "earningsEstimate": {"avg": {}, "low": {}, "high": {}, "yearAgoEps": {}, "numberOfAnalysts": {}, "growth": {}}, "revenueEstimate": {"avg": {}, "low": {}, "high": {}, "numberOfAnalysts": {}, "yearAgoRevenue": {}, "growth": {}}, "epsTrend": {"current": {}, "7daysAgo": {}, "30daysAgo": {}, "60daysAgo": {}, "90daysAgo": {}}, "epsRevisions": {"upLast7days": {}, "upLast30days": {}, "downLast30days": {}, "downLast90days": {}}}, {"maxAge": 1, "period": "-5y", "endDate": null, "growth": {}, "earningsEstimate": {"avg": {}, "low": {}, "high": {}, "yearAgoEps": {}, "numberOfAnalysts": {}, "growth": {}}, "revenueEstimate": {"avg": {}, "low": {}, "high": {}, "numberOfAnalysts": {}, "yearAgoRevenue": {}, "growth": {}}, "epsTrend": {"current": {}, "7daysAgo": {}, "30daysAgo": {}, "60daysAgo": {}, "90daysAgo": {}}, "epsRevisions": {"upLast7days": {}, "upLast30days": {}, "downLast30days": {}, "downLast90days": {}}}], "maxAge": 1}, "financialData": {"maxAge": 86400, "currentPrice": 17.05, "targetHighPrice": 20.0, "targetLowPrice": 20.0, "targetMeanPrice": 20.0, "targetMedianPrice": 20.0, "recommendationKey": "none", "numberOfAnalystOpinions": 1, "grossProfits": 4367947000, "financialCurrency": "INR"}}}