{"PGEL.BO": {"recommendationTrend": {"trend": [{"period": "0m", "strongBuy": 0, "buy": 0, "hold": 0, "sell": 0, "strongSell": 0}, {"period": "-1m", "strongBuy": 0, "buy": 0, "hold": 0, "sell": 0, "strongSell": 0}, {"period": "-2m", "strongBuy": 0, "buy": 0, "hold": 0, "sell": 0, "strongSell": 0}, {"period": "-3m", "strongBuy": 0, "buy": 0, "hold": 0, "sell": 0, "strongSell": 0}], "maxAge": 86400}, "cashflowStatementHistory": {"cashflowStatements": [{"maxAge": 1, "endDate": "2020-03-31", "netIncome": 26147000, "depreciation": 160973000, "changeToNetincome": 217271000, "changeToAccountReceivables": -166173000, "changeToLiabilities": 148139000, "changeToInventory": -163264000, "changeToOperatingActivities": 43512000, "totalCashFromOperatingActivities": 268735000, "capitalExpenditures": -580199000, "investments": -58285000, "otherCashflowsFromInvestingActivities": 7517000, "totalCashflowsFromInvestingActivities": -630059000, "netBorrowings": 583029000, "otherCashflowsFromFinancingActivities": -145953000, "totalCashFromFinancingActivities": 437076000, "changeInCash": 75752000}, {"maxAge": 1, "endDate": "2019-03-31", "netIncome": 99425000, "depreciation": 131747000, "changeToNetincome": 114884000, "changeToAccountReceivables": -350044000, "changeToLiabilities": 274448000, "changeToInventory": -89426000, "changeToOperatingActivities": 7127000, "totalCashFromOperatingActivities": 190049000, "capitalExpenditures": -361865000, "investments": -1698000, "otherCashflowsFromInvestingActivities": 2227000, "totalCashflowsFromInvestingActivities": -359594000, "netBorrowings": 293800000, "otherCashflowsFromFinancingActivities": -102605000, "totalCashFromFinancingActivities": 191195000, "changeInCash": 21649000}, {"maxAge": 1, "endDate": "2018-03-31", "netIncome": 74850000, "depreciation": 115661000, "changeToNetincome": 97555000, "changeToAccountReceivables": 161879000, "changeToLiabilities": -72980000, "changeToInventory": 38190000, "changeToOperatingActivities": 7409000, "totalCashFromOperatingActivities": 424266000, "capitalExpenditures": -501861000, "investments": -7139000, "otherCashflowsFromInvestingActivities": 3244000, "totalCashflowsFromInvestingActivities": -496986000, "netBorrowings": 168442000, "otherCashflowsFromFinancingActivities": -103824000, "totalCashFromFinancingActivities": 64618000, "changeInCash": -8103000}, {"maxAge": 1, "endDate": "2017-03-31", "netIncome": 33618000, "depreciation": 104202000, "changeToNetincome": 99539000, "changeToAccountReceivables": -137505000, "changeToLiabilities": 121223000, "changeToInventory": -172584000, "changeToOperatingActivities": 9721000, "totalCashFromOperatingActivities": 59832000, "capitalExpenditures": -300442000, "investments": 60776000, "otherCashflowsFromInvestingActivities": 4405000, "totalCashflowsFromInvestingActivities": -229809000, "netBorrowings": 283923000, "otherCashflowsFromFinancingActivities": -96037000, "totalCashFromFinancingActivities": 187886000, "changeInCash": 17909000}], "maxAge": 86400}, "institutionOwnership": {"ownershipList": [], "maxAge": 1}, "balanceSheetHistoryQuarterly": {"balanceSheetStatements": [{"maxAge": 1, "endDate": "2020-06-30", "totalStockholderEquity": 1762253000, "netTangibleAssets": 1756565000}, {"maxAge": 1, "endDate": "2020-03-31", "cash": 112894000, "shortTermInvestments": 50689000, "netReceivables": 1046642000, "inventory": 845797000, "otherCurrentAssets": 232963000, "totalCurrentAssets": 2306681000, "longTermInvestments": 535000, "propertyPlantEquipment": 2587019000, "intangibleAssets": 4186000, "otherAssets": 102850000, "totalAssets": 5001271000, "accountsPayable": 1063144000, "shortLongTermDebt": 149505000, "otherCurrentLiab": 69578000, "longTermDebt": 693629000, "otherLiab": 73452000, "deferredLongTermLiab": 1502000, "totalCurrentLiabilities": 2461204000, "totalLiab": 3239018000, "commonStock": 195289000, "retainedEarnings": 176564000, "treasuryStock": 515000, "capitalSurplus": 1389885000, "otherStockholderEquity": 515000, "totalStockholderEquity": 1762253000, "netTangibleAssets": 1758067000}, {"maxAge": 1, "endDate": "2019-12-31", "totalStockholderEquity": 1734681000, "netTangibleAssets": 1728134000}, {"maxAge": 1, "endDate": "2019-09-30", "cash": 84875000, "shortTermInvestments": 102505000, "netReceivables": 800067000, "inventory": 595024000, "otherCurrentAssets": 195538000, "totalCurrentAssets": 1778009000, "longTermInvestments": 20824000, "propertyPlantEquipment": 2400576000, "intangibleAssets": 6547000, "otherAssets": 125122000, "deferredLongTermAssetCharges": 55853000, "totalAssets": 4331078000, "accountsPayable": 716492000, "otherCurrentLiab": 397060000, "longTermDebt": 590703000, "otherLiab": 51940000, "totalCurrentLiabilities": 1953754000, "totalLiab": 2596397000, "commonStock": 186543000, "treasuryStock": 1548138000, "otherStockholderEquity": 1548138000, "totalStockholderEquity": 1734681000, "netTangibleAssets": 1728134000}], "maxAge": 86400}, "earningsHistory": {"history": [{"maxAge": 1, "epsActual": {}, "epsEstimate": {}, "epsDifference": {}, "surprisePercent": {}, "quarter": {}, "period": "-4q"}, {"maxAge": 1, "epsActual": {}, "epsEstimate": {}, "epsDifference": {}, "surprisePercent": {}, "quarter": {}, "period": "-3q"}, {"maxAge": 1, "epsActual": {}, "epsEstimate": {}, "epsDifference": {}, "surprisePercent": {}, "quarter": {}, "period": "-2q"}, {"maxAge": 1, "epsActual": 1.26, "epsEstimate": 1.1, "epsDifference": 0.16, "surprisePercent": 0.145, "quarter": "2017-09-30", "period": "-1q"}], "maxAge": 86400}, "indexTrend": {"maxAge": 1, "symbol": "SP5", "peRatio": 19.7411, "pegRatio": 1.34172, "estimates": [{"period": "0q", "growth": 0.549}, {"period": "+1q", "growth": 0.431}, {"period": "0y", "growth": 0.305}, {"period": "+1y", "growth": 0.109}, {"period": "+5y", "growth": 0.120865}, {"period": "-5y"}]}, "industryTrend": {"maxAge": 1, "symbol": null, "estimates": []}, "insiderTransactions": {"transactions": [{"maxAge": 1, "shares": 55462, "value": 59627, "filerUrl": "", "transactionText": "Acquisition at price 1.08 per share.", "filerName": "Gupta (Nitasha)", "filerRelation": "Promoter", "moneyText": "", "startDate": "2020-09-29", "ownership": "D"}, {"maxAge": 1, "shares": 31000, "value": 33870, "filerUrl": "", "transactionText": "Acquisition at price 1.09 per share.", "filerName": "Gupta (Neelu)", "filerRelation": "Promoter", "moneyText": "", "startDate": "2020-09-29", "ownership": "D"}, {"maxAge": 1, "shares": 37000, "value": 40533, "filerUrl": "", "transactionText": "Acquisition at price 1.10 per share.", "filerName": "Gupta (Sarika)", "filerRelation": "Promoter", "moneyText": "", "startDate": "2020-09-29", "ownership": "D"}, {"maxAge": 1, "shares": 52500, "value": 51355, "filerUrl": "", "transactionText": "Acquisition at price 0.98 per share.", "filerName": "Gupta (Sarika)", "filerRelation": "Promoter", "moneyText": "", "startDate": "2020-09-22", "ownership": "D"}, {"maxAge": 1, "shares": 25000, "value": 26000, "filerUrl": "", "transactionText": "Acquisition at price 1.04 per share.", "filerName": "Gupta (Nitasha)", "filerRelation": "Promoter", "moneyText": "", "startDate": "2020-09-18", "ownership": "D"}, {"maxAge": 1, "shares": 25000, "value": 26000, "filerUrl": "", "transactionText": "Acquisition at price 1.04 per share.", "filerName": "Gupta (Neelu)", "filerRelation": "Promoter", "moneyText": "", "startDate": "2020-09-18", "ownership": "D"}, {"maxAge": 1, "shares": 40000, "value": 27776, "filerUrl": "", "transactionText": "Acquisition at price 0.69 per share.", "filerName": "Gupta (Neelu)", "filerRelation": "Promoter", "moneyText": "", "startDate": "2020-09-07", "ownership": "D"}, {"maxAge": 1, "shares": 40000, "value": 27500, "filerUrl": "", "transactionText": "Acquisition at price 0.69 per share.", "filerName": "Gupta (Nitasha)", "filerRelation": "Promoter", "moneyText": "", "startDate": "2020-09-07", "ownership": "D"}, {"maxAge": 1, "shares": 57402, "value": 39636, "filerUrl": "", "transactionText": "Acquisition at price 0.69 per share.", "filerName": "Gupta (Sarika)", "filerRelation": "Promoter", "moneyText": "", "startDate": "2020-09-07", "ownership": "D"}, {"maxAge": 1, "shares": 500001, "filerUrl": "", "transactionText": "", "filerName": "Gupta (Sudesh)", "filerRelation": "Promoter", "moneyText": "", "startDate": "2020-02-25", "ownership": "D"}, {"maxAge": 1, "shares": 218646, "filerUrl": "", "transactionText": "", "filerName": "Gupta (Sudesh)", "filerRelation": "Promoter", "moneyText": "", "startDate": "2020-02-14", "ownership": "D"}, {"maxAge": 1, "shares": 218646, "filerUrl": "", "transactionText": "", "filerName": "Gupta (Vikas)", "filerRelation": "Promoter", "moneyText": "", "startDate": "2020-02-14", "ownership": "D"}, {"maxAge": 1, "shares": 218646, "filerUrl": "", "transactionText": "", "filerName": "Gupta (Anurag)", "filerRelation": "Promoter", "moneyText": "", "startDate": "2020-02-14", "ownership": "D"}, {"maxAge": 1, "shares": 218646, "filerUrl": "", "transactionText": "", "filerName": "Gupta (Vishal)", "filerRelation": "Promoter", "moneyText": "", "startDate": "2020-02-14", "ownership": "D"}, {"maxAge": 1, "shares": 4016166, "filerUrl": "", "transactionText": "", "filerName": "Gupta (Sudesh)", "filerRelation": "Promoter", "moneyText": "", "startDate": "2019-12-27", "ownership": "D"}, {"maxAge": 1, "shares": 693333, "filerUrl": "", "transactionText": "", "filerName": "Gupta (Anurag)", "filerRelation": "Promoter", "moneyText": "", "startDate": "2019-03-25", "ownership": "D"}, {"maxAge": 1, "shares": 523333, "filerUrl": "", "transactionText": "", "filerName": "Gupta (Vikas)", "filerRelation": "Promoter", "moneyText": "", "startDate": "2019-03-25", "ownership": "D"}, {"maxAge": 1, "shares": 500001, "filerUrl": "", "transactionText": "", "filerName": "Gupta (Pramod)", "filerRelation": "Promoter", "moneyText": "", "startDate": "2019-03-25", "ownership": "D"}, {"maxAge": 1, "shares": 523333, "filerUrl": "", "transactionText": "", "filerName": "Gupta (Vishal)", "filerRelation": "Promoter", "moneyText": "", "startDate": "2019-03-25", "ownership": "D"}, {"maxAge": 1, "shares": 100000, "filerUrl": "", "transactionText": "", "filerName": "Gupta (Neelu)", "filerRelation": "Promoter", "moneyText": "", "startDate": "2017-12-29", "ownership": "D"}, {"maxAge": 1, "shares": 100000, "filerUrl": "", "transactionText": "", "filerName": "Gupta (Neelu)", "filerRelation": "Promoter", "moneyText": "", "startDate": "2017-12-28", "ownership": "D"}, {"maxAge": 1, "shares": 240000, "filerUrl": "", "transactionText": "", "filerName": "Gupta (Sudesh)", "filerRelation": "Promoter", "moneyText": "", "startDate": "2017-12-28", "ownership": "D"}, {"maxAge": 1, "shares": 30000, "filerUrl": "", "transactionText": "", "filerName": "Gupta (Nitasha)", "filerRelation": "Promoter", "moneyText": "", "startDate": "2017-12-28", "ownership": "D"}, {"maxAge": 1, "shares": 30000, "filerUrl": "", "transactionText": "", "filerName": "Gupta (Sarika)", "filerRelation": "Promoter", "moneyText": "", "startDate": "2017-12-28", "ownership": "D"}], "maxAge": 1}, "quoteType": {"exchange": "BSE", "quoteType": "EQUITY", "symbol": "PGEL.BO", "underlyingSymbol": "PGEL.BO", "shortName": "PG ELECTROPLAST LTD.", "longName": "PG Electroplast Limited", "firstTradeDateEpochUtc": "2011-09-26 09:15:00", "timeZoneFullName": "Asia/Kolkata", "timeZoneShortName": "IST", "uuid": "5aa98738-e720-3550-96fe-2d83e7baab9b", "gmtOffSetMilliseconds": 19800000, "maxAge": 1}, "incomeStatementHistory": {"incomeStatementHistory": [{"maxAge": 1, "endDate": "2020-03-31", "totalRevenue": 6394171000, "costOfRevenue": 5037234000, "grossProfit": 1356937000, "researchDevelopment": {}, "sellingGeneralAdministrative": 542511000, "nonRecurring": {}, "otherOperatingExpenses": 415261000, "totalOperatingExpenses": 6158109000, "operatingIncome": 236062000, "totalOtherIncomeExpenseNet": -142967000, "ebit": 236062000, "interestExpense": -81705000, "incomeBeforeTax": 93095000, "incomeTaxExpense": 66948000, "minorityInterest": {}, "netIncomeFromContinuingOps": 26147000, "discontinuedOperations": {}, "extraordinaryItems": {}, "effectOfAccountingCharges": {}, "otherItems": {}, "netIncome": 26147000, "netIncomeApplicableToCommonShares": 26147000}, {"maxAge": 1, "endDate": "2019-03-31", "totalRevenue": 5083530000, "costOfRevenue": 3991474000, "grossProfit": 1092056000, "researchDevelopment": {}, "sellingGeneralAdministrative": 408210000, "nonRecurring": {}, "otherOperatingExpenses": 374478000, "totalOperatingExpenses": 4907797000, "operatingIncome": 175733000, "totalOtherIncomeExpenseNet": -74173000, "ebit": 175733000, "interestExpense": -55777000, "incomeBeforeTax": 101560000, "incomeTaxExpense": 2135000, "minorityInterest": {}, "netIncomeFromContinuingOps": 99425000, "discontinuedOperations": {}, "extraordinaryItems": {}, "effectOfAccountingCharges": {}, "otherItems": {}, "netIncome": 99425000, "netIncomeApplicableToCommonShares": 99425000}, {"maxAge": 1, "endDate": "2018-03-31", "totalRevenue": 3994207000, "costOfRevenue": 3091249000, "grossProfit": 902958000, "researchDevelopment": {}, "sellingGeneralAdministrative": 352359000, "nonRecurring": {}, "otherOperatingExpenses": 304341000, "totalOperatingExpenses": 3865312000, "operatingIncome": 128895000, "totalOtherIncomeExpenseNet": -54045000, "ebit": 128895000, "interestExpense": -57899000, "incomeBeforeTax": 74850000, "incomeTaxExpense": 0, "minorityInterest": {}, "netIncomeFromContinuingOps": 74850000, "discontinuedOperations": {}, "extraordinaryItems": {}, "effectOfAccountingCharges": {}, "otherItems": {}, "netIncome": 74850000, "netIncomeApplicableToCommonShares": 74850000}, {"maxAge": 1, "endDate": "2017-03-31", "totalRevenue": 3663500000, "costOfRevenue": 2810702000, "grossProfit": 852798000, "researchDevelopment": {}, "sellingGeneralAdministrative": 330711000, "nonRecurring": {}, "otherOperatingExpenses": 314585000, "totalOperatingExpenses": 3561818000, "operatingIncome": 101682000, "totalOtherIncomeExpenseNet": -68064000, "ebit": 101682000, "interestExpense": -52332000, "incomeBeforeTax": 33618000, "incomeTaxExpense": 0, "minorityInterest": {}, "netIncomeFromContinuingOps": 33618000, "discontinuedOperations": {}, "extraordinaryItems": {}, "effectOfAccountingCharges": {}, "otherItems": {}, "netIncome": 33618000, "netIncomeApplicableToCommonShares": 33618000}], "maxAge": 86400}, "fundOwnership": {"ownershipList": [], "maxAge": 1}, "summaryDetail": {"maxAge": 1, "priceHint": 2, "previousClose": 335.75, "open": 334.0, "dayLow": 325.85, "dayHigh": 352.5, "regularMarketPreviousClose": 335.75, "regularMarketOpen": 334.0, "regularMarketDayLow": 325.85, "regularMarketDayHigh": 352.5, "forwardPE": 62.145523, "volume": 25006, "regularMarketVolume": 25006, "averageVolume": 7051, "averageVolume10days": 17719, "averageDailyVolume10Day": 17719, "bid": 331.2, "ask": 336.25, "bidSize": 0, "askSize": 0, "marketCap": 6213747200, "fiftyTwoWeekLow": 26.2, "fiftyTwoWeekHigh": 352.5, "fiftyDayAverage": 148.57878, "twoHundredDayAverage": 101.76213, "currency": "INR", "fromCurrency": null, "lastMarket": null, "algorithm": null, "tradeable": false}, "sectorTrend": {"maxAge": 1, "symbol": null, "estimates": []}, "incomeStatementHistoryQuarterly": {"incomeStatementHistory": [{"maxAge": 1, "endDate": "2020-06-30", "totalRevenue": 368522000, "costOfRevenue": 288173000, "grossProfit": 80349000, "researchDevelopment": {}, "sellingGeneralAdministrative": 68641000, "nonRecurring": {}, "otherOperatingExpenses": 40206000, "totalOperatingExpenses": 440450000, "operatingIncome": -71928000, "totalOtherIncomeExpenseNet": -38819000, "ebit": -71928000, "interestExpense": -44285000, "incomeBeforeTax": -110747000, "incomeTaxExpense": -25864000, "minorityInterest": {}, "netIncomeFromContinuingOps": -84883000, "discontinuedOperations": {}, "extraordinaryItems": {}, "effectOfAccountingCharges": {}, "otherItems": {}, "netIncome": -84883000, "netIncomeApplicableToCommonShares": -84883000}, {"maxAge": 1, "endDate": "2020-03-31", "totalRevenue": 1822486000, "costOfRevenue": 1420971000, "grossProfit": 401515000, "researchDevelopment": {}, "sellingGeneralAdministrative": 157974000, "nonRecurring": {}, "otherOperatingExpenses": 108543000, "totalOperatingExpenses": 1736761000, "operatingIncome": 85725000, "totalOtherIncomeExpenseNet": -53275000, "ebit": 85725000, "interestExpense": -44285000, "incomeBeforeTax": 32450000, "incomeTaxExpense": 61572000, "minorityInterest": {}, "netIncomeFromContinuingOps": -29122000, "discontinuedOperations": {}, "extraordinaryItems": {}, "effectOfAccountingCharges": {}, "otherItems": {}, "netIncome": -29122000, "netIncomeApplicableToCommonShares": -29122000}, {"maxAge": 1, "endDate": "2019-12-31", "totalRevenue": 1400304000, "costOfRevenue": 1093107000, "grossProfit": 307197000, "researchDevelopment": {}, "sellingGeneralAdministrative": 138772000, "nonRecurring": {}, "otherOperatingExpenses": 97100000, "totalOperatingExpenses": 1367952000, "operatingIncome": 32352000, "totalOtherIncomeExpenseNet": -28978000, "ebit": 32352000, "interestExpense": -34265000, "incomeBeforeTax": 3374000, "incomeTaxExpense": -2735000, "minorityInterest": {}, "netIncomeFromContinuingOps": 6109000, "discontinuedOperations": {}, "extraordinaryItems": {}, "effectOfAccountingCharges": {}, "otherItems": {}, "netIncome": 6109000, "netIncomeApplicableToCommonShares": 6109000}, {"maxAge": 1, "endDate": "2019-09-30", "totalRevenue": 1443344000, "costOfRevenue": 1125653000, "grossProfit": 317691000, "researchDevelopment": {}, "sellingGeneralAdministrative": 125670000, "nonRecurring": {}, "otherOperatingExpenses": 108462000, "totalOperatingExpenses": 1397744000, "operatingIncome": 45600000, "totalOtherIncomeExpenseNet": -30032000, "ebit": 45600000, "interestExpense": -34181000, "incomeBeforeTax": 15568000, "incomeTaxExpense": 8112000, "minorityInterest": {}, "netIncomeFromContinuingOps": 7456000, "discontinuedOperations": {}, "extraordinaryItems": {}, "effectOfAccountingCharges": {}, "otherItems": {}, "netIncome": 7456000, "netIncomeApplicableToCommonShares": 7456000}], "maxAge": 86400}, "cashflowStatementHistoryQuarterly": {"cashflowStatements": [{"maxAge": 1, "endDate": "2020-06-30", "netIncome": -84883000, "changeToLiabilities": 0}, {"maxAge": 1, "endDate": "2020-03-31", "netIncome": -29122000, "changeToLiabilities": 0}, {"maxAge": 1, "endDate": "2019-12-31", "netIncome": 6109000, "changeToLiabilities": 0}, {"maxAge": 1, "endDate": "2019-09-30", "netIncome": 7456000, "changeToLiabilities": 0}], "maxAge": 86400}, "insiderHolders": {"holders": [{"maxAge": 1, "name": "Gupta (Anurag)", "relation": "Promoter", "url": "", "transactionDescription": "Other", "latestTransDate": "2020-02-14", "positionDirect": 2426201, "positionDirectDate": "2020-02-14"}, {"maxAge": 1, "name": "Gupta (Neelu)", "relation": "Promoter", "url": "", "transactionDescription": "Acquisition", "latestTransDate": "2020-09-29", "positionDirect": 511000, "positionDirectDate": "2020-09-29"}, {"maxAge": 1, "name": "Gupta (Nitasha)", "relation": "Promoter", "url": "", "transactionDescription": "Acquisition", "latestTransDate": "2020-09-29", "positionDirect": 148962, "positionDirectDate": "2020-09-29"}, {"maxAge": 1, "name": "Gupta (Pramod)", "relation": "Promoter", "url": "", "transactionDescription": "Acquisition", "latestTransDate": "2019-03-25", "positionDirect": 4516167, "positionDirectDate": "2019-03-25"}, {"maxAge": 1, "name": "Gupta (Sarika)", "relation": "Promoter", "url": "", "transactionDescription": "Acquisition", "latestTransDate": "2020-09-29", "positionDirect": 171112, "positionDirectDate": "2020-09-29"}, {"maxAge": 1, "name": "Gupta (Sudesh)", "relation": "Promoter", "url": "", "transactionDescription": "Other", "latestTransDate": "2020-02-25", "positionDirect": 4760313, "positionDirectDate": "2020-02-25"}, {"maxAge": 1, "name": "Gupta (Vikas)", "relation": "Promoter", "url": "", "transactionDescription": "Other", "latestTransDate": "2020-02-14", "positionDirect": 2812701, "positionDirectDate": "2020-02-14"}, {"maxAge": 1, "name": "Gupta (Vishal)", "relation": "Promoter", "url": "", "transactionDescription": "Other", "latestTransDate": "2020-02-14", "positionDirect": 2816991, "positionDirectDate": "2020-02-14"}], "maxAge": 1}, "earnings": {"maxAge": 86400, "earningsChart": {"quarterly": [{"date": "3Q2017", "actual": 1.26, "estimate": 1.1}], "currentQuarterEstimateDate": "4Q", "currentQuarterEstimateYear": 2017, "earningsDate": ["2020-08-13 05:30:S"]}, "financialsChart": {"yearly": [{"date": 2017, "revenue": 3663500000, "earnings": 33618000}, {"date": 2018, "revenue": 3994207000, "earnings": 74850000}, {"date": 2019, "revenue": 5083530000, "earnings": 99425000}, {"date": 2020, "revenue": 6394171000, "earnings": 26147000}], "quarterly": [{"date": "3Q2019", "revenue": 1443344000, "earnings": 7456000}, {"date": "4Q2019", "revenue": 1400304000, "earnings": 6109000}, {"date": "1Q2020", "revenue": 1822486000, "earnings": -29122000}, {"date": "2Q2020", "revenue": 368522000, "earnings": -84883000}]}, "financialCurrency": "INR"}, "calendarEvents": {"maxAge": 1, "earnings": {"earningsDate": ["2020-08-13 05:30:S"], "revenueAverage": 834857000}}, "upgradeDowngradeHistory": {"history": [], "maxAge": 86400}, "price": {"maxAge": 1, "regularMarketChangePercent": -0.0078927595, "regularMarketChange": -2.649994, "regularMarketTime": "2021-04-30 15:29:46", "priceHint": 2, "regularMarketPrice": 333.1, "regularMarketDayHigh": 352.5, "regularMarketDayLow": 325.85, "regularMarketVolume": 25006, "averageDailyVolume10Day": 17719, "averageDailyVolume3Month": 7051, "regularMarketPreviousClose": 335.75, "regularMarketSource": "FREE_REALTIME", "regularMarketOpen": 334.0, "exchange": "BSE", "exchangeName": "BSE", "exchangeDataDelayedBy": 0, "marketState": "CLOSED", "quoteType": "EQUITY", "symbol": "PGEL.BO", "underlyingSymbol": null, "shortName": "PG ELECTROPLAST LTD.", "longName": "PG Electroplast Limited", "currency": "INR", "quoteSourceName": "Delayed Quote", "currencySymbol": "\u20b9", "fromCurrency": null, "lastMarket": null, "marketCap": 6213747200}, "balanceSheetHistory": {"balanceSheetStatements": [{"maxAge": 1, "endDate": "2020-03-31", "cash": 112894000, "shortTermInvestments": 50689000, "netReceivables": 1046642000, "inventory": 845797000, "otherCurrentAssets": 232963000, "totalCurrentAssets": 2306681000, "longTermInvestments": 535000, "propertyPlantEquipment": 2587019000, "intangibleAssets": 4186000, "otherAssets": 102850000, "totalAssets": 5001271000, "accountsPayable": 1063144000, "shortLongTermDebt": 149505000, "otherCurrentLiab": 69578000, "longTermDebt": 693629000, "otherLiab": 73452000, "deferredLongTermLiab": 1502000, "totalCurrentLiabilities": 2461204000, "totalLiab": 3239018000, "commonStock": 195289000, "retainedEarnings": 176564000, "treasuryStock": 515000, "capitalSurplus": 1389885000, "otherStockholderEquity": 515000, "totalStockholderEquity": 1762253000, "netTangibleAssets": 1758067000}, {"maxAge": 1, "endDate": "2019-03-31", "cash": 37142000, "shortTermInvestments": 1143000, "netReceivables": 886720000, "inventory": 682533000, "otherCurrentAssets": 158139000, "totalCurrentAssets": 1776231000, "longTermInvestments": 3878000, "propertyPlantEquipment": 2255971000, "intangibleAssets": 3493000, "otherAssets": 89433000, "deferredLongTermAssetCharges": 52689000, "totalAssets": 4129006000, "accountsPayable": 915005000, "shortLongTermDebt": 116615000, "otherCurrentLiab": 69049000, "longTermDebt": 501330000, "otherLiab": 39823000, "deferredLongTermLiab": 2509000, "totalCurrentLiabilities": 1897637000, "totalLiab": 2438790000, "commonStock": 186543000, "retainedEarnings": 150417000, "treasuryStock": 4624000, "capitalSurplus": 1348632000, "otherStockholderEquity": 4624000, "totalStockholderEquity": 1690216000, "netTangibleAssets": 1686723000}, {"maxAge": 1, "endDate": "2018-03-31", "cash": 15493000, "shortTermInvestments": 281000, "netReceivables": 568590000, "inventory": 593107000, "otherCurrentAssets": 176653000, "totalCurrentAssets": 1366224000, "longTermInvestments": 3109000, "propertyPlantEquipment": 2014530000, "intangibleAssets": 3601000, "otherAssets": 93081000, "deferredLongTermAssetCharges": 19412000, "totalAssets": 3480545000, "accountsPayable": 649537000, "shortLongTermDebt": 133595000, "otherCurrentLiab": 104583000, "longTermDebt": 795835000, "otherLiab": 33090000, "deferredLongTermLiab": 3848000, "totalCurrentLiabilities": 1343389000, "totalLiab": 2172314000, "commonStock": 164143000, "retainedEarnings": 50992000, "treasuryStock": 2064000, "capitalSurplus": 1091032000, "otherStockholderEquity": 2064000, "totalStockholderEquity": 1308231000, "netTangibleAssets": 1304630000}, {"maxAge": 1, "endDate": "2017-03-31", "cash": 23596000, "shortTermInvestments": 1009000, "netReceivables": 800437000, "inventory": 631297000, "otherCurrentAssets": 110698000, "totalCurrentAssets": 1573845000, "propertyPlantEquipment": 1646894000, "intangibleAssets": 7704000, "otherAssets": 70965000, "deferredLongTermAssetCharges": 8000000, "totalAssets": 3299408000, "accountsPayable": 744530000, "shortLongTermDebt": 155351000, "otherCurrentLiab": 118040000, "longTermDebt": 484322000, "otherLiab": 21431000, "totalCurrentLiabilities": 1561973000, "totalLiab": 2067726000, "commonStock": 164143000, "retainedEarnings": -23858000, "treasuryStock": 365000, "capitalSurplus": 1091032000, "otherStockholderEquity": 365000, "totalStockholderEquity": 1231682000, "netTangibleAssets": 1223978000}], "maxAge": 86400}, "earningsTrend": {"trend": [{"maxAge": 1, "period": "0q", "endDate": "2017-12-31", "growth": {}, "earningsEstimate": {"avg": 0.0, "low": 0.0, "high": 0.0, "yearAgoEps": {}, "numberOfAnalysts": 0, "growth": {}}, "revenueEstimate": {"avg": 834857000, "low": 0, "high": 0, "numberOfAnalysts": 0, "yearAgoRevenue": {}, "growth": {}}, "epsTrend": {"current": 0.0, "7daysAgo": 0.0, "30daysAgo": 0.0, "60daysAgo": 0.0, "90daysAgo": 0.0}, "epsRevisions": {"upLast7days": 0, "upLast30days": 0, "downLast30days": 0, "downLast90days": {}}}, {"maxAge": 1, "period": "+1q", "endDate": "2018-03-31", "growth": {}, "earningsEstimate": {"avg": 0.0, "low": 0.0, "high": 0.0, "yearAgoEps": {}, "numberOfAnalysts": 0, "growth": {}}, "revenueEstimate": {"avg": 1178780000, "low": 0, "high": 0, "numberOfAnalysts": 0, "yearAgoRevenue": {}, "growth": {}}, "epsTrend": {"current": 0.0, "7daysAgo": 0.0, "30daysAgo": 0.0, "60daysAgo": 0.0, "90daysAgo": 0.0}, "epsRevisions": {"upLast7days": 0, "upLast30days": 0, "downLast30days": 0, "downLast90days": {}}}, {"maxAge": 1, "period": "0y", "endDate": "2018-03-31", "growth": {}, "earningsEstimate": {"avg": 0.0, "low": 0.0, "high": 0.0, "yearAgoEps": {}, "numberOfAnalysts": 0, "growth": {}}, "revenueEstimate": {"avg": 3994210000, "low": 4365010000, "high": 4365010000, "numberOfAnalysts": 1, "yearAgoRevenue": {}, "growth": {}}, "epsTrend": {"current": 0.0, "7daysAgo": 4.67, "30daysAgo": 4.67, "60daysAgo": 4.67, "90daysAgo": 4.67}, "epsRevisions": {"upLast7days": 0, "upLast30days": 0, "downLast30days": 0, "downLast90days": {}}}, {"maxAge": 1, "period": "+1y", "endDate": "2019-03-31", "growth": {}, "earningsEstimate": {"avg": 0.0, "low": 0.0, "high": 0.0, "yearAgoEps": {}, "numberOfAnalysts": 0, "growth": {}}, "revenueEstimate": {"avg": 4845160000, "low": 4845160000, "high": 4845160000, "numberOfAnalysts": 1, "yearAgoRevenue": 3994210000, "growth": 0.213}, "epsTrend": {"current": 0.0, "7daysAgo": 5.36, "30daysAgo": 5.36, "60daysAgo": 5.36, "90daysAgo": 5.36}, "epsRevisions": {"upLast7days": 0, "upLast30days": 0, "downLast30days": 0, "downLast90days": {}}}, {"maxAge": 1, "period": "+5y", "endDate": null, "growth": {}, "earningsEstimate": {"avg": {}, "low": {}, "high": {}, "yearAgoEps": {}, "numberOfAnalysts": {}, "growth": {}}, "revenueEstimate": {"avg": {}, "low": {}, "high": {}, "numberOfAnalysts": {}, "yearAgoRevenue": {}, "growth": {}}, "epsTrend": {"current": {}, "7daysAgo": {}, "30daysAgo": {}, "60daysAgo": {}, "90daysAgo": {}}, "epsRevisions": {"upLast7days": {}, "upLast30days": {}, "downLast30days": {}, "downLast90days": {}}}, {"maxAge": 1, "period": "-5y", "endDate": null, "growth": {}, "earningsEstimate": {"avg": {}, "low": {}, "high": {}, "yearAgoEps": {}, "numberOfAnalysts": {}, "growth": {}}, "revenueEstimate": {"avg": {}, "low": {}, "high": {}, "numberOfAnalysts": {}, "yearAgoRevenue": {}, "growth": {}}, "epsTrend": {"current": {}, "7daysAgo": {}, "30daysAgo": {}, "60daysAgo": {}, "90daysAgo": {}}, "epsRevisions": {"upLast7days": {}, "upLast30days": {}, "downLast30days": {}, "downLast90days": {}}}], "maxAge": 1}, "financialData": {"maxAge": 86400, "currentPrice": 333.1, "recommendationKey": "none", "grossProfits": 1356937000, "financialCurrency": "INR"}}}