{"PGFOILQ.BO": {"recommendationTrend": {"trend": [{"period": "0m", "strongBuy": 0, "buy": 0, "hold": 0, "sell": 0, "strongSell": 0}, {"period": "-1m", "strongBuy": 0, "buy": 0, "hold": 0, "sell": 0, "strongSell": 0}, {"period": "-2m", "strongBuy": 0, "buy": 0, "hold": 0, "sell": 0, "strongSell": 0}, {"period": "-3m", "strongBuy": 0, "buy": 0, "hold": 0, "sell": 0, "strongSell": 0}], "maxAge": 86400}, "cashflowStatementHistory": {"cashflowStatements": [{"maxAge": 1, "endDate": "2020-03-31", "netIncome": 149696000, "depreciation": 46499000, "changeToNetincome": -2057000, "changeToAccountReceivables": 53102000, "changeToLiabilities": -29061000, "changeToInventory": -112924000, "changeToOperatingActivities": -118556000, "totalCashFromOperatingActivities": -13301000, "capitalExpenditures": -29168000, "investments": -249698000, "otherCashflowsFromInvestingActivities": 24514000, "totalCashflowsFromInvestingActivities": -254352000, "netBorrowings": 359793000, "otherCashflowsFromFinancingActivities": -94586000, "totalCashFromFinancingActivities": 265207000, "changeInCash": -2447000}, {"maxAge": 1, "endDate": "2019-03-31", "netIncome": 161781000, "depreciation": 41458000, "changeToNetincome": -31176000, "changeToAccountReceivables": 42019000, "changeToLiabilities": -84811000, "changeToInventory": 354728000, "changeToOperatingActivities": 159435000, "totalCashFromOperatingActivities": 643434000, "capitalExpenditures": -44136000, "investments": -254534000, "otherCashflowsFromInvestingActivities": 28402000, "totalCashflowsFromInvestingActivities": -270268000, "netBorrowings": -312800000, "otherCashflowsFromFinancingActivities": -80533000, "totalCashFromFinancingActivities": -393333000, "changeInCash": -20167000}, {"maxAge": 1, "endDate": "2018-03-31", "netIncome": 72998000, "depreciation": 34004000, "changeToNetincome": -126486000, "changeToAccountReceivables": -112381000, "changeToLiabilities": 72928000, "changeToInventory": -398340000, "changeToOperatingActivities": 239103000, "totalCashFromOperatingActivities": -218174000, "capitalExpenditures": -92221000, "investments": 106692000, "otherCashflowsFromInvestingActivities": 36038000, "totalCashflowsFromInvestingActivities": 50509000, "dividendsPaid": -11713000, "netBorrowings": 191025000, "otherCashflowsFromFinancingActivities": -2673000, "totalCashFromFinancingActivities": 176639000, "changeInCash": 8974000}, {"maxAge": 1, "endDate": "2017-03-31", "netIncome": 206235000, "depreciation": 25273000, "changeToNetincome": -135261000, "changeToAccountReceivables": -70097000, "changeToLiabilities": 36383000, "changeToInventory": -114076000, "changeToOperatingActivities": -19884000, "totalCashFromOperatingActivities": -71427000, "capitalExpenditures": -80037000, "investments": 466394000, "otherCashflowsFromInvestingActivities": 56020000, "totalCashflowsFromInvestingActivities": 442377000, "dividendsPaid": -10737000, "netBorrowings": -465361000, "otherCashflowsFromFinancingActivities": 16870000, "totalCashFromFinancingActivities": -459228000, "changeInCash": -88278000}], "maxAge": 86400}, "institutionOwnership": {"ownershipList": [], "maxAge": 1}, "balanceSheetHistoryQuarterly": {"balanceSheetStatements": [{"maxAge": 1, "endDate": "2020-06-30", "totalStockholderEquity": 1641814000, "netTangibleAssets": 1641814000}, {"maxAge": 1, "endDate": "2020-03-31", "cash": 21335000, "shortTermInvestments": 1535992000, "netReceivables": 569483000, "inventory": 393083000, "otherCurrentAssets": 53164000, "totalCurrentAssets": 2573057000, "longTermInvestments": 174285000, "propertyPlantEquipment": 392188000, "otherAssets": 44268000, "totalAssets": 3183798000, "accountsPayable": 53537000, "otherCurrentLiab": 180025000, "otherLiab": 40274000, "totalCurrentLiabilities": 1499877000, "totalLiab": 1541984000, "commonStock": 81100000, "treasuryStock": 1560714000, "otherStockholderEquity": 1560714000, "totalStockholderEquity": 1641814000, "netTangibleAssets": 1641814000}, {"maxAge": 1, "endDate": "2019-12-31", "totalStockholderEquity": 1665571000, "netTangibleAssets": 1665571000}, {"maxAge": 1, "endDate": "2019-09-30", "cash": 24841000, "shortTermInvestments": 1132009000, "netReceivables": 552819000, "inventory": 442950000, "otherCurrentAssets": 80591000, "totalCurrentAssets": 2233210000, "longTermInvestments": 160501000, "propertyPlantEquipment": 414638000, "otherAssets": 57341000, "deferredLongTermAssetCharges": 1817000, "totalAssets": 2865690000, "accountsPayable": 125800000, "otherCurrentLiab": 203488000, "otherLiab": 65755000, "totalCurrentLiabilities": 1134364000, "totalLiab": 1200119000, "commonStock": 81100000, "treasuryStock": 1584471000, "otherStockholderEquity": 1584471000, "totalStockholderEquity": 1665571000, "netTangibleAssets": 1665571000}], "maxAge": 86400}, "earningsHistory": {"history": [{"maxAge": 1, "epsActual": {}, "epsEstimate": {}, "epsDifference": {}, "surprisePercent": {}, "quarter": {}, "period": "-4q"}, {"maxAge": 1, "epsActual": 4.62, "epsEstimate": 4.98, "epsDifference": -0.36, "surprisePercent": -0.072, "quarter": "2017-06-30", "period": "-3q"}, {"maxAge": 1, "epsActual": 3.99, "epsEstimate": 5.84, "epsDifference": -1.85, "surprisePercent": -0.317, "quarter": "2017-09-30", "period": "-2q"}, {"maxAge": 1, "epsActual": -5.56, "epsEstimate": 6.48, "epsDifference": -12.04, "surprisePercent": -1.858, "quarter": "2018-03-31", "period": "-1q"}], "maxAge": 86400}, "indexTrend": {"maxAge": 1, "symbol": "SP5", "peRatio": 19.7411, "pegRatio": 1.34172, "estimates": [{"period": "0q", "growth": 0.549}, {"period": "+1q", "growth": 0.431}, {"period": "0y", "growth": 0.305}, {"period": "+1y", "growth": 0.109}, {"period": "+5y", "growth": 0.120859005}, {"period": "-5y"}]}, "industryTrend": {"maxAge": 1, "symbol": null, "estimates": []}, "insiderTransactions": {"transactions": [{"maxAge": 1, "shares": 300565, "filerUrl": "", "transactionText": "", "filerName": "Rajasthan Global Securities Ltd", "filerRelation": "Institution- Corporation", "moneyText": "", "startDate": "2009-12-30", "ownership": "D"}, {"maxAge": 1, "shares": 232512, "filerUrl": "", "transactionText": "", "filerName": "Rajasthan Global Securities Ltd", "filerRelation": "Institution- Corporation", "moneyText": "", "startDate": "2009-12-11", "ownership": "D"}, {"maxAge": 1, "shares": 246015, "filerUrl": "", "transactionText": "", "filerName": "Rajasthan Global Securities Ltd", "filerRelation": "Institution- Corporation", "moneyText": "", "startDate": "2009-11-16", "ownership": "D"}], "maxAge": 1}, "quoteType": {"exchange": "BSE", "quoteType": "EQUITY", "symbol": "PGFOILQ.BO", "underlyingSymbol": "PGFOILQ.BO", "shortName": "PG FOILS LTD.", "longName": "P G Foils Limited", "firstTradeDateEpochUtc": "2001-08-09 09:15:00", "timeZoneFullName": "Asia/Kolkata", "timeZoneShortName": "IST", "uuid": "a2e38e2b-187f-3179-b2d6-950d46a69320", "gmtOffSetMilliseconds": 19800000, "maxAge": 1}, "incomeStatementHistory": {"incomeStatementHistory": [{"maxAge": 1, "endDate": "2020-03-31", "totalRevenue": 2173153000, "costOfRevenue": 1762812000, "grossProfit": 410341000, "researchDevelopment": {}, "sellingGeneralAdministrative": 146882000, "nonRecurring": {}, "otherOperatingExpenses": -56632000, "totalOperatingExpenses": 1899561000, "operatingIncome": 273592000, "totalOtherIncomeExpenseNet": -117248000, "ebit": 273592000, "interestExpense": -84403000, "incomeBeforeTax": 156344000, "incomeTaxExpense": 6648000, "minorityInterest": {}, "netIncomeFromContinuingOps": 149696000, "discontinuedOperations": {}, "extraordinaryItems": {}, "effectOfAccountingCharges": {}, "otherItems": {}, "netIncome": 149696000, "netIncomeApplicableToCommonShares": 149696000}, {"maxAge": 1, "endDate": "2019-03-31", "totalRevenue": 2588402000, "costOfRevenue": 2165916000, "grossProfit": 422486000, "researchDevelopment": {}, "sellingGeneralAdministrative": 161834000, "nonRecurring": {}, "otherOperatingExpenses": 33959000, "totalOperatingExpenses": 2403464000, "operatingIncome": 184938000, "totalOtherIncomeExpenseNet": 25645000, "ebit": 184938000, "interestExpense": -71580000, "incomeBeforeTax": 210583000, "incomeTaxExpense": 48802000, "minorityInterest": {}, "netIncomeFromContinuingOps": 161781000, "discontinuedOperations": {}, "extraordinaryItems": {}, "effectOfAccountingCharges": {}, "otherItems": {}, "netIncome": 161781000, "netIncomeApplicableToCommonShares": 161781000}, {"maxAge": 1, "endDate": "2018-03-31", "totalRevenue": 2473237000, "costOfRevenue": 1922188000, "grossProfit": 551049000, "researchDevelopment": {}, "sellingGeneralAdministrative": 221920000, "nonRecurring": {}, "otherOperatingExpenses": 226274000, "totalOperatingExpenses": 2405385000, "operatingIncome": 67852000, "totalOtherIncomeExpenseNet": 99719000, "ebit": 67852000, "interestExpense": -54016000, "incomeBeforeTax": 167571000, "incomeTaxExpense": 94573000, "minorityInterest": {}, "netIncomeFromContinuingOps": 72998000, "discontinuedOperations": {}, "extraordinaryItems": {}, "effectOfAccountingCharges": {}, "otherItems": {}, "netIncome": 72998000, "netIncomeApplicableToCommonShares": 72998000}, {"maxAge": 1, "endDate": "2017-03-31", "totalRevenue": 2376250000, "costOfRevenue": 1911599000, "grossProfit": 464651000, "researchDevelopment": {}, "sellingGeneralAdministrative": 142628000, "nonRecurring": {}, "otherOperatingExpenses": 174581000, "totalOperatingExpenses": 2263001000, "operatingIncome": 113249000, "totalOtherIncomeExpenseNet": 158771000, "ebit": 113249000, "interestExpense": -48209000, "incomeBeforeTax": 272020000, "incomeTaxExpense": 65785000, "minorityInterest": {}, "netIncomeFromContinuingOps": 206235000, "discontinuedOperations": {}, "extraordinaryItems": {}, "effectOfAccountingCharges": {}, "otherItems": {}, "netIncome": 206235000, "netIncomeApplicableToCommonShares": 206235000}], "maxAge": 86400}, "fundOwnership": {"ownershipList": [], "maxAge": 1}, "summaryDetail": {"maxAge": 1, "priceHint": 2, "previousClose": 83.4, "open": 80.0, "dayLow": 79.05, "dayHigh": 83.3, "regularMarketPreviousClose": 83.4, "regularMarketOpen": 80.0, "regularMarketDayLow": 79.05, "regularMarketDayHigh": 83.3, "trailingPE": 5.085473, "forwardPE": 3.3226583, "volume": 1479, "regularMarketVolume": 1479, "averageVolume": 7084, "averageVolume10days": 2986, "averageDailyVolume10Day": 2986, "bid": 82.05, "ask": 83.1, "bidSize": 0, "askSize": 0, "marketCap": 673129984, "fiftyTwoWeekLow": 36.9, "fiftyTwoWeekHigh": 117.65, "fiftyDayAverage": 91.1197, "twoHundredDayAverage": 77.65331, "trailingAnnualDividendRate": 0.0, "trailingAnnualDividendYield": 0.0, "currency": "INR", "fromCurrency": null, "lastMarket": null, "algorithm": null, "tradeable": false}, "sectorTrend": {"maxAge": 1, "symbol": null, "estimates": []}, "incomeStatementHistoryQuarterly": {"incomeStatementHistory": [{"maxAge": 1, "endDate": "2020-06-30", "totalRevenue": 687567000, "costOfRevenue": 530593000, "grossProfit": 156974000, "researchDevelopment": {}, "sellingGeneralAdministrative": 28152000, "nonRecurring": {}, "otherOperatingExpenses": 26400000, "totalOperatingExpenses": 595145000, "operatingIncome": 92422000, "totalOtherIncomeExpenseNet": -25674000, "ebit": 92422000, "interestExpense": -7074000, "incomeBeforeTax": 66748000, "incomeTaxExpense": 23159000, "minorityInterest": {}, "netIncomeFromContinuingOps": 43589000, "discontinuedOperations": {}, "extraordinaryItems": {}, "effectOfAccountingCharges": {}, "otherItems": {}, "netIncome": 43589000, "netIncomeApplicableToCommonShares": 43589000}, {"maxAge": 1, "endDate": "2020-03-31", "totalRevenue": 509695000, "costOfRevenue": 427853000, "grossProfit": 81842000, "researchDevelopment": {}, "sellingGeneralAdministrative": 36312000, "nonRecurring": {}, "otherOperatingExpenses": -26091000, "totalOperatingExpenses": 454573000, "operatingIncome": 55122000, "totalOtherIncomeExpenseNet": -100879000, "ebit": 55122000, "interestExpense": -68034000, "incomeBeforeTax": -45757000, "incomeTaxExpense": -37639000, "minorityInterest": {}, "netIncomeFromContinuingOps": -8118000, "discontinuedOperations": {}, "extraordinaryItems": {}, "effectOfAccountingCharges": {}, "otherItems": {}, "netIncome": -8118000, "netIncomeApplicableToCommonShares": -8118000}, {"maxAge": 1, "endDate": "2019-12-31", "totalRevenue": 537814000, "costOfRevenue": 449355000, "grossProfit": 88459000, "researchDevelopment": {}, "sellingGeneralAdministrative": 32553000, "nonRecurring": {}, "otherOperatingExpenses": 9701000, "totalOperatingExpenses": 501609000, "operatingIncome": 36205000, "totalOtherIncomeExpenseNet": -6492000, "ebit": 36205000, "interestExpense": -6492000, "incomeBeforeTax": 29713000, "incomeTaxExpense": 14287000, "minorityInterest": {}, "netIncomeFromContinuingOps": 15426000, "discontinuedOperations": {}, "extraordinaryItems": {}, "effectOfAccountingCharges": {}, "otherItems": {}, "netIncome": 15426000, "netIncomeApplicableToCommonShares": 15426000}, {"maxAge": 1, "endDate": "2019-09-30", "totalRevenue": 600911000, "costOfRevenue": 482283000, "grossProfit": 118628000, "researchDevelopment": {}, "sellingGeneralAdministrative": 38740000, "nonRecurring": {}, "otherOperatingExpenses": -31146000, "totalOperatingExpenses": 499877000, "operatingIncome": 101034000, "totalOtherIncomeExpenseNet": -4425000, "ebit": 101034000, "interestExpense": -4425000, "incomeBeforeTax": 96609000, "incomeTaxExpense": 15944000, "minorityInterest": {}, "netIncomeFromContinuingOps": 80665000, "discontinuedOperations": {}, "extraordinaryItems": {}, "effectOfAccountingCharges": {}, "otherItems": {}, "netIncome": 80665000, "netIncomeApplicableToCommonShares": 80665000}], "maxAge": 86400}, "cashflowStatementHistoryQuarterly": {"cashflowStatements": [{"maxAge": 1, "endDate": "2020-06-30", "netIncome": 43589000, "changeToLiabilities": 0}, {"maxAge": 1, "endDate": "2020-03-31", "netIncome": -8118000, "changeToLiabilities": 0}, {"maxAge": 1, "endDate": "2019-12-31", "netIncome": 15426000, "changeToLiabilities": 0}, {"maxAge": 1, "endDate": "2019-09-30", "netIncome": 80665000, "changeToLiabilities": 0}], "maxAge": 86400}, "insiderHolders": {"holders": [{"maxAge": 1, "name": "Rajasthan Global Securities Ltd", "relation": "Institution- Corporation", "url": "", "transactionDescription": "Sale", "latestTransDate": "2009-12-30", "positionDirect": 220908, "positionDirectDate": "2009-12-30"}], "maxAge": 1}, "earnings": {"maxAge": 86400, "earningsChart": {"quarterly": [{"date": "2Q2017", "actual": 4.62, "estimate": 4.98}, {"date": "3Q2017", "actual": 3.99, "estimate": 5.84}, {"date": "1Q2018", "actual": -5.56, "estimate": 6.48}], "currentQuarterEstimateDate": "2Q", "currentQuarterEstimateYear": 2018, "earningsDate": ["2020-09-07 05:30:S"]}, "financialsChart": {"yearly": [{"date": 2017, "revenue": 2376250000, "earnings": 206235000}, {"date": 2018, "revenue": 2473237000, "earnings": 72998000}, {"date": 2019, "revenue": 2588402000, "earnings": 161781000}, {"date": 2020, "revenue": 2173153000, "earnings": 149696000}], "quarterly": [{"date": "3Q2019", "revenue": 600911000, "earnings": 80665000}, {"date": "4Q2019", "revenue": 537814000, "earnings": 15426000}, {"date": "1Q2020", "revenue": 509695000, "earnings": -8118000}, {"date": "2Q2020", "revenue": 687567000, "earnings": 43589000}]}, "financialCurrency": "INR"}, "calendarEvents": {"maxAge": 1, "earnings": {"earningsDate": ["2020-09-07 05:30:S"], "revenueAverage": 818856000}}, "upgradeDowngradeHistory": {"history": [], "maxAge": 86400}, "price": {"maxAge": 1, "regularMarketChangePercent": -0.0047961813, "regularMarketChange": -0.40000153, "regularMarketTime": "2021-04-30 15:08:42", "priceHint": 2, "regularMarketPrice": 83.0, "regularMarketDayHigh": 83.3, "regularMarketDayLow": 79.05, "regularMarketVolume": 1479, "averageDailyVolume10Day": 2986, "averageDailyVolume3Month": 7084, "regularMarketPreviousClose": 83.4, "regularMarketSource": "FREE_REALTIME", "regularMarketOpen": 80.0, "exchange": "BSE", "exchangeName": "BSE", "exchangeDataDelayedBy": 0, "marketState": "CLOSED", "quoteType": "EQUITY", "symbol": "PGFOILQ.BO", "underlyingSymbol": null, "shortName": "PG FOILS LTD.", "longName": "P G Foils Limited", "currency": "INR", "quoteSourceName": "Delayed Quote", "currencySymbol": "\u20b9", "fromCurrency": null, "lastMarket": null, "marketCap": 673129984}, "balanceSheetHistory": {"balanceSheetStatements": [{"maxAge": 1, "endDate": "2020-03-31", "cash": 21335000, "shortTermInvestments": 1535992000, "netReceivables": 569483000, "inventory": 393083000, "otherCurrentAssets": 53164000, "totalCurrentAssets": 2573057000, "longTermInvestments": 174285000, "propertyPlantEquipment": 392188000, "otherAssets": 44268000, "totalAssets": 3183798000, "accountsPayable": 53537000, "otherCurrentLiab": 180025000, "otherLiab": 40274000, "totalCurrentLiabilities": 1499877000, "totalLiab": 1541984000, "commonStock": 81100000, "treasuryStock": 1560714000, "otherStockholderEquity": 1560714000, "totalStockholderEquity": 1641814000, "netTangibleAssets": 1641814000}, {"maxAge": 1, "endDate": "2019-03-31", "cash": 4485000, "shortTermInvestments": 1231096180, "netReceivables": 631279000, "inventory": 313003000, "otherCurrentAssets": 92271820, "totalCurrentAssets": 2273653000, "longTermInvestments": 150840000, "propertyPlantEquipment": 404548000, "otherAssets": 29694000, "totalAssets": 2858735000, "accountsPayable": 82600000, "shortLongTermDebt": 6942000, "otherCurrentLiab": 148442000, "longTermDebt": 27716000, "otherLiab": 63034000, "totalCurrentLiabilities": 1273993000, "totalLiab": 1364743000, "commonStock": 81100000, "retainedEarnings": 1210580000, "treasuryStock": 7865000, "capitalSurplus": 194447000, "otherStockholderEquity": 7865000, "totalStockholderEquity": 1493992000, "netTangibleAssets": 1493992000}, {"maxAge": 1, "endDate": "2018-03-31", "cash": 24652000, "shortTermInvestments": 928419180, "netReceivables": 667096000, "inventory": 667732000, "otherCurrentAssets": 142996820, "totalCurrentAssets": 2435154000, "longTermInvestments": 146113000, "propertyPlantEquipment": 398863000, "otherAssets": 20829000, "totalAssets": 3000959000, "accountsPayable": 167411000, "otherCurrentLiab": 81793000, "longTermDebt": 27600000, "otherLiab": 67860000, "totalCurrentLiabilities": 1575293000, "totalLiab": 1670753000, "commonStock": 81100000, "retainedEarnings": 1048798000, "treasuryStock": 5861000, "capitalSurplus": 194447000, "otherStockholderEquity": 5861000, "totalStockholderEquity": 1330206000, "netTangibleAssets": 1330206000}, {"maxAge": 1, "endDate": "2017-03-31", "cash": 15678000, "shortTermInvestments": 868916180, "netReceivables": 562358000, "inventory": 269392000, "otherCurrentAssets": 293289820, "totalCurrentAssets": 2010738000, "longTermInvestments": 229872000, "propertyPlantEquipment": 336053000, "otherAssets": 23534000, "totalAssets": 2600197000, "accountsPayable": 87693000, "otherCurrentLiab": 120710000, "otherLiab": 38178000, "totalCurrentLiabilities": 1293099000, "totalLiab": 1331277000, "commonStock": 81100000, "retainedEarnings": 987512000, "treasuryStock": 5861000, "capitalSurplus": 194447000, "otherStockholderEquity": 5861000, "totalStockholderEquity": 1268920000, "netTangibleAssets": 1268920000}], "maxAge": 86400}, "earningsTrend": {"trend": [{"maxAge": 1, "period": "0q", "endDate": "2018-06-30", "growth": {}, "earningsEstimate": {"avg": 0.0, "low": 0.0, "high": 0.0, "yearAgoEps": {}, "numberOfAnalysts": 0, "growth": {}}, "revenueEstimate": {"avg": 818856000, "low": 0, "high": 0, "numberOfAnalysts": 0, "yearAgoRevenue": 534332000, "growth": 0.532}, "epsTrend": {"current": 0.0, "7daysAgo": 0.0, "30daysAgo": 0.0, "60daysAgo": 0.0, "90daysAgo": 0.0}, "epsRevisions": {"upLast7days": 0, "upLast30days": 0, "downLast30days": 0, "downLast90days": {}}}, {"maxAge": 1, "period": "+1q", "endDate": "2018-09-30", "growth": {}, "earningsEstimate": {"avg": 0.0, "low": 0.0, "high": 0.0, "yearAgoEps": 4.62, "numberOfAnalysts": 0, "growth": {}}, "revenueEstimate": {"avg": 540553000, "low": 0, "high": 0, "numberOfAnalysts": 0, "yearAgoRevenue": 580414000, "growth": -0.069}, "epsTrend": {"current": 0.0, "7daysAgo": 0.0, "30daysAgo": 0.0, "60daysAgo": 0.0, "90daysAgo": 0.0}, "epsRevisions": {"upLast7days": 0, "upLast30days": 0, "downLast30days": 0, "downLast90days": {}}}, {"maxAge": 1, "period": "0y", "endDate": "2019-03-31", "growth": {}, "earningsEstimate": {"avg": 0.0, "low": 0.0, "high": 0.0, "yearAgoEps": {}, "numberOfAnalysts": 0, "growth": {}}, "revenueEstimate": {"avg": 2931970000, "low": 2931970000, "high": 2931970000, "numberOfAnalysts": 1, "yearAgoRevenue": 2534920000, "growth": 0.157}, "epsTrend": {"current": 0.0, "7daysAgo": 24.98, "30daysAgo": 24.98, "60daysAgo": 24.98, "90daysAgo": 24.98}, "epsRevisions": {"upLast7days": 0, "upLast30days": 0, "downLast30days": 0, "downLast90days": {}}}, {"maxAge": 1, "period": "+1y", "endDate": "2020-03-31", "growth": {}, "earningsEstimate": {"avg": 0.0, "low": 0.0, "high": 0.0, "yearAgoEps": {}, "numberOfAnalysts": 0, "growth": {}}, "revenueEstimate": {"avg": 0, "low": 0, "high": 0, "numberOfAnalysts": 0, "yearAgoRevenue": 2931970000, "growth": {}}, "epsTrend": {"current": 0.0, "7daysAgo": 0.0, "30daysAgo": 0.0, "60daysAgo": 0.0, "90daysAgo": 0.0}, "epsRevisions": {"upLast7days": 0, "upLast30days": 0, "downLast30days": 0, "downLast90days": {}}}, {"maxAge": 1, "period": "+5y", "endDate": null, "growth": {}, "earningsEstimate": {"avg": {}, "low": {}, "high": {}, "yearAgoEps": {}, "numberOfAnalysts": {}, "growth": {}}, "revenueEstimate": {"avg": {}, "low": {}, "high": {}, "numberOfAnalysts": {}, "yearAgoRevenue": {}, "growth": {}}, "epsTrend": {"current": {}, "7daysAgo": {}, "30daysAgo": {}, "60daysAgo": {}, "90daysAgo": {}}, "epsRevisions": {"upLast7days": {}, "upLast30days": {}, "downLast30days": {}, "downLast90days": {}}}, {"maxAge": 1, "period": "-5y", "endDate": null, "growth": {}, "earningsEstimate": {"avg": {}, "low": {}, "high": {}, "yearAgoEps": {}, "numberOfAnalysts": {}, "growth": {}}, "revenueEstimate": {"avg": {}, "low": {}, "high": {}, "numberOfAnalysts": {}, "yearAgoRevenue": {}, "growth": {}}, "epsTrend": {"current": {}, "7daysAgo": {}, "30daysAgo": {}, "60daysAgo": {}, "90daysAgo": {}}, "epsRevisions": {"upLast7days": {}, "upLast30days": {}, "downLast30days": {}, "downLast90days": {}}}], "maxAge": 1}, "financialData": {"maxAge": 86400, "currentPrice": 83.0, "recommendationKey": "none", "grossProfits": 410341000, "financialCurrency": "INR"}}}