{"PGHH.NS": {"assetProfile": {"address1": "P&G Plaza", "address2": "Cardinal Gracias Road Chakala Andheri (East)", "city": "Mumbai", "zip": "400099", "country": "India", "phone": "91 22 2826 6000", "fax": "91 22 2826 7337", "website": "http://in.pg.com", "industry": "Household & Personal Products", "sector": "Consumer Defensive", "longBusinessSummary": "Procter & Gamble Hygiene and Health Care Limited manufactures and sells branded packaged fast-moving consumer goods in the femcare and healthcare businesses in India. It provides health care products, including ointments and creams, cough drops, and tablets; and hygiene products comprising feminine hygiene and other skin care hygiene products. The company offers its products under the Vicks, Whisper, and Old Spice brand names. It sells its products through retail operations, including mass merchandisers, as well as grocery, membership club, drug, department, and high frequency stores. The company was incorporated in 1964 and is based in Mumbai, India. Procter & Gamble Hygiene and Health Care Limited is a subsidiary of Procter & Gamble Overseas India BV.", "fullTimeEmployees": 424, "companyOfficers": [{"maxAge": 1, "name": "Mr. Madhusudan  Gopalan", "age": 42, "title": "CEO, MD & Exec. Director", "yearBorn": 1978, "fiscalYear": 2020, "totalPay": 61227000, "exercisedValue": 0, "unexercisedValue": 0}, {"maxAge": 1, "name": "Mr. Prashant  Bhatnagar", "title": "Chief Financial Officer", "fiscalYear": 2020, "totalPay": 5976000, "exercisedValue": 0, "unexercisedValue": 0}, {"maxAge": 1, "name": "Ms. Flavia Peter Machado", "title": "Company Sec. & Compliance Officer", "fiscalYear": 2020, "totalPay": 2161000, "exercisedValue": 0, "unexercisedValue": 0}, {"maxAge": 1, "name": "Mr. John T. Chevalier", "title": "Chief Investor Relations Officer", "exercisedValue": 0, "unexercisedValue": 0}], "compensationAsOfEpochDate": "2020-12-31 05:30:00", "maxAge": 86400}, "recommendationTrend": {"trend": [{"period": "0m", "strongBuy": 0, "buy": 0, "hold": 0, "sell": 0, "strongSell": 0}, {"period": "-1m", "strongBuy": 1, "buy": 1, "hold": 1, "sell": 0, "strongSell": 0}, {"period": "-2m", "strongBuy": 1, "buy": 1, "hold": 1, "sell": 0, "strongSell": 0}, {"period": "-3m", "strongBuy": 2, "buy": 1, "hold": 0, "sell": 0, "strongSell": 0}], "maxAge": 86400}, "cashflowStatementHistory": {"cashflowStatements": [{"maxAge": 1, "endDate": "2020-06-30", "netIncome": 4330800000, "depreciation": 478800000, "changeToNetincome": 109800000, "changeToAccountReceivables": 145100000, "changeToLiabilities": -232500000, "changeToInventory": -16300000, "changeToOperatingActivities": -75200000, "totalCashFromOperatingActivities": 4740500000, "capitalExpenditures": -510200000, "investments": 22100000, "otherCashflowsFromInvestingActivities": 328500000, "totalCashflowsFromInvestingActivities": 747200000, "dividendsPaid": -1558100000, "netBorrowings": -12900000, "otherCashflowsFromFinancingActivities": -335300000, "totalCashFromFinancingActivities": -1906300000, "changeInCash": 3581400000}, {"maxAge": 1, "endDate": "2019-06-30", "netIncome": 4191300000, "depreciation": 497800000, "changeToNetincome": -731700000, "changeToAccountReceivables": -331500000, "changeToLiabilities": 1377400000, "changeToInventory": -798100000, "changeToOperatingActivities": -75500000, "totalCashFromOperatingActivities": 4129700000, "capitalExpenditures": -161000000, "investments": -7200000, "otherCashflowsFromInvestingActivities": 378200000, "totalCashflowsFromInvestingActivities": 343200000, "dividendsPaid": -2596800000, "netBorrowings": -12900000, "otherCashflowsFromFinancingActivities": -540600000, "totalCashFromFinancingActivities": -3137400000, "changeInCash": 1335500000}, {"maxAge": 1, "endDate": "2018-06-30", "netIncome": 3745900000, "depreciation": 523700000, "changeToNetincome": -581000000, "changeToAccountReceivables": -165300000, "changeToLiabilities": 48900000, "changeToInventory": 537400000, "changeToOperatingActivities": 45100000, "totalCashFromOperatingActivities": 4154700000, "capitalExpenditures": -381100000, "investments": -4800000, "otherCashflowsFromInvestingActivities": 190900000, "totalCashflowsFromInvestingActivities": -194600000, "dividendsPaid": -876400000, "netBorrowings": -12900000, "otherCashflowsFromFinancingActivities": -184600000, "totalCashFromFinancingActivities": -1061000000, "changeInCash": 2899100000}, {"maxAge": 1, "endDate": "2017-06-30", "netIncome": 4327300000, "depreciation": 597400000, "changeToNetincome": -607500000, "changeToAccountReceivables": 167200000, "changeToLiabilities": 600400000, "changeToInventory": -498700000, "changeToOperatingActivities": -133500000, "totalCashFromOperatingActivities": 4452600000, "capitalExpenditures": -441300000, "investments": -4200000, "otherCashflowsFromInvestingActivities": 834900000, "totalCashflowsFromInvestingActivities": 1492900000, "dividendsPaid": -1168600000, "netBorrowings": -12900000, "otherCashflowsFromFinancingActivities": -2667600000, "totalCashFromFinancingActivities": -15587000000, "changeInCash": -9641500000}], "maxAge": 86400}, "indexTrend": {"maxAge": 1, "symbol": "SP5", "peRatio": 19.7411, "pegRatio": 1.34172, "estimates": [{"period": "0q", "growth": 0.549}, {"period": "+1q", "growth": 0.431}, {"period": "0y", "growth": 0.305}, {"period": "+1y", "growth": 0.109}, {"period": "+5y", "growth": 0.120865}, {"period": "-5y"}]}, "defaultKeyStatistics": {"maxAge": 1, "priceHint": 2, "enterpriseValue": 424910192640, "forwardPE": 80.881744, "profitMargins": 0.20033, "floatShares": 9456433, "sharesOutstanding": 32460700, "heldPercentInsiders": 0.70816004, "heldPercentInstitutions": 0.11838, "beta": 0.1873, "category": null, "bookValue": 407.443, "priceToBook": 33.252506, "fundFamily": null, "legalType": null, "lastFiscalYearEnd": "2020-06-30 05:30:00", "nextFiscalYearEnd": "2022-06-30 05:30:00", "mostRecentQuarter": "2020-12-31 05:30:00", "earningsQuarterlyGrowth": 0.844, "netIncomeToCommon": 6647900160, "trailingEps": 204.804, "forwardEps": 146.1, "pegRatio": 3.21, "lastSplitFactor": null, "enterpriseToRevenue": 12.804, "enterpriseToEbitda": 44.787}, "industryTrend": {"maxAge": 1, "symbol": null, "estimates": []}, "quoteType": {"exchange": "NSI", "quoteType": "EQUITY", "symbol": "PGHH.NS", "underlyingSymbol": "PGHH.NS", "shortName": "PROCTER&GAMBLE IND", "longName": "Procter & Gamble Hygiene and Health Care Limited", "firstTradeDateEpochUtc": "2002-08-12 09:15:00", "timeZoneFullName": "Asia/Kolkata", "timeZoneShortName": "IST", "uuid": "25967ddd-251d-3a7f-94ee-2e11dbbf90fe", "gmtOffSetMilliseconds": 19800000, "maxAge": 1}, "incomeStatementHistory": {"incomeStatementHistory": [{"maxAge": 1, "endDate": "2020-06-30", "totalRevenue": 30019900000, "costOfRevenue": 11166700000, "grossProfit": 18853200000, "researchDevelopment": {}, "sellingGeneralAdministrative": 4884600000, "nonRecurring": {}, "otherOperatingExpenses": 7584900000, "totalOperatingExpenses": 24115000000, "operatingIncome": 5904900000, "totalOtherIncomeExpenseNet": 33800000, "ebit": 5904900000, "interestExpense": -16400000, "incomeBeforeTax": 5938700000, "incomeTaxExpense": 1607900000, "minorityInterest": {}, "netIncomeFromContinuingOps": 4330800000, "discontinuedOperations": {}, "extraordinaryItems": {}, "effectOfAccountingCharges": {}, "otherItems": {}, "netIncome": 4330800000, "netIncomeApplicableToCommonShares": 4330800000}, {"maxAge": 1, "endDate": "2019-06-30", "totalRevenue": 29468500000, "costOfRevenue": 12432700000, "grossProfit": 17035800000, "researchDevelopment": {}, "sellingGeneralAdministrative": 4802800000, "nonRecurring": {}, "otherOperatingExpenses": 6027000000, "totalOperatingExpenses": 23760300000, "operatingIncome": 5708200000, "totalOtherIncomeExpenseNet": 365100000, "ebit": 5708200000, "interestExpense": -16700000, "incomeBeforeTax": 6073300000, "incomeTaxExpense": 1882000000, "minorityInterest": {}, "netIncomeFromContinuingOps": 4191300000, "discontinuedOperations": {}, "extraordinaryItems": {}, "effectOfAccountingCharges": {}, "otherItems": {}, "netIncome": 4191300000, "netIncomeApplicableToCommonShares": 4191300000}, {"maxAge": 1, "endDate": "2018-06-30", "totalRevenue": 24552900000, "costOfRevenue": 9542200000, "grossProfit": 15010700000, "researchDevelopment": {}, "sellingGeneralAdministrative": 4038600000, "nonRecurring": {}, "otherOperatingExpenses": 4535400000, "totalOperatingExpenses": 18639900000, "operatingIncome": 5913000000, "totalOtherIncomeExpenseNet": -95300000, "ebit": 5913000000, "interestExpense": -17800000, "incomeBeforeTax": 5817700000, "incomeTaxExpense": 2071800000, "minorityInterest": {}, "netIncomeFromContinuingOps": 3745900000, "discontinuedOperations": {}, "extraordinaryItems": {}, "effectOfAccountingCharges": {}, "otherItems": {}, "netIncome": 3745900000, "netIncomeApplicableToCommonShares": 3745900000}, {"maxAge": 1, "endDate": "2017-06-30", "totalRevenue": 23204000000, "costOfRevenue": 9256800000, "grossProfit": 13947200000, "researchDevelopment": {}, "sellingGeneralAdministrative": 3242000000, "nonRecurring": {}, "otherOperatingExpenses": 3919900000, "totalOperatingExpenses": 17016100000, "operatingIncome": 6187900000, "totalOtherIncomeExpenseNet": 529800000, "ebit": 6187900000, "interestExpense": -77500000, "incomeBeforeTax": 6717700000, "incomeTaxExpense": 2390400000, "minorityInterest": {}, "netIncomeFromContinuingOps": 4327300000, "discontinuedOperations": {}, "extraordinaryItems": {}, "effectOfAccountingCharges": {}, "otherItems": {}, "netIncome": 4327300000, "netIncomeApplicableToCommonShares": 4327300000}], "maxAge": 86400}, "fundOwnership": {"ownershipList": [{"maxAge": 1, "reportDate": "2021-01-31", "organization": "DFA Emerging Markets Core Equity Portfolio", "pctHeld": 0.00090000004, "position": 29714, "value": 335950941}, {"maxAge": 1, "reportDate": "2020-12-31", "organization": "Wasatch Emerging India Fund", "pctHeld": 0.00090000004, "position": 28024, "value": 310290135}, {"maxAge": 1, "reportDate": "2021-01-31", "organization": "DFA Emerging Markets Series", "pctHeld": 0.00029999999, "position": 11092, "value": 125407815}, {"maxAge": 1, "reportDate": "2021-03-31", "organization": "Columbia ETF Trust II-Columbia India Consumer ETF", "pctHeld": 0.00029999999, "position": 8389, "value": 106363711}, {"maxAge": 1, "reportDate": "2021-01-31", "organization": "DFA Investment Dimensions-Emerging Markets Social Core Equity", "pctHeld": 0.0001, "position": 2452, "value": 27722679}, {"maxAge": 1, "reportDate": "2021-01-31", "organization": "DFA Emerging Markets Sustainability Core 1 Portfolio", "pctHeld": 0.0001, "position": 1819, "value": 20565886}, {"maxAge": 1, "reportDate": "2021-01-31", "organization": "DFA Investment Dimensions-World Ex U.S. Core Equity Port", "pctHeld": 0.0001, "position": 1703, "value": 19254373}], "maxAge": 1}, "summaryDetail": {"maxAge": 1, "priceHint": 2, "previousClose": 13480.2, "open": 13491.0, "dayLow": 13230.05, "dayHigh": 13575.0, "regularMarketPreviousClose": 13480.2, "regularMarketOpen": 13491.0, "regularMarketDayLow": 13230.05, "regularMarketDayHigh": 13575.0, "dividendRate": 190.0, "dividendYield": 0.014099999, "exDividendDate": "2021-02-10 05:30:00", "payoutRatio": 0.5127, "fiveYearAvgDividendYield": 0.55, "beta": 0.1873, "trailingPE": 66.153496, "forwardPE": 92.73443, "volume": 5922, "regularMarketVolume": 5922, "averageVolume": 10583, "averageVolume10days": 11436, "averageDailyVolume10Day": 11436, "bid": 0.0, "ask": 13548.5, "bidSize": 0, "askSize": 0, "marketCap": 439793778688, "fiftyTwoWeekLow": 9691.4, "fiftyTwoWeekHigh": 13800.0, "priceToSalesTrailing12Months": 13.252908, "fiftyDayAverage": 12946.404, "twoHundredDayAverage": 11329.535, "trailingAnnualDividendRate": 190.0, "trailingAnnualDividendYield": 0.014094746, "currency": "INR", "fromCurrency": null, "lastMarket": null, "algorithm": null, "tradeable": false}, "insiderHolders": {"holders": [{"maxAge": 1, "name": "Rosemount Corporation", "relation": "Promoter", "url": "", "transactionDescription": "Other", "latestTransDate": "2017-04-01", "positionDirect": 0, "positionDirectDate": "2017-04-01"}], "maxAge": 1}, "calendarEvents": {"maxAge": 1, "earnings": {"earningsDate": ["2019-08-20 05:30:S", "2019-08-24 05:30:S"], "revenueAverage": 7041600000, "revenueLow": 6951000000, "revenueHigh": 6951000000}, "exDividendDate": "2021-02-10 05:30:00"}, "upgradeDowngradeHistory": {"history": [], "maxAge": 86400}, "price": {"maxAge": 1, "regularMarketChangePercent": 0.005066676, "regularMarketChange": 68.299805, "regularMarketTime": "2021-04-30 15:29:56", "priceHint": 2, "regularMarketPrice": 13548.5, "regularMarketDayHigh": 13575.0, "regularMarketDayLow": 13230.05, "regularMarketVolume": 5922, "averageDailyVolume10Day": 11436, "averageDailyVolume3Month": 10583, "regularMarketPreviousClose": 13480.2, "regularMarketSource": "FREE_REALTIME", "regularMarketOpen": 13491.0, "exchange": "NSI", "exchangeName": "NSE", "exchangeDataDelayedBy": 15, "marketState": "CLOSED", "quoteType": "EQUITY", "symbol": "PGHH.NS", "underlyingSymbol": null, "shortName": "PROCTER&GAMBLE IND", "longName": "Procter & Gamble Hygiene and Health Care Limited", "currency": "INR", "quoteSourceName": "Delayed Quote", "currencySymbol": "\u20b9", "fromCurrency": null, "lastMarket": null, "marketCap": 439793778688}, "balanceSheetHistory": {"balanceSheetStatements": [{"maxAge": 1, "endDate": "2020-06-30", "cash": 8840400000, "netReceivables": 1943600000, "inventory": 2050500000, "otherCurrentAssets": 443500000, "totalCurrentAssets": 13283900000, "propertyPlantEquipment": 2286500000, "otherAssets": 2713600000, "deferredLongTermAssetCharges": 295800000, "totalAssets": 18284000000, "accountsPayable": 5313300000, "otherCurrentLiab": 383500000, "otherLiab": 740200000, "totalCurrentLiabilities": 5950500000, "totalLiab": 6705400000, "commonStock": 324600000, "retainedEarnings": 10274700000, "treasuryStock": 227400000, "capitalSurplus": 751900000, "otherStockholderEquity": 227400000, "totalStockholderEquity": 11578600000, "netTangibleAssets": 11578600000}, {"maxAge": 1, "endDate": "2019-06-30", "cash": 5259000000, "shortTermInvestments": 22100000, "netReceivables": 3047100000, "inventory": 2034200000, "otherCurrentAssets": 538500000, "totalCurrentAssets": 10900900000, "longTermInvestments": 4000000, "propertyPlantEquipment": 2487700000, "otherAssets": 2777800000, "deferredLongTermAssetCharges": 367600000, "totalAssets": 16170400000, "accountsPayable": 5484900000, "otherCurrentLiab": 622700000, "otherLiab": 655000000, "totalCurrentLiabilities": 6424800000, "totalLiab": 7079800000, "commonStock": 324600000, "retainedEarnings": 7839200000, "treasuryStock": 174900000, "capitalSurplus": 751900000, "otherStockholderEquity": 174900000, "totalStockholderEquity": 9090600000, "netTangibleAssets": 9090600000}, {"maxAge": 1, "endDate": "2018-06-30", "cash": 3923500000, "shortTermInvestments": 14900000, "netReceivables": 2728000000, "inventory": 1236100000, "otherCurrentAssets": 457900000, "totalCurrentAssets": 8360600000, "longTermInvestments": 6900000, "propertyPlantEquipment": 2715900000, "otherAssets": 3170100000, "deferredLongTermAssetCharges": 229800000, "totalAssets": 14253500000, "accountsPayable": 4062200000, "otherCurrentLiab": 1327400000, "otherLiab": 487300000, "totalCurrentLiabilities": 5711200000, "totalLiab": 6198500000, "commonStock": 324600000, "retainedEarnings": 6845400000, "treasuryStock": 133100000, "capitalSurplus": 751900000, "otherStockholderEquity": 133100000, "totalStockholderEquity": 8055000000, "netTangibleAssets": 8055000000}, {"maxAge": 1, "endDate": "2017-06-30", "cash": 1024400000, "shortTermInvestments": 10100000, "netReceivables": 2956400000, "inventory": 1773500000, "otherCurrentAssets": 266500000, "totalCurrentAssets": 6031300000, "longTermInvestments": 8800000, "propertyPlantEquipment": 3265500000, "otherAssets": 2295600000, "deferredLongTermAssetCharges": 262700000, "totalAssets": 11601200000, "accountsPayable": 3631900000, "otherCurrentLiab": 1531600000, "otherLiab": 516900000, "totalCurrentLiabilities": 5823100000, "totalLiab": 6340000000, "commonStock": 324600000, "retainedEarnings": 4105600000, "treasuryStock": 79100000, "capitalSurplus": 751900000, "otherStockholderEquity": 79100000, "totalStockholderEquity": 5261200000, "netTangibleAssets": 5261200000}], "maxAge": 86400}, "earningsTrend": {"trend": [{"maxAge": 1, "period": "0q", "endDate": "2017-12-31", "growth": {}, "earningsEstimate": {"avg": 0.0, "low": 0.0, "high": 0.0, "yearAgoEps": 32.17, "numberOfAnalysts": 0, "growth": {}}, "revenueEstimate": {"avg": 7041600000, "low": 6951000000, "high": 6951000000, "numberOfAnalysts": 1, "yearAgoRevenue": 6431900000, "growth": 0.095}, "epsTrend": {"current": 0.0, "7daysAgo": 0.0, "30daysAgo": 0.0, "60daysAgo": 0.0, "90daysAgo": 0.0}, "epsRevisions": {"upLast7days": 0, "upLast30days": 0, "downLast30days": 0, "downLast90days": {}}}, {"maxAge": 1, "period": "+1q", "endDate": "2018-03-31", "growth": {}, "earningsEstimate": {"avg": 0.0, "low": 0.0, "high": 0.0, "yearAgoEps": 46.4, "numberOfAnalysts": 0, "growth": {}}, "revenueEstimate": {"avg": 6351000000, "low": 6351000000, "high": 6351000000, "numberOfAnalysts": 1, "yearAgoRevenue": 6242800000, "growth": 0.017}, "epsTrend": {"current": 0.0, "7daysAgo": 0.0, "30daysAgo": 0.0, "60daysAgo": 0.0, "90daysAgo": 0.0}, "epsRevisions": {"upLast7days": 0, "upLast30days": 0, "downLast30days": 0, "downLast90days": {}}}, {"maxAge": 1, "period": "0y", "endDate": "2018-06-30", "growth": 0.137, "earningsEstimate": {"avg": 151.6, "low": 151.6, "high": 151.6, "yearAgoEps": 133.31, "numberOfAnalysts": 1, "growth": 0.137}, "revenueEstimate": {"avg": 24777000000, "low": 24777000000, "high": 24777000000, "numberOfAnalysts": 1, "yearAgoRevenue": 23204000000, "growth": 0.068}, "epsTrend": {"current": 151.6, "7daysAgo": 151.6, "30daysAgo": 151.6, "60daysAgo": 151.6, "90daysAgo": 151.6}, "epsRevisions": {"upLast7days": 0, "upLast30days": 0, "downLast30days": 0, "downLast90days": {}}}, {"maxAge": 1, "period": "+1y", "endDate": "2019-06-30", "growth": 0.105, "earningsEstimate": {"avg": 167.51, "low": 158.32, "high": 176.7, "yearAgoEps": 151.6, "numberOfAnalysts": 2, "growth": 0.105}, "revenueEstimate": {"avg": 30395000000, "low": 29537900000, "high": 31252000000, "numberOfAnalysts": 2, "yearAgoRevenue": 24777000000, "growth": 0.22700001}, "epsTrend": {"current": 167.51, "7daysAgo": 167.51, "30daysAgo": 176.7, "60daysAgo": 176.7, "90daysAgo": 176.0}, "epsRevisions": {"upLast7days": 0, "upLast30days": 0, "downLast30days": 0, "downLast90days": {}}}, {"maxAge": 1, "period": "+5y", "endDate": null, "growth": 0.19, "earningsEstimate": {"avg": {}, "low": {}, "high": {}, "yearAgoEps": {}, "numberOfAnalysts": {}, "growth": {}}, "revenueEstimate": {"avg": {}, "low": {}, "high": {}, "numberOfAnalysts": {}, "yearAgoRevenue": {}, "growth": {}}, "epsTrend": {"current": {}, "7daysAgo": {}, "30daysAgo": {}, "60daysAgo": {}, "90daysAgo": {}}, "epsRevisions": {"upLast7days": {}, "upLast30days": {}, "downLast30days": {}, "downLast90days": {}}}, {"maxAge": 1, "period": "-5y", "endDate": null, "growth": 0.21052, "earningsEstimate": {"avg": {}, "low": {}, "high": {}, "yearAgoEps": {}, "numberOfAnalysts": {}, "growth": {}}, "revenueEstimate": {"avg": {}, "low": {}, "high": {}, "numberOfAnalysts": {}, "yearAgoRevenue": {}, "growth": {}}, "epsTrend": {"current": {}, "7daysAgo": {}, "30daysAgo": {}, "60daysAgo": {}, "90daysAgo": {}}, "epsRevisions": {"upLast7days": {}, "upLast30days": {}, "downLast30days": {}, "downLast90days": {}}}], "maxAge": 1}, "institutionOwnership": {"ownershipList": [], "maxAge": 1}, "majorHoldersBreakdown": {"maxAge": 1, "insidersPercentHeld": 0.70816004, "institutionsPercentHeld": 0.11838, "institutionsFloatPercentHeld": 0.40562, "institutionsCount": 36}, "balanceSheetHistoryQuarterly": {"balanceSheetStatements": [{"maxAge": 1, "endDate": "2020-12-31", "cash": 12655900000, "netReceivables": 2462600000, "inventory": 1914700000, "otherCurrentAssets": 341600000, "totalCurrentAssets": 17374800000, "propertyPlantEquipment": 2200900000, "otherAssets": 2598800000, "deferredLongTermAssetCharges": 369800000, "totalAssets": 22174500000, "accountsPayable": 6867000000, "otherCurrentLiab": 1259500000, "otherLiab": 817400000, "totalCurrentLiabilities": 8126500000, "totalLiab": 8949100000, "commonStock": 324600000, "treasuryStock": 12900800000, "otherStockholderEquity": 12900800000, "totalStockholderEquity": 13225400000, "netTangibleAssets": 13225400000}, {"maxAge": 1, "endDate": "2020-09-30", "totalStockholderEquity": 11578600000, "netTangibleAssets": 11578600000}, {"maxAge": 1, "endDate": "2020-06-30", "cash": 8840400000, "netReceivables": 1943600000, "inventory": 2050500000, "otherCurrentAssets": 443500000, "totalCurrentAssets": 13283900000, "propertyPlantEquipment": 2286500000, "otherAssets": 2713600000, "deferredLongTermAssetCharges": 295800000, "totalAssets": 18284000000, "accountsPayable": 5313300000, "otherCurrentLiab": 383500000, "otherLiab": 740200000, "totalCurrentLiabilities": 5950500000, "totalLiab": 6705400000, "commonStock": 324600000, "retainedEarnings": 10274700000, "treasuryStock": 227400000, "capitalSurplus": 751900000, "otherStockholderEquity": 227400000, "totalStockholderEquity": 11578600000, "netTangibleAssets": 11578600000}, {"maxAge": 1, "endDate": "2020-03-31", "totalStockholderEquity": 9959300000, "netTangibleAssets": 9959300000}], "maxAge": 86400}, "earningsHistory": {"history": [{"maxAge": 1, "epsActual": 32.17, "epsEstimate": 37.7, "epsDifference": -5.53, "surprisePercent": -0.147, "quarter": "2016-09-30", "period": "-4q"}, {"maxAge": 1, "epsActual": 46.4, "epsEstimate": 30.3, "epsDifference": 16.1, "surprisePercent": 0.53099996, "quarter": "2016-12-31", "period": "-3q"}, {"maxAge": 1, "epsActual": 24.04, "epsEstimate": 35.7, "epsDifference": -11.66, "surprisePercent": -0.32700002, "quarter": "2017-06-30", "period": "-2q"}, {"maxAge": 1, "epsActual": 35.6, "epsEstimate": 36.3, "epsDifference": -0.7, "surprisePercent": -0.019, "quarter": "2017-09-30", "period": "-1q"}], "maxAge": 86400}, "summaryProfile": {"address1": "P&G Plaza", "address2": "Cardinal Gracias Road Chakala Andheri (East)", "city": "Mumbai", "zip": "400099", "country": "India", "phone": "91 22 2826 6000", "fax": "91 22 2826 7337", "website": "http://in.pg.com", "industry": "Household & Personal Products", "sector": "Consumer Defensive", "longBusinessSummary": "Procter & Gamble Hygiene and Health Care Limited manufactures and sells branded packaged fast-moving consumer goods in the femcare and healthcare businesses in India. It provides health care products, including ointments and creams, cough drops, and tablets; and hygiene products comprising feminine hygiene and other skin care hygiene products. The company offers its products under the Vicks, Whisper, and Old Spice brand names. It sells its products through retail operations, including mass merchandisers, as well as grocery, membership club, drug, department, and high frequency stores. The company was incorporated in 1964 and is based in Mumbai, India. Procter & Gamble Hygiene and Health Care Limited is a subsidiary of Procter & Gamble Overseas India BV.", "fullTimeEmployees": 424, "companyOfficers": [], "maxAge": 86400}, "netSharePurchaseActivity": {"maxAge": 1, "period": "6m", "buyInfoCount": 0, "buyInfoShares": 0, "sellInfoCount": 0, "netInfoCount": 0, "netInfoShares": 0, "netPercentInsiderShares": 0.0, "totalInsiderShares": 22986538}, "insiderTransactions": {"transactions": [{"maxAge": 1, "shares": 1088137, "filerUrl": "", "transactionText": "", "filerName": "Rosemount Corporation", "filerRelation": "Promoter", "moneyText": "", "startDate": "2017-04-01", "ownership": "D"}], "maxAge": 1}, "sectorTrend": {"maxAge": 1, "symbol": null, "estimates": []}, "incomeStatementHistoryQuarterly": {"incomeStatementHistory": [{"maxAge": 1, "endDate": "2020-12-31", "totalRevenue": 10184400000, "costOfRevenue": 3128600000, "grossProfit": 7055800000, "researchDevelopment": {}, "sellingGeneralAdministrative": 1499300000, "nonRecurring": {}, "otherOperatingExpenses": 2132400000, "totalOperatingExpenses": 6880100000, "operatingIncome": 3304300000, "totalOtherIncomeExpenseNet": 72800000, "ebit": 3304300000, "interestExpense": -20700000, "incomeBeforeTax": 3377100000, "incomeTaxExpense": 870900000, "minorityInterest": {}, "netIncomeFromContinuingOps": 2506200000, "discontinuedOperations": {}, "extraordinaryItems": {}, "effectOfAccountingCharges": {}, "otherItems": {}, "netIncome": 2506200000, "netIncomeApplicableToCommonShares": 2506200000}, {"maxAge": 1, "endDate": "2020-09-30", "totalRevenue": 10094500000, "costOfRevenue": 3431800000, "grossProfit": 6662700000, "researchDevelopment": {}, "sellingGeneralAdministrative": 1516800000, "nonRecurring": {}, "otherOperatingExpenses": 1762900000, "totalOperatingExpenses": 6829500000, "operatingIncome": 3265000000, "totalOtherIncomeExpenseNet": 92000000, "ebit": 3265000000, "interestExpense": -3600000, "incomeBeforeTax": 3357000000, "incomeTaxExpense": 818400000, "minorityInterest": {}, "netIncomeFromContinuingOps": 2538600000, "discontinuedOperations": {}, "extraordinaryItems": {}, "effectOfAccountingCharges": {}, "otherItems": {}, "netIncome": 2538600000, "netIncomeApplicableToCommonShares": 2538600000}, {"maxAge": 1, "endDate": "2020-06-30", "totalRevenue": 6345300000, "costOfRevenue": 2390800000, "grossProfit": 3954500000, "researchDevelopment": {}, "sellingGeneralAdministrative": 660600000, "nonRecurring": {}, "otherOperatingExpenses": 1983000000, "totalOperatingExpenses": 5166400000, "operatingIncome": 1178900000, "totalOtherIncomeExpenseNet": -122700000, "ebit": 1178900000, "interestExpense": -3600000, "incomeBeforeTax": 1056200000, "incomeTaxExpense": 364100000, "minorityInterest": {}, "netIncomeFromContinuingOps": 692100000, "discontinuedOperations": {}, "extraordinaryItems": {}, "effectOfAccountingCharges": {}, "otherItems": {}, "netIncome": 692100000, "netIncomeApplicableToCommonShares": 692100000}, {"maxAge": 1, "endDate": "2020-03-31", "totalRevenue": 6560500000, "costOfRevenue": 2189300000, "grossProfit": 4371200000, "researchDevelopment": {}, "sellingGeneralAdministrative": 1249400000, "nonRecurring": {}, "otherOperatingExpenses": 1737700000, "totalOperatingExpenses": 5293900000, "operatingIncome": 1266600000, "totalOtherIncomeExpenseNet": -17900000, "ebit": 1266600000, "interestExpense": -24300000, "incomeBeforeTax": 1248700000, "incomeTaxExpense": 337700000, "minorityInterest": {}, "netIncomeFromContinuingOps": 911000000, "discontinuedOperations": {}, "extraordinaryItems": {}, "effectOfAccountingCharges": {}, "otherItems": {}, "netIncome": 911000000, "netIncomeApplicableToCommonShares": 911000000}], "maxAge": 86400}, "cashflowStatementHistoryQuarterly": {"cashflowStatements": [{"maxAge": 1, "endDate": "2020-12-31", "netIncome": 2506200000, "changeToLiabilities": 0}, {"maxAge": 1, "endDate": "2020-09-30", "netIncome": 2538600000, "changeToLiabilities": 0}, {"maxAge": 1, "endDate": "2020-06-30", "netIncome": 692100000, "changeToLiabilities": 0}, {"maxAge": 1, "endDate": "2020-03-31", "netIncome": 911000000, "changeToLiabilities": 0}], "maxAge": 86400}, "earnings": {"maxAge": 86400, "earningsChart": {"quarterly": [{"date": "3Q2016", "actual": 32.17, "estimate": 37.7}, {"date": "4Q2016", "actual": 46.4, "estimate": 30.3}, {"date": "2Q2017", "actual": 24.04, "estimate": 35.7}, {"date": "3Q2017", "actual": 35.6, "estimate": 36.3}], "currentQuarterEstimateDate": "4Q", "currentQuarterEstimateYear": 2017, "earningsDate": ["2019-08-20 05:30:S", "2019-08-24 05:30:S"]}, "financialsChart": {"yearly": [{"date": 2017, "revenue": 23204000000, "earnings": 4327300000}, {"date": 2018, "revenue": 24552900000, "earnings": 3745900000}, {"date": 2019, "revenue": 29468500000, "earnings": 4191300000}, {"date": 2020, "revenue": 30019900000, "earnings": 4330800000}], "quarterly": [{"date": "1Q2020", "revenue": 6560500000, "earnings": 911000000}, {"date": "2Q2020", "revenue": 6345300000, "earnings": 692100000}, {"date": "3Q2020", "revenue": 10094500000, "earnings": 2538600000}, {"date": "4Q2020", "revenue": 10184400000, "earnings": 2506200000}]}, "financialCurrency": "INR"}, "financialData": {"maxAge": 86400, "currentPrice": 13548.5, "targetHighPrice": 9267.0, "targetLowPrice": 9267.0, "targetMeanPrice": 9267.0, "targetMedianPrice": 9267.0, "recommendationMean": 2.0, "recommendationKey": "buy", "numberOfAnalystOpinions": 1, "totalCash": 12655899648, "totalCashPerShare": 389.898, "ebitda": 9487299584, "totalDebt": 5200000, "quickRatio": 1.851, "currentRatio": 2.138, "totalRevenue": 33184700416, "debtToEquity": 0.039, "revenuePerShare": 1022.332, "returnOnAssets": 0.28371, "returnOnEquity": 0.57347, "grossProfits": 18853200000, "freeCashflow": 7131162624, "operatingCashflow": 8679000064, "earningsGrowth": 0.844, "revenueGrowth": 0.185, "grossMargins": 0.66234, "ebitdaMargins": 0.28589, "operatingMargins": 0.27166, "profitMargins": 0.20033, "financialCurrency": "INR"}}}