{"PGHH.BO": {"recommendationTrend": {"trend": [{"period": "0m", "strongBuy": 0, "buy": 0, "hold": 0, "sell": 0, "strongSell": 0}, {"period": "-1m", "strongBuy": 0, "buy": 0, "hold": 0, "sell": 0, "strongSell": 0}, {"period": "-2m", "strongBuy": 0, "buy": 0, "hold": 0, "sell": 0, "strongSell": 0}, {"period": "-3m", "strongBuy": 0, "buy": 0, "hold": 0, "sell": 0, "strongSell": 0}], "maxAge": 86400}, "cashflowStatementHistory": {"cashflowStatements": [{"maxAge": 1, "endDate": "2020-06-30", "netIncome": 4330800000, "depreciation": 478800000, "changeToNetincome": 109800000, "changeToAccountReceivables": 145100000, "changeToLiabilities": -232500000, "changeToInventory": -16300000, "changeToOperatingActivities": -75200000, "totalCashFromOperatingActivities": 4740500000, "capitalExpenditures": -510200000, "investments": 22100000, "otherCashflowsFromInvestingActivities": 328500000, "totalCashflowsFromInvestingActivities": 747200000, "dividendsPaid": -1878400000, "netBorrowings": -12900000, "otherCashflowsFromFinancingActivities": -15000000, "totalCashFromFinancingActivities": -1906300000, "changeInCash": 3581400000}, {"maxAge": 1, "endDate": "2019-06-30", "netIncome": 4191300000, "depreciation": 497800000, "changeToNetincome": -743100000, "changeToAccountReceivables": -331500000, "changeToLiabilities": 1377400000, "changeToInventory": -798100000, "changeToOperatingActivities": -75500000, "totalCashFromOperatingActivities": 4118300000, "capitalExpenditures": -161000000, "investments": -7200000, "otherCashflowsFromInvestingActivities": 378200000, "totalCashflowsFromInvestingActivities": 354600000, "dividendsPaid": -2596800000, "netBorrowings": -12900000, "otherCashflowsFromFinancingActivities": -540600000, "totalCashFromFinancingActivities": -3137400000, "changeInCash": 1335500000}, {"maxAge": 1, "endDate": "2018-06-30", "netIncome": 3745900000, "depreciation": 523700000, "changeToNetincome": -581000000, "changeToAccountReceivables": -165300000, "changeToLiabilities": 48900000, "changeToInventory": 537400000, "changeToOperatingActivities": 45100000, "totalCashFromOperatingActivities": 4154700000, "capitalExpenditures": -381100000, "investments": -4800000, "otherCashflowsFromInvestingActivities": 190900000, "totalCashflowsFromInvestingActivities": -194600000, "dividendsPaid": -876400000, "netBorrowings": -12900000, "otherCashflowsFromFinancingActivities": -184600000, "totalCashFromFinancingActivities": -1061000000, "changeInCash": 2899100000}, {"maxAge": 1, "endDate": "2017-06-30", "netIncome": 4327300000, "depreciation": 597400000, "changeToNetincome": -607500000, "changeToAccountReceivables": 167200000, "changeToLiabilities": 600400000, "changeToInventory": -498700000, "changeToOperatingActivities": -133500000, "totalCashFromOperatingActivities": 4452600000, "capitalExpenditures": -441300000, "investments": -4200000, "otherCashflowsFromInvestingActivities": 834900000, "totalCashflowsFromInvestingActivities": 1492900000, "dividendsPaid": -1168600000, "netBorrowings": -12900000, "otherCashflowsFromFinancingActivities": -2667600000, "totalCashFromFinancingActivities": -15587000000, "changeInCash": -9641500000}], "maxAge": 86400}, "institutionOwnership": {"ownershipList": [], "maxAge": 1}, "balanceSheetHistoryQuarterly": {"balanceSheetStatements": [{"maxAge": 1, "endDate": "2020-06-30", "cash": 9025000000, "netReceivables": 1943600000, "inventory": 2050500000, "otherCurrentAssets": 264800000, "totalCurrentAssets": 13283900000, "propertyPlantEquipment": 2286500000, "otherAssets": 2713600000, "deferredLongTermAssetCharges": 295800000, "totalAssets": 18284000000, "accountsPayable": 5313300000, "otherCurrentLiab": 637200000, "otherLiab": 754900000, "totalCurrentLiabilities": 5950500000, "totalLiab": 6705400000, "commonStock": 324600000, "treasuryStock": 11254000000, "otherStockholderEquity": 11254000000, "totalStockholderEquity": 11578600000, "netTangibleAssets": 11578600000}, {"maxAge": 1, "endDate": "2020-03-31", "totalStockholderEquity": 9959300000, "netTangibleAssets": 9959300000}, {"maxAge": 1, "endDate": "2019-12-31", "cash": 7573600000, "netReceivables": 2534700000, "inventory": 2013900000, "otherCurrentAssets": 363800000, "totalCurrentAssets": 12486000000, "propertyPlantEquipment": 2346100000, "otherAssets": 2711300000, "deferredLongTermAssetCharges": 346400000, "totalAssets": 17543400000, "accountsPayable": 5708700000, "otherCurrentLiab": 1171100000, "otherLiab": 704300000, "totalCurrentLiabilities": 6879800000, "totalLiab": 7584100000, "commonStock": 324600000, "treasuryStock": 9634700000, "otherStockholderEquity": 9634700000, "totalStockholderEquity": 9959300000, "netTangibleAssets": 9959300000}, {"maxAge": 1, "endDate": "2019-09-30", "totalStockholderEquity": 9090600000, "netTangibleAssets": 9090600000}], "maxAge": 86400}, "earningsHistory": {"history": [{"maxAge": 1, "epsActual": 46.4, "epsEstimate": 30.3, "epsDifference": 16.1, "surprisePercent": 0.53099996, "quarter": "2016-12-31", "period": "-4q"}, {"maxAge": 1, "epsActual": 24.04, "epsEstimate": 35.7, "epsDifference": -11.66, "surprisePercent": -0.32700002, "quarter": "2017-06-30", "period": "-3q"}, {"maxAge": 1, "epsActual": 35.6, "epsEstimate": 36.3, "epsDifference": -0.7, "surprisePercent": -0.019, "quarter": "2017-09-30", "period": "-2q"}, {"maxAge": 1, "epsActual": 25.64, "epsEstimate": 34.22, "epsDifference": -8.58, "surprisePercent": -0.25100002, "quarter": "2018-03-31", "period": "-1q"}], "maxAge": 86400}, "indexTrend": {"maxAge": 1, "symbol": "SP5", "peRatio": 19.7411, "pegRatio": 1.34172, "estimates": [{"period": "0q", "growth": 0.549}, {"period": "+1q", "growth": 0.431}, {"period": "0y", "growth": 0.305}, {"period": "+1y", "growth": 0.109}, {"period": "+5y", "growth": 0.120865}, {"period": "-5y"}]}, "industryTrend": {"maxAge": 1, "symbol": null, "estimates": []}, "insiderTransactions": {"transactions": [{"maxAge": 1, "shares": 1088137, "filerUrl": "", "transactionText": "", "filerName": "Rosemount Corporation", "filerRelation": "Promoter", "moneyText": "", "startDate": "2017-04-01", "ownership": "D"}], "maxAge": 1}, "quoteType": {"exchange": "BSE", "quoteType": "EQUITY", "symbol": "PGHH.BO", "underlyingSymbol": "PGHH.BO", "shortName": "PROCTER & GAMBLE HYGIENE & HEA", "longName": "Procter &amp; Gamble Hygiene and Health Care Limited", "firstTradeDateEpochUtc": "2000-01-03 09:15:00", "timeZoneFullName": "Asia/Kolkata", "timeZoneShortName": "IST", "uuid": "9b129b05-f777-33a1-99b3-44eef49a7da8", "gmtOffSetMilliseconds": 19800000, "maxAge": 1}, "incomeStatementHistory": {"incomeStatementHistory": [{"maxAge": 1, "endDate": "2020-06-30", "totalRevenue": 30019900000, "costOfRevenue": 11107900000, "grossProfit": 18912000000, "researchDevelopment": {}, "sellingGeneralAdministrative": 5015900000, "nonRecurring": {}, "otherOperatingExpenses": 7720200000, "totalOperatingExpenses": 24322800000, "operatingIncome": 5697100000, "totalOtherIncomeExpenseNet": 241600000, "ebit": 5697100000, "interestExpense": -60700000, "incomeBeforeTax": 5938700000, "incomeTaxExpense": 1607900000, "minorityInterest": {}, "netIncomeFromContinuingOps": 4330800000, "discontinuedOperations": {}, "extraordinaryItems": {}, "effectOfAccountingCharges": {}, "otherItems": {}, "netIncome": 4330800000, "netIncomeApplicableToCommonShares": 4330800000}, {"maxAge": 1, "endDate": "2019-06-30", "totalRevenue": 29465000000, "costOfRevenue": 12413300000, "grossProfit": 17051700000, "researchDevelopment": {}, "sellingGeneralAdministrative": 4935600000, "nonRecurring": {}, "otherOperatingExpenses": 5920800000, "totalOperatingExpenses": 23767500000, "operatingIncome": 5697500000, "totalOtherIncomeExpenseNet": 375800000, "ebit": 5697500000, "interestExpense": -16700000, "incomeBeforeTax": 6073300000, "incomeTaxExpense": 1882000000, "minorityInterest": {}, "netIncomeFromContinuingOps": 4191300000, "discontinuedOperations": {}, "extraordinaryItems": {}, "effectOfAccountingCharges": {}, "otherItems": {}, "netIncome": 4191300000, "netIncomeApplicableToCommonShares": 4191300000}, {"maxAge": 1, "endDate": "2018-06-30", "totalRevenue": 24552900000, "costOfRevenue": 9542200000, "grossProfit": 15010700000, "researchDevelopment": {}, "sellingGeneralAdministrative": 4038600000, "nonRecurring": {}, "otherOperatingExpenses": 4535400000, "totalOperatingExpenses": 18639900000, "operatingIncome": 5913000000, "totalOtherIncomeExpenseNet": -95300000, "ebit": 5913000000, "interestExpense": -17800000, "incomeBeforeTax": 5817700000, "incomeTaxExpense": 2071800000, "minorityInterest": {}, "netIncomeFromContinuingOps": 3745900000, "discontinuedOperations": {}, "extraordinaryItems": {}, "effectOfAccountingCharges": {}, "otherItems": {}, "netIncome": 3745900000, "netIncomeApplicableToCommonShares": 3745900000}, {"maxAge": 1, "endDate": "2017-06-30", "totalRevenue": 23204000000, "costOfRevenue": 9256800000, "grossProfit": 13947200000, "researchDevelopment": {}, "sellingGeneralAdministrative": 3242000000, "nonRecurring": {}, "otherOperatingExpenses": 3919900000, "totalOperatingExpenses": 17016100000, "operatingIncome": 6187900000, "totalOtherIncomeExpenseNet": 529800000, "ebit": 6187900000, "interestExpense": -77500000, "incomeBeforeTax": 6717700000, "incomeTaxExpense": 2390400000, "minorityInterest": {}, "netIncomeFromContinuingOps": 4327300000, "discontinuedOperations": {}, "extraordinaryItems": {}, "effectOfAccountingCharges": {}, "otherItems": {}, "netIncome": 4327300000, "netIncomeApplicableToCommonShares": 4327300000}], "maxAge": 86400}, "fundOwnership": {"ownershipList": [{"maxAge": 1, "reportDate": "2020-07-31", "organization": "DFA Emerging Markets Core Equity Portfolio", "pctHeld": 0.00090000004, "position": 29714, "value": 307221960}, {"maxAge": 1, "reportDate": "2020-06-30", "organization": "Wasatch Emerging India Fund", "pctHeld": 0.0007, "position": 21672, "value": 220081327}, {"maxAge": 1, "reportDate": "2020-07-31", "organization": "DFA Emerging Markets Series", "pctHeld": 0.00029999999, "position": 11092, "value": 114683515}, {"maxAge": 1, "reportDate": "2020-06-30", "organization": "Columbia ETF Trust II-Columbia India Consumer ETF", "pctHeld": 0.00029999999, "position": 9295, "value": 94391654}, {"maxAge": 1, "reportDate": "2020-07-31", "organization": "DFA Investment Dimensions-Emerging Markets Social Core Equity", "pctHeld": 0.0001, "position": 2529, "value": 26148089}, {"maxAge": 1, "reportDate": "2020-07-31", "organization": "DFA Emerging Markets Sustainability Core 1 Portfolio", "pctHeld": 0.0001, "position": 1819, "value": 18807186}, {"maxAge": 1, "reportDate": "2020-07-31", "organization": "DFA Investment Dimensions-World Ex U.S. Core Equity Port", "pctHeld": 0.0001, "position": 1703, "value": 17607827}], "maxAge": 1}, "summaryDetail": {"maxAge": 1, "priceHint": 2, "previousClose": 13459.65, "open": 13440.25, "dayLow": 13251.0, "dayHigh": 13600.0, "regularMarketPreviousClose": 13459.65, "regularMarketOpen": 13440.25, "regularMarketDayLow": 13251.0, "regularMarketDayHigh": 13600.0, "trailingPE": 101.67029, "forwardPE": 92.84633, "volume": 152, "regularMarketVolume": 152, "averageVolume": 731, "averageVolume10days": 1604, "averageDailyVolume10Day": 1604, "bid": 13420.05, "ask": 13718.45, "bidSize": 0, "askSize": 0, "marketCap": 440324521984, "fiftyTwoWeekLow": 8500.0, "fiftyTwoWeekHigh": 13600.0, "fiftyDayAverage": 11193.388, "twoHundredDayAverage": 10524.593, "trailingAnnualDividendRate": 105.0, "trailingAnnualDividendYield": 0.007801094, "currency": "INR", "fromCurrency": null, "lastMarket": null, "algorithm": null, "tradeable": false}, "sectorTrend": {"maxAge": 1, "symbol": null, "estimates": []}, "incomeStatementHistoryQuarterly": {"incomeStatementHistory": [{"maxAge": 1, "endDate": "2020-06-30", "totalRevenue": 6345300000, "costOfRevenue": 2332000000, "grossProfit": 4013300000, "researchDevelopment": {}, "sellingGeneralAdministrative": 791900000, "nonRecurring": {}, "otherOperatingExpenses": 2118300000, "totalOperatingExpenses": 5374200000, "operatingIncome": 971100000, "totalOtherIncomeExpenseNet": 85100000, "ebit": 971100000, "interestExpense": -10400000, "incomeBeforeTax": 1056200000, "incomeTaxExpense": 364100000, "minorityInterest": {}, "netIncomeFromContinuingOps": 692100000, "discontinuedOperations": {}, "extraordinaryItems": {}, "effectOfAccountingCharges": {}, "otherItems": {}, "netIncome": 692100000, "netIncomeApplicableToCommonShares": 692100000}, {"maxAge": 1, "endDate": "2020-03-31", "totalRevenue": 6560500000, "costOfRevenue": 2189300000, "grossProfit": 4371200000, "researchDevelopment": {}, "sellingGeneralAdministrative": 1249400000, "nonRecurring": {}, "otherOperatingExpenses": 1737700000, "totalOperatingExpenses": 5293900000, "operatingIncome": 1266600000, "totalOtherIncomeExpenseNet": -17900000, "ebit": 1266600000, "interestExpense": -24300000, "incomeBeforeTax": 1248700000, "incomeTaxExpense": 337700000, "minorityInterest": {}, "netIncomeFromContinuingOps": 911000000, "discontinuedOperations": {}, "extraordinaryItems": {}, "effectOfAccountingCharges": {}, "otherItems": {}, "netIncome": 911000000, "netIncomeApplicableToCommonShares": 911000000}, {"maxAge": 1, "endDate": "2019-12-31", "totalRevenue": 8592700000, "costOfRevenue": 3211300000, "grossProfit": 5381400000, "researchDevelopment": {}, "sellingGeneralAdministrative": 1509300000, "nonRecurring": {}, "otherOperatingExpenses": 2005100000, "totalOperatingExpenses": 6840500000, "operatingIncome": 1752200000, "totalOtherIncomeExpenseNet": 67800000, "ebit": 1752200000, "interestExpense": -22400000, "incomeBeforeTax": 1820000000, "incomeTaxExpense": 460700000, "minorityInterest": {}, "netIncomeFromContinuingOps": 1359300000, "discontinuedOperations": {}, "extraordinaryItems": {}, "effectOfAccountingCharges": {}, "otherItems": {}, "netIncome": 1359300000, "netIncomeApplicableToCommonShares": 1359300000}, {"maxAge": 1, "endDate": "2019-09-30", "totalRevenue": 8521400000, "costOfRevenue": 3375300000, "grossProfit": 5146100000, "researchDevelopment": {}, "sellingGeneralAdministrative": 1465300000, "nonRecurring": {}, "otherOperatingExpenses": 1859100000, "totalOperatingExpenses": 6814200000, "operatingIncome": 1707200000, "totalOtherIncomeExpenseNet": 106600000, "ebit": 1707200000, "interestExpense": -3600000, "incomeBeforeTax": 1813800000, "incomeTaxExpense": 445400000, "minorityInterest": {}, "netIncomeFromContinuingOps": 1368400000, "discontinuedOperations": {}, "extraordinaryItems": {}, "effectOfAccountingCharges": {}, "otherItems": {}, "netIncome": 1368400000, "netIncomeApplicableToCommonShares": 1368400000}], "maxAge": 86400}, "cashflowStatementHistoryQuarterly": {"cashflowStatements": [{"maxAge": 1, "endDate": "2020-06-30", "netIncome": 692100000, "changeToLiabilities": 0}, {"maxAge": 1, "endDate": "2020-03-31", "netIncome": 911000000, "changeToLiabilities": 0}, {"maxAge": 1, "endDate": "2019-12-31", "netIncome": 1359300000, "changeToLiabilities": 0}, {"maxAge": 1, "endDate": "2019-09-30", "netIncome": 1368400000, "changeToLiabilities": 0}], "maxAge": 86400}, "insiderHolders": {"holders": [{"maxAge": 1, "name": "Rosemount Corporation", "relation": "Promoter", "url": "", "transactionDescription": "Other", "latestTransDate": "2017-04-01", "positionDirect": 0, "positionDirectDate": "2017-04-01"}], "maxAge": 1}, "earnings": {"maxAge": 86400, "earningsChart": {"quarterly": [{"date": "4Q2016", "actual": 46.4, "estimate": 30.3}, {"date": "2Q2017", "actual": 24.04, "estimate": 35.7}, {"date": "3Q2017", "actual": 35.6, "estimate": 36.3}, {"date": "1Q2018", "actual": 25.64, "estimate": 34.22}], "currentQuarterEstimateDate": "2Q", "currentQuarterEstimateYear": 2018, "earningsDate": ["2020-08-25 05:30:S"]}, "financialsChart": {"yearly": [{"date": 2017, "revenue": 23204000000, "earnings": 4327300000}, {"date": 2018, "revenue": 24552900000, "earnings": 3745900000}, {"date": 2019, "revenue": 29465000000, "earnings": 4191300000}, {"date": 2020, "revenue": 30019900000, "earnings": 4330800000}], "quarterly": [{"date": "3Q2019", "revenue": 8521400000, "earnings": 1368400000}, {"date": "4Q2019", "revenue": 8592700000, "earnings": 1359300000}, {"date": "1Q2020", "revenue": 6560500000, "earnings": 911000000}, {"date": "2Q2020", "revenue": 6345300000, "earnings": 692100000}]}, "financialCurrency": "INR"}, "calendarEvents": {"maxAge": 1, "earnings": {"earningsDate": ["2020-08-25 05:30:S"], "revenueLow": 5532000000, "revenueHigh": 5916460000}}, "upgradeDowngradeHistory": {"history": [], "maxAge": 86400}, "price": {"maxAge": 1, "regularMarketChangePercent": 0.007815896, "regularMarketChange": 105.19922, "regularMarketTime": "2021-04-30 15:29:06", "priceHint": 2, "regularMarketPrice": 13564.85, "regularMarketDayHigh": 13600.0, "regularMarketDayLow": 13251.0, "regularMarketVolume": 152, "averageDailyVolume10Day": 1604, "averageDailyVolume3Month": 731, "regularMarketPreviousClose": 13459.65, "regularMarketSource": "FREE_REALTIME", "regularMarketOpen": 13440.25, "exchange": "BSE", "exchangeName": "BSE", "exchangeDataDelayedBy": 0, "marketState": "CLOSED", "quoteType": "EQUITY", "symbol": "PGHH.BO", "underlyingSymbol": null, "shortName": "PROCTER & GAMBLE HYGIENE & HEA", "longName": "Procter &amp; Gamble Hygiene and Health Care Limited", "currency": "INR", "quoteSourceName": "Delayed Quote", "currencySymbol": "\u20b9", "fromCurrency": null, "lastMarket": null, "marketCap": 440324521984}, "balanceSheetHistory": {"balanceSheetStatements": [{"maxAge": 1, "endDate": "2020-06-30", "cash": 9025000000, "netReceivables": 1943600000, "inventory": 2050500000, "otherCurrentAssets": 264800000, "totalCurrentAssets": 13283900000, "propertyPlantEquipment": 2286500000, "otherAssets": 2713600000, "deferredLongTermAssetCharges": 295800000, "totalAssets": 18284000000, "accountsPayable": 5313300000, "otherCurrentLiab": 637200000, "otherLiab": 754900000, "totalCurrentLiabilities": 5950500000, "totalLiab": 6705400000, "commonStock": 324600000, "treasuryStock": 11254000000, "otherStockholderEquity": 11254000000, "totalStockholderEquity": 11578600000, "netTangibleAssets": 11578600000}, {"maxAge": 1, "endDate": "2019-06-30", "cash": 5259000000, "shortTermInvestments": 22100000, "netReceivables": 3062400000, "inventory": 2034200000, "otherCurrentAssets": 528300000, "totalCurrentAssets": 10906000000, "longTermInvestments": 4000000, "propertyPlantEquipment": 2487700000, "otherAssets": 2921400000, "deferredLongTermAssetCharges": 367600000, "totalAssets": 16319100000, "accountsPayable": 5476700000, "otherCurrentLiab": 758600000, "otherLiab": 655000000, "totalCurrentLiabilities": 6573500000, "totalLiab": 7228500000, "commonStock": 324600000, "retainedEarnings": 7839200000, "treasuryStock": 174900000, "capitalSurplus": 751900000, "otherStockholderEquity": 174900000, "totalStockholderEquity": 9090600000, "netTangibleAssets": 9090600000}, {"maxAge": 1, "endDate": "2018-06-30", "cash": 3923500000, "shortTermInvestments": 14900000, "netReceivables": 2728000000, "inventory": 1236100000, "otherCurrentAssets": 457900000, "totalCurrentAssets": 8360600000, "longTermInvestments": 6900000, "propertyPlantEquipment": 2715900000, "otherAssets": 3170100000, "deferredLongTermAssetCharges": 229800000, "totalAssets": 14253500000, "accountsPayable": 4062200000, "otherCurrentLiab": 1327400000, "otherLiab": 487300000, "totalCurrentLiabilities": 5711200000, "totalLiab": 6198500000, "commonStock": 324600000, "retainedEarnings": 6845400000, "treasuryStock": 133100000, "capitalSurplus": 751900000, "otherStockholderEquity": 133100000, "totalStockholderEquity": 8055000000, "netTangibleAssets": 8055000000}, {"maxAge": 1, "endDate": "2017-06-30", "cash": 1024400000, "shortTermInvestments": 10100000, "netReceivables": 2956400000, "inventory": 1773500000, "otherCurrentAssets": 266500000, "totalCurrentAssets": 6031300000, "longTermInvestments": 8800000, "propertyPlantEquipment": 3265500000, "otherAssets": 2295600000, "deferredLongTermAssetCharges": 262700000, "totalAssets": 11601200000, "accountsPayable": 3631900000, "otherCurrentLiab": 1531600000, "otherLiab": 516900000, "totalCurrentLiabilities": 5823100000, "totalLiab": 6340000000, "commonStock": 324600000, "retainedEarnings": 4105600000, "treasuryStock": 79100000, "capitalSurplus": 751900000, "otherStockholderEquity": 79100000, "totalStockholderEquity": 5261200000, "netTangibleAssets": 5261200000}], "maxAge": 86400}, "earningsTrend": {"trend": [{"maxAge": 1, "period": "0q", "endDate": "2018-06-30", "growth": {}, "earningsEstimate": {"avg": 0.0, "low": 0.0, "high": 0.0, "yearAgoEps": 46.4, "numberOfAnalysts": 0, "growth": {}}, "revenueEstimate": {"avg": 0, "low": 5532000000, "high": 5916460000, "numberOfAnalysts": 2, "yearAgoRevenue": 5028700000, "growth": {}}, "epsTrend": {"current": 0.0, "7daysAgo": 30.26, "30daysAgo": 30.26, "60daysAgo": 30.26, "90daysAgo": 30.26}, "epsRevisions": {"upLast7days": 0, "upLast30days": 0, "downLast30days": 0, "downLast90days": {}}}, {"maxAge": 1, "period": "+1q", "endDate": "2018-09-30", "growth": {}, "earningsEstimate": {"avg": 0.0, "low": 0.0, "high": 0.0, "yearAgoEps": 24.04, "numberOfAnalysts": 0, "growth": {}}, "revenueEstimate": {"avg": 7918000000, "low": 7233000000, "high": 7233000000, "numberOfAnalysts": 1, "yearAgoRevenue": {}, "growth": {}}, "epsTrend": {"current": 0.0, "7daysAgo": 0.0, "30daysAgo": 0.0, "60daysAgo": 0.0, "90daysAgo": 0.0}, "epsRevisions": {"upLast7days": 0, "upLast30days": 0, "downLast30days": 0, "downLast90days": {}}}, {"maxAge": 1, "period": "0y", "endDate": "2018-06-30", "growth": {}, "earningsEstimate": {"avg": 0.0, "low": 0.0, "high": 0.0, "yearAgoEps": {}, "numberOfAnalysts": 0, "growth": {}}, "revenueEstimate": {"avg": 0, "low": 25880000000, "high": 25880000000, "numberOfAnalysts": 1, "yearAgoRevenue": 23204000000, "growth": {}}, "epsTrend": {"current": 0.0, "7daysAgo": 142.1, "30daysAgo": 142.1, "60daysAgo": 142.1, "90daysAgo": 142.1}, "epsRevisions": {"upLast7days": 0, "upLast30days": 0, "downLast30days": 0, "downLast90days": {}}}, {"maxAge": 1, "period": "+1y", "endDate": "2019-06-30", "growth": {}, "earningsEstimate": {"avg": 0.0, "low": 0.0, "high": 0.0, "yearAgoEps": {}, "numberOfAnalysts": 0, "growth": {}}, "revenueEstimate": {"avg": 27970700000, "low": 26517100000, "high": 29122000000, "numberOfAnalysts": 3, "yearAgoRevenue": {}, "growth": {}}, "epsTrend": {"current": 0.0, "7daysAgo": 142.31, "30daysAgo": 142.31, "60daysAgo": 142.31, "90daysAgo": 142.31}, "epsRevisions": {"upLast7days": 0, "upLast30days": 0, "downLast30days": 0, "downLast90days": {}}}, {"maxAge": 1, "period": "+5y", "endDate": null, "growth": 0.19, "earningsEstimate": {"avg": {}, "low": {}, "high": {}, "yearAgoEps": {}, "numberOfAnalysts": {}, "growth": {}}, "revenueEstimate": {"avg": {}, "low": {}, "high": {}, "numberOfAnalysts": {}, "yearAgoRevenue": {}, "growth": {}}, "epsTrend": {"current": {}, "7daysAgo": {}, "30daysAgo": {}, "60daysAgo": {}, "90daysAgo": {}}, "epsRevisions": {"upLast7days": {}, "upLast30days": {}, "downLast30days": {}, "downLast90days": {}}}, {"maxAge": 1, "period": "-5y", "endDate": null, "growth": {}, "earningsEstimate": {"avg": {}, "low": {}, "high": {}, "yearAgoEps": {}, "numberOfAnalysts": {}, "growth": {}}, "revenueEstimate": {"avg": {}, "low": {}, "high": {}, "numberOfAnalysts": {}, "yearAgoRevenue": {}, "growth": {}}, "epsTrend": {"current": {}, "7daysAgo": {}, "30daysAgo": {}, "60daysAgo": {}, "90daysAgo": {}}, "epsRevisions": {"upLast7days": {}, "upLast30days": {}, "downLast30days": {}, "downLast90days": {}}}], "maxAge": 1}, "financialData": {"maxAge": 86400, "currentPrice": 13564.85, "targetHighPrice": 10180.0, "targetLowPrice": 8496.0, "targetMeanPrice": 9338.0, "targetMedianPrice": 9338.0, "recommendationKey": "none", "numberOfAnalystOpinions": 2, "grossProfits": 18912000000, "financialCurrency": "INR"}}}