{"PGHL.NS": {"assetProfile": {"address1": "Godrej One", "address2": "8th Floor,Pirojshanagar Eastern Express Highway Vikhroli (East)", "city": "Mumbai", "zip": "400079", "country": "India", "phone": "91 22 6866 9000", "fax": "91 22 6210 9999", "website": "http://www.pghealthindia.com", "industry": "Drug Manufacturers\u2014Specialty & Generic", "sector": "Healthcare", "longBusinessSummary": "Procter & Gamble Health Limited manufactures and markets pharmaceuticals and chemicals in India. It provides over-the-counter products, vitamins, minerals, and supplements, as well as cough and cold products. The company offers its products under the Polybion, Neurobion, Evion, Nasivion, Livogen, and Seven Seas brands. Procter & Gamble Health Limited also exports its pharmaceutical products to Sri Lanka, Nepal, Myanmar, and Maldives. The company was formerly known as Merck Limited and changed its name to Procter & Gamble Health Limited in May 2019. The company was founded in 1967 and is headquartered in Mumbai, India. As of June 30, 2020, Procter & Gamble Health Limited operates as a subsidiary of Procter & Gamble Overseas India B.V.", "fullTimeEmployees": 1093, "companyOfficers": [{"maxAge": 1, "name": "Mr. Milind Vasant Thatte M.B.A.", "age": 51, "title": "MD & Exec. Director", "yearBorn": 1969, "fiscalYear": 2020, "totalPay": 17214603, "exercisedValue": 0, "unexercisedValue": 0}, {"maxAge": 1, "name": "Mr. Amit  Gupta", "age": 44, "title": "Exec. Director of Fin., CFO & Whole Time Director", "yearBorn": 1976, "fiscalYear": 2020, "totalPay": 14203765, "exercisedValue": 0, "unexercisedValue": 0}, {"maxAge": 1, "name": "Ms. Preeti  Bishnoi", "title": "Company Sec. & Compliance Officer", "fiscalYear": 2020, "totalPay": 2589000, "exercisedValue": 0, "unexercisedValue": 0}, {"maxAge": 1, "name": "Ms. Rekha  Bijoykumar", "title": "Mang. of Corp. Communications", "exercisedValue": 0, "unexercisedValue": 0}, {"maxAge": 1, "name": "Ms. Nicole  Mommsen", "title": "Head of Group Media Relations", "exercisedValue": 0, "unexercisedValue": 0}, {"maxAge": 1, "name": "Ms. Nathalie  Ponnier", "title": "Head of Biopharma Communications", "exercisedValue": 0, "unexercisedValue": 0}, {"maxAge": 1, "name": "Ms. Renee  Connolly", "title": "Head of Life Science Communications", "exercisedValue": 0, "unexercisedValue": 0}, {"maxAge": 1, "name": "Markus  Kaiser", "title": "Head of Performance Materials Communications", "exercisedValue": 0, "unexercisedValue": 0}, {"maxAge": 1, "name": "Lars  Atorf", "title": "Head of Consumer Health Communications", "exercisedValue": 0, "unexercisedValue": 0}, {"maxAge": 1, "name": "Mr. Sunil  Punjabi", "title": "Head of Research Solutions - Merck Life Science, India", "exercisedValue": 0, "unexercisedValue": 0}], "compensationAsOfEpochDate": "2020-12-31 05:30:00", "maxAge": 86400}, "cashflowStatementHistory": {"cashflowStatements": [{"maxAge": 1, "endDate": "2020-06-30", "netIncome": 1659180000, "depreciation": 196333432, "changeToNetincome": -282866808, "changeToAccountReceivables": -194666764, "changeToLiabilities": 236466785, "changeToInventory": -138333403, "changeToOperatingActivities": 58333363, "totalCashFromOperatingActivities": 1569134118, "capitalExpenditures": -155133411, "investments": 825400413, "otherCashflowsFromInvestingActivities": 425333546, "totalCashflowsFromInvestingActivities": 1097600549, "dividendsPaid": -4888335778, "otherCashflowsFromFinancingActivities": -1001067167, "totalCashFromFinancingActivities": -5889402945, "changeInCash": -3222668278}, {"maxAge": 1, "endDate": "2019-12-31", "netIncome": 1587580000, "depreciation": 171650000, "changeToNetincome": -192350000, "changeToAccountReceivables": -110390000, "changeToLiabilities": -62160000, "changeToInventory": -9780000, "changeToOperatingActivities": 234710000, "totalCashFromOperatingActivities": 1619260000, "capitalExpenditures": -106780000, "investments": 1238100000, "otherCashflowsFromInvestingActivities": 519680000, "totalCashflowsFromInvestingActivities": 1654030000, "dividendsPaid": -397766000, "otherCashflowsFromFinancingActivities": -1501650000, "totalCashFromFinancingActivities": -8794030000, "changeInCash": -5520740000}, {"maxAge": 1, "endDate": "2018-12-31", "netIncome": 8387200000, "depreciation": 249900000, "changeToNetincome": -9438400000, "changeToAccountReceivables": -296200000, "changeToLiabilities": 269200000, "changeToInventory": -280000000, "changeToOperatingActivities": -195600000, "totalCashFromOperatingActivities": -1303900000, "capitalExpenditures": -267200000, "investments": 2140200000, "otherCashflowsFromInvestingActivities": 10746300000, "totalCashflowsFromInvestingActivities": 12697200000, "dividendsPaid": -249700000, "otherCashflowsFromFinancingActivities": -51500000, "totalCashFromFinancingActivities": -301200000, "changeInCash": 11092100000}, {"maxAge": 1, "endDate": "2017-12-31", "netIncome": 939100000, "depreciation": 260700000, "changeToNetincome": -199900000, "changeToAccountReceivables": -148300000, "changeToLiabilities": 91600000, "changeToInventory": 62000000, "changeToOperatingActivities": -471900000, "totalCashFromOperatingActivities": 536600000, "capitalExpenditures": -303000000, "investments": -570600000, "otherCashflowsFromInvestingActivities": 198400000, "totalCashflowsFromInvestingActivities": -476300000, "dividendsPaid": -182600000, "otherCashflowsFromFinancingActivities": -37200000, "totalCashFromFinancingActivities": -219800000, "changeInCash": -159500000}], "maxAge": 86400}, "institutionOwnership": {"ownershipList": [], "maxAge": 1}, "majorHoldersBreakdown": {"maxAge": 1, "insidersPercentHeld": 0.52131003, "institutionsPercentHeld": 0.156, "institutionsFloatPercentHeld": 0.32588002, "institutionsCount": 34}, "balanceSheetHistoryQuarterly": {"balanceSheetStatements": [{"maxAge": 1, "endDate": "2020-12-31", "cash": 3437700000, "netReceivables": 801200000, "inventory": 1081700000, "otherCurrentAssets": 764300000, "totalCurrentAssets": 6084900000, "propertyPlantEquipment": 1371500000, "intangibleAssets": 1500000, "otherAssets": 1058100000, "deferredLongTermAssetCharges": 190600000, "totalAssets": 8516000000, "accountsPayable": 783900000, "otherCurrentLiab": 677600000, "otherLiab": 510500000, "totalCurrentLiabilities": 1461500000, "totalLiab": 2067200000, "commonStock": 166000000, "treasuryStock": 6282800000, "otherStockholderEquity": 6282800000, "totalStockholderEquity": 6448800000, "netTangibleAssets": 6447300000}, {"maxAge": 1, "endDate": "2020-09-30", "totalStockholderEquity": 9063400000, "netTangibleAssets": 9061300000}, {"maxAge": 1, "endDate": "2020-06-30"}, {"maxAge": 1, "endDate": "2020-03-31", "totalStockholderEquity": 8168140000, "netTangibleAssets": 8164770000}], "maxAge": 86400}, "indexTrend": {"maxAge": 1, "symbol": "SP5", "peRatio": 19.7411, "pegRatio": 1.34172, "estimates": [{"period": "0q", "growth": 0.549}, {"period": "+1q", "growth": 0.431}, {"period": "0y", "growth": 0.305}, {"period": "+1y", "growth": 0.109}, {"period": "+5y", "growth": 0.120865}, {"period": "-5y"}]}, "defaultKeyStatistics": {"maxAge": 1, "priceHint": 2, "enterpriseValue": 102441590784, "profitMargins": 0.23536, "floatShares": 7650358, "sharesOutstanding": 16599400, "heldPercentInsiders": 0.52131003, "heldPercentInstitutions": 0.156, "beta": 0.18867, "category": null, "bookValue": 388.562, "priceToBook": 16.402401, "fundFamily": null, "legalType": null, "lastFiscalYearEnd": "2020-06-30 05:30:00", "nextFiscalYearEnd": "2022-06-30 05:30:00", "mostRecentQuarter": "2020-12-31 05:30:00", "earningsQuarterlyGrowth": 0.776, "netIncomeToCommon": 2190880000, "trailingEps": 131.826, "lastSplitFactor": null, "enterpriseToRevenue": 11.005, "enterpriseToEbitda": 37.019}, "summaryProfile": {"address1": "Godrej One", "address2": "8th Floor,Pirojshanagar Eastern Express Highway Vikhroli (East)", "city": "Mumbai", "zip": "400079", "country": "India", "phone": "91 22 6866 9000", "fax": "91 22 6210 9999", "website": "http://www.pghealthindia.com", "industry": "Drug Manufacturers\u2014Specialty & Generic", "sector": "Healthcare", "longBusinessSummary": "Procter & Gamble Health Limited manufactures and markets pharmaceuticals and chemicals in India. It provides over-the-counter products, vitamins, minerals, and supplements, as well as cough and cold products. The company offers its products under the Polybion, Neurobion, Evion, Nasivion, Livogen, and Seven Seas brands. Procter & Gamble Health Limited also exports its pharmaceutical products to Sri Lanka, Nepal, Myanmar, and Maldives. The company was formerly known as Merck Limited and changed its name to Procter & Gamble Health Limited in May 2019. The company was founded in 1967 and is headquartered in Mumbai, India. As of June 30, 2020, Procter & Gamble Health Limited operates as a subsidiary of Procter & Gamble Overseas India B.V.", "fullTimeEmployees": 1093, "companyOfficers": [], "maxAge": 86400}, "netSharePurchaseActivity": {"maxAge": 1, "period": "6m", "buyInfoCount": 0, "buyInfoShares": 0, "sellInfoCount": 0, "netInfoCount": 0, "netInfoShares": 0, "netPercentInsiderShares": 0.0, "totalInsiderShares": 8651962}, "insiderTransactions": {"transactions": [{"maxAge": 1, "shares": 8601071, "filerUrl": "", "transactionText": "", "filerName": "Procter & Gamble India Holdings BV", "filerRelation": "Institution- Corporation", "moneyText": "", "startDate": "2018-12-03", "ownership": "D"}, {"maxAge": 1, "shares": 890, "filerUrl": "", "transactionText": "", "filerName": "Bhabha (Homi C H)", "filerRelation": "Director (Non-Executive)", "moneyText": "", "startDate": "2013-03-06", "ownership": "D"}, {"maxAge": 1, "shares": 1000, "filerUrl": "", "transactionText": "", "filerName": "Bhabha (Homi C H)", "filerRelation": "Director (Non-Executive)", "moneyText": "", "startDate": "2013-03-05", "ownership": "D"}, {"maxAge": 1, "shares": 3331, "filerUrl": "", "transactionText": "", "filerName": "Bhabha (Homi C H)", "filerRelation": "Director (Non-Executive)", "moneyText": "", "startDate": "2013-03-04", "ownership": "D"}, {"maxAge": 1, "shares": 1579, "filerUrl": "", "transactionText": "", "filerName": "Bhabha (Homi C H)", "filerRelation": "Director (Non-Executive)", "moneyText": "", "startDate": "2013-03-01", "ownership": "D"}, {"maxAge": 1, "shares": 1000, "filerUrl": "", "transactionText": "", "filerName": "Bhabha (Homi C H)", "filerRelation": "Director (Non-Executive)", "moneyText": "", "startDate": "2013-02-28", "ownership": "D"}, {"maxAge": 1, "shares": 5607, "filerUrl": "", "transactionText": "", "filerName": "Bhabha (Homi C H)", "filerRelation": "Director (Non-Executive)", "moneyText": "", "startDate": "2012-08-08", "ownership": "D"}, {"maxAge": 1, "shares": 432269, "filerUrl": "", "transactionText": "", "filerName": "Life Insurance Corporation of India", "filerRelation": "Institution- Corporation", "moneyText": "", "startDate": "2012-07-24", "ownership": "D"}, {"maxAge": 1, "shares": 4500, "filerUrl": "", "transactionText": "", "filerName": "Bhabha (Homi C H)", "filerRelation": "Director (Non-Executive)", "moneyText": "", "startDate": "2011-11-11", "ownership": "D"}], "maxAge": 1}, "quoteType": {"exchange": "NSI", "quoteType": "EQUITY", "symbol": "PGHL.NS", "underlyingSymbol": "PGHL.NS", "shortName": "PROCTER & GAMBLE HEALTH L", "longName": "Procter & Gamble Health Limited", "firstTradeDateEpochUtc": "2002-07-01 09:15:00", "timeZoneFullName": "Asia/Kolkata", "timeZoneShortName": "IST", "uuid": "d986416e-a0a5-39b8-ac40-53303a8bece7", "gmtOffSetMilliseconds": 19800000, "maxAge": 1}, "incomeStatementHistory": {"incomeStatementHistory": [{"maxAge": 1, "endDate": "2020-06-30", "totalRevenue": 8885920000, "costOfRevenue": 3205720000, "grossProfit": 5680200000, "researchDevelopment": {}, "sellingGeneralAdministrative": 2447540000, "nonRecurring": {}, "otherOperatingExpenses": 1123820000, "totalOperatingExpenses": 6994260000, "operatingIncome": 1891660000, "totalOtherIncomeExpenseNet": 306940000, "ebit": 1891660000, "interestExpense": {}, "incomeBeforeTax": 2198600000, "incomeTaxExpense": 539420000, "minorityInterest": {}, "netIncomeFromContinuingOps": 1659180000, "discontinuedOperations": {}, "extraordinaryItems": {}, "effectOfAccountingCharges": {}, "otherItems": {}, "netIncome": 1659180000, "netIncomeApplicableToCommonShares": 1659180000}, {"maxAge": 1, "endDate": "2019-12-31", "totalRevenue": 9265980000, "costOfRevenue": 2998710000, "grossProfit": 6267270000, "researchDevelopment": {}, "sellingGeneralAdministrative": 1242060000, "nonRecurring": {}, "otherOperatingExpenses": 2989410000, "totalOperatingExpenses": 7401830000, "operatingIncome": 1864150000, "totalOtherIncomeExpenseNet": 479440000, "ebit": 1864150000, "interestExpense": {}, "incomeBeforeTax": 2343590000, "incomeTaxExpense": 756010000, "minorityInterest": {}, "netIncomeFromContinuingOps": 1587580000, "discontinuedOperations": {}, "extraordinaryItems": {}, "effectOfAccountingCharges": {}, "otherItems": {}, "netIncome": 1587580000, "netIncomeApplicableToCommonShares": 1587580000}, {"maxAge": 1, "endDate": "2018-12-31", "totalRevenue": 8489900000, "costOfRevenue": 2750400000, "grossProfit": 5739500000, "researchDevelopment": {}, "sellingGeneralAdministrative": 2420300000, "nonRecurring": {}, "otherOperatingExpenses": 1838000000, "totalOperatingExpenses": 7227300000, "operatingIncome": 1262600000, "totalOtherIncomeExpenseNet": 317200000, "ebit": 1262600000, "interestExpense": {}, "incomeBeforeTax": 1579800000, "incomeTaxExpense": 562400000, "minorityInterest": {}, "netIncomeFromContinuingOps": 1017400000, "discontinuedOperations": 7369800000, "extraordinaryItems": {}, "effectOfAccountingCharges": {}, "otherItems": {}, "netIncome": 8387200000, "netIncomeApplicableToCommonShares": 8387200000}, {"maxAge": 1, "endDate": "2017-12-31", "totalRevenue": 6981300000, "costOfRevenue": 2422100000, "grossProfit": 4559200000, "researchDevelopment": {}, "sellingGeneralAdministrative": 2014700000, "nonRecurring": {}, "otherOperatingExpenses": 1537600000, "totalOperatingExpenses": 6226700000, "operatingIncome": 754600000, "totalOtherIncomeExpenseNet": 234600000, "ebit": 754600000, "interestExpense": {}, "incomeBeforeTax": 989200000, "incomeTaxExpense": 378800000, "minorityInterest": {}, "netIncomeFromContinuingOps": 610400000, "discontinuedOperations": 328700000, "extraordinaryItems": {}, "effectOfAccountingCharges": {}, "otherItems": {}, "netIncome": 939100000, "netIncomeApplicableToCommonShares": 939100000}], "maxAge": 86400}, "fundOwnership": {"ownershipList": [{"maxAge": 1, "reportDate": "2021-01-31", "organization": "Vanguard International Stock Index-Total Intl Stock Indx", "pctHeld": 0.0057, "position": 95406, "value": 678412984}, {"maxAge": 1, "reportDate": "2021-01-31", "organization": "Vanguard International Stock Index-Emerging Markets Stk", "pctHeld": 0.004, "position": 66970, "value": 476210276}, {"maxAge": 1, "reportDate": "2021-03-31", "organization": "iShares Core MSCI Emerging Markets ETF", "pctHeld": 0.0034, "position": 56295, "value": 349150034}, {"maxAge": 1, "reportDate": "2021-01-31", "organization": "DFA Emerging Markets Core Equity Portfolio", "pctHeld": 0.0026, "position": 43673, "value": 310549968}, {"maxAge": 1, "reportDate": "2021-01-31", "organization": "DFA Emerging Markets Small Cap Series", "pctHeld": 0.002, "position": 33063, "value": 235104380}, {"maxAge": 1, "reportDate": "2021-01-31", "organization": "DFA Investment Dimensions-DFA Emerging Mkts Value", "pctHeld": 0.0018000001, "position": 29117, "value": 207045163}, {"maxAge": 1, "reportDate": "2021-01-31", "organization": "Vanguard Intl Equity Index Fds-FTSE All World ex U.S.Small Cap Index", "pctHeld": 0.0011, "position": 18942, "value": 134692773}, {"maxAge": 1, "reportDate": "2021-03-31", "organization": "iShares Core MSCI Total International Stock ETF", "pctHeld": 0.00090000004, "position": 14661, "value": 90929721}, {"maxAge": 1, "reportDate": "2021-03-31", "organization": "iShares MSCI India Small Cap ETF", "pctHeld": 0.0007, "position": 12421, "value": 77036905}, {"maxAge": 1, "reportDate": "2021-03-31", "organization": "SPDR Portfolio Emerging Markets ETF", "pctHeld": 0.00029999999, "position": 5789, "value": 35904246}], "maxAge": 1}, "summaryDetail": {"maxAge": 1, "priceHint": 2, "previousClose": 6373.85, "open": 6380.0, "dayLow": 6313.0, "dayHigh": 6448.0, "regularMarketPreviousClose": 6373.85, "regularMarketOpen": 6380.0, "regularMarketDayLow": 6313.0, "regularMarketDayHigh": 6448.0, "dividendRate": 42.0, "dividendYield": 0.0064999997, "exDividendDate": "2020-11-19 05:30:00", "payoutRatio": 0.2972, "beta": 0.18867, "trailingPE": 48.346684, "volume": 4541, "regularMarketVolume": 4541, "averageVolume": 13604, "averageVolume10days": 13710, "averageDailyVolume10Day": 13710, "bid": 0.0, "ask": 0.0, "marketCap": 105761923072, "fiftyTwoWeekLow": 3810.25, "fiftyTwoWeekHigh": 7500.0, "priceToSalesTrailing12Months": 11.361891, "fiftyDayAverage": 6635.9766, "twoHundredDayAverage": 6299.588, "trailingAnnualDividendRate": 28.0, "trailingAnnualDividendYield": 0.0043929494, "currency": "INR", "fromCurrency": null, "lastMarket": null, "algorithm": null, "tradeable": false}, "incomeStatementHistoryQuarterly": {"incomeStatementHistory": [{"maxAge": 1, "endDate": "2020-12-31", "totalRevenue": 2402200000, "costOfRevenue": 635800000, "grossProfit": 1766400000, "researchDevelopment": {}, "sellingGeneralAdministrative": 334900000, "nonRecurring": {}, "otherOperatingExpenses": 544000000, "totalOperatingExpenses": 1593200000, "operatingIncome": 809000000, "totalOtherIncomeExpenseNet": 55300000, "ebit": 809000000, "interestExpense": -1900000, "incomeBeforeTax": 864300000, "incomeTaxExpense": 185500000, "minorityInterest": {}, "netIncomeFromContinuingOps": 678800000, "discontinuedOperations": {}, "extraordinaryItems": {}, "effectOfAccountingCharges": {}, "otherItems": {}, "netIncome": 678800000, "netIncomeApplicableToCommonShares": 678800000}, {"maxAge": 1, "endDate": "2020-09-30", "totalRevenue": 2639700000, "costOfRevenue": 949600000, "grossProfit": 1690100000, "researchDevelopment": {}, "sellingGeneralAdministrative": 386900000, "nonRecurring": {}, "otherOperatingExpenses": 522200000, "totalOperatingExpenses": 1932300000, "operatingIncome": 707400000, "totalOtherIncomeExpenseNet": 64800000, "ebit": 707400000, "interestExpense": -2400000, "incomeBeforeTax": 772200000, "incomeTaxExpense": 179600000, "minorityInterest": {}, "netIncomeFromContinuingOps": 592600000, "discontinuedOperations": {}, "extraordinaryItems": {}, "effectOfAccountingCharges": {}, "otherItems": {}, "netIncome": 592600000, "netIncomeApplicableToCommonShares": 592600000}, {"maxAge": 1, "endDate": "2020-06-30", "totalRevenue": 2011560000, "costOfRevenue": 513850000, "grossProfit": 1497710000, "researchDevelopment": {}, "sellingGeneralAdministrative": 355690000, "nonRecurring": {}, "otherOperatingExpenses": 611110000, "totalOperatingExpenses": 1561120000, "operatingIncome": 450440000, "totalOtherIncomeExpenseNet": 106830000, "ebit": 450440000, "interestExpense": -2400000, "incomeBeforeTax": 557270000, "incomeTaxExpense": 68670000, "minorityInterest": {}, "netIncomeFromContinuingOps": 488600000, "discontinuedOperations": {}, "extraordinaryItems": {}, "effectOfAccountingCharges": {}, "otherItems": {}, "netIncome": 488600000, "netIncomeApplicableToCommonShares": 488600000}, {"maxAge": 1, "endDate": "2020-03-31", "totalRevenue": 2281060000, "costOfRevenue": 801840000, "grossProfit": 1479220000, "researchDevelopment": {}, "sellingGeneralAdministrative": 231550000, "nonRecurring": {}, "otherOperatingExpenses": 660280000, "totalOperatingExpenses": 1736050000, "operatingIncome": 545010000, "totalOtherIncomeExpenseNet": 102630000, "ebit": 545010000, "interestExpense": -2400000, "incomeBeforeTax": 647640000, "incomeTaxExpense": 183020000, "minorityInterest": {}, "netIncomeFromContinuingOps": 464620000, "discontinuedOperations": {}, "extraordinaryItems": {}, "effectOfAccountingCharges": {}, "otherItems": {}, "netIncome": 464620000, "netIncomeApplicableToCommonShares": 464620000}], "maxAge": 86400}, "cashflowStatementHistoryQuarterly": {"cashflowStatements": [{"maxAge": 1, "endDate": "2020-12-31", "netIncome": 678800000, "changeToLiabilities": 0}, {"maxAge": 1, "endDate": "2020-09-30", "netIncome": 592600000, "changeToLiabilities": 0}, {"maxAge": 1, "endDate": "2020-06-30", "netIncome": 488600000, "changeToLiabilities": 0}, {"maxAge": 1, "endDate": "2020-03-31", "netIncome": 464620000, "changeToLiabilities": 0}], "maxAge": 86400}, "insiderHolders": {"holders": [{"maxAge": 1, "name": "Bhabha (Homi C H)", "relation": "Director (Non-Executive)", "url": "", "transactionDescription": "Sale", "latestTransDate": "2013-03-06", "positionDirect": 29356, "positionDirectDate": "2013-03-06"}, {"maxAge": 1, "name": "Life Insurance Corporation of India", "relation": "Institution- Corporation", "url": "", "transactionDescription": "Sale", "latestTransDate": "2012-07-24", "positionDirect": 1274823, "positionDirectDate": "2012-07-24"}, {"maxAge": 1, "name": "Procter & Gamble India Holdings BV", "relation": "Institution- Corporation", "url": "", "transactionDescription": "Purchase", "latestTransDate": "2018-12-03", "positionDirect": 8601071, "positionDirectDate": "2018-12-03"}], "maxAge": 1}, "calendarEvents": {"maxAge": 1, "earnings": {"earningsDate": []}, "exDividendDate": "2020-11-19 05:30:00"}, "upgradeDowngradeHistory": {"history": [], "maxAge": 86400}, "price": {"maxAge": 1, "regularMarketChangePercent": -7.844551e-05, "regularMarketChange": -0.5, "regularMarketTime": "2021-04-30 15:29:59", "priceHint": 2, "regularMarketPrice": 6373.35, "regularMarketDayHigh": 6448.0, "regularMarketDayLow": 6313.0, "regularMarketVolume": 4541, "averageDailyVolume10Day": 13710, "averageDailyVolume3Month": 13604, "regularMarketPreviousClose": 6373.85, "regularMarketSource": "FREE_REALTIME", "regularMarketOpen": 6380.0, "exchange": "NSI", "exchangeName": "NSE", "exchangeDataDelayedBy": 15, "marketState": "CLOSED", "quoteType": "EQUITY", "symbol": "PGHL.NS", "underlyingSymbol": null, "shortName": "PROCTER & GAMBLE HEALTH L", "longName": "Procter & Gamble Health Limited", "currency": "INR", "quoteSourceName": "Delayed Quote", "currencySymbol": "\u20b9", "fromCurrency": null, "lastMarket": null, "marketCap": 105761923072}, "balanceSheetHistory": {"balanceSheetStatements": [{"maxAge": 1, "endDate": "2020-06-30", "cash": 6390900000, "netReceivables": 993700000, "inventory": 1360000000, "otherCurrentAssets": 779800000, "totalCurrentAssets": 9561900000, "propertyPlantEquipment": 1191600000, "intangibleAssets": 2100000, "otherAssets": 1001800000, "deferredLongTermAssetCharges": 151500000, "totalAssets": 11757400000, "accountsPayable": 1239600000, "otherCurrentLiab": 264100000, "otherLiab": 420600000, "totalCurrentLiabilities": 2273400000, "totalLiab": 2694000000, "commonStock": 166000000, "retainedEarnings": 8761500000, "treasuryStock": 24600000, "capitalSurplus": 111300000, "otherStockholderEquity": 24600000, "totalStockholderEquity": 9063400000, "netTangibleAssets": 9061300000}, {"maxAge": 1, "endDate": "2019-12-31", "cash": 5675360000, "netReceivables": 819030000, "inventory": 1143240000, "otherCurrentAssets": 816410000, "totalCurrentAssets": 8454040000, "propertyPlantEquipment": 1086410000, "intangibleAssets": 3370000, "otherAssets": 1122990000, "deferredLongTermAssetCharges": 146120000, "totalAssets": 10666810000, "accountsPayable": 873600000, "otherCurrentLiab": 1351630000, "otherLiab": 273440000, "totalCurrentLiabilities": 2225230000, "totalLiab": 2498670000, "commonStock": 165990000, "treasuryStock": 8002150000, "otherStockholderEquity": 8002150000, "totalStockholderEquity": 8168140000, "netTangibleAssets": 8164770000}, {"maxAge": 1, "endDate": "2018-12-31", "cash": 12434200000, "netReceivables": 915900000, "inventory": 1149400000, "otherCurrentAssets": 791000000, "totalCurrentAssets": 15343000000, "propertyPlantEquipment": 1166800000, "intangibleAssets": 4300000, "otherAssets": 1080500000, "deferredLongTermAssetCharges": 180300000, "totalAssets": 17594600000, "accountsPayable": 914200000, "otherCurrentLiab": 291300000, "otherLiab": 265400000, "totalCurrentLiabilities": 1928100000, "totalLiab": 2193500000, "commonStock": 166000000, "retainedEarnings": 15118600000, "treasuryStock": 5200000, "capitalSurplus": 111300000, "otherStockholderEquity": 5200000, "totalStockholderEquity": 15401100000, "netTangibleAssets": 15396800000}, {"maxAge": 1, "endDate": "2017-12-31", "cash": 2781800000, "netReceivables": 1373100000, "inventory": 1732900000, "otherCurrentAssets": 848500000, "totalCurrentAssets": 7523300000, "propertyPlantEquipment": 1231800000, "intangibleAssets": 7900000, "otherAssets": 1149200000, "deferredLongTermAssetCharges": 308000000, "totalAssets": 9912200000, "accountsPayable": 832800000, "otherCurrentLiab": 422600000, "otherLiab": 327000000, "totalCurrentLiabilities": 2252600000, "totalLiab": 2579600000, "commonStock": 166000000, "retainedEarnings": 7050100000, "treasuryStock": 5200000, "capitalSurplus": 111300000, "otherStockholderEquity": 5200000, "totalStockholderEquity": 7332600000, "netTangibleAssets": 7324700000}], "maxAge": 86400}, "financialData": {"maxAge": 86400, "currentPrice": 6373.35, "recommendationKey": "none", "totalCash": 3437700096, "totalCashPerShare": 207.133, "ebitda": 2767263488, "totalDebt": 95200000, "quickRatio": 2.896, "currentRatio": 4.163, "totalRevenue": 9308479488, "debtToEquity": 1.476, "revenuePerShare": 560.093, "grossProfits": 5680200000, "earningsGrowth": 0.777, "revenueGrowth": 0.015, "grossMargins": 0.65521, "ebitdaMargins": 0.29728, "operatingMargins": 0.2688, "profitMargins": 0.23536, "financialCurrency": "INR"}}}