{"PGIL.NS": {"assetProfile": {"address1": "Pearl Tower", "address2": "Plot No. 51 Sector-32", "city": "Gurugram", "zip": "122001", "country": "India", "phone": "91 12 4465 1000", "fax": "91 12 4465 1010", "website": "http://www.pearlglobal.com", "industry": "Apparel Manufacturing", "sector": "Consumer Cyclical", "longBusinessSummary": "Pearl Global Industries Limited, together with its subsidiaries, manufactures and exports readymade garments. The company offers knits, woven, and bottoms for men, women, and kids. It also provides supply chain solutions. The company offers its products through retailers in India, the United States, Europe, Bangladesh, Indonesia, Hong Kong, Vietnam, Spain, the United Kingdom, and internationally. In addition, it is involved in the trading of garments through online. The company was formerly known as House of Pearl Fashions Limited. Pearl Global Industries Limited was founded in 1987 and is based in Gurugram, India.", "fullTimeEmployees": 6840, "companyOfficers": [{"maxAge": 1, "name": "Mr. Pulkit  Seth", "age": 40, "title": "Vice-Chairman & MD", "yearBorn": 1980, "fiscalYear": 2020, "totalPay": 15548600, "exercisedValue": 0, "unexercisedValue": 0}, {"maxAge": 1, "name": "Mr. Pallab  Banerjee", "age": 52, "title": "Group Pres", "yearBorn": 1968, "exercisedValue": 0, "unexercisedValue": 0}, {"maxAge": 1, "name": "Mr. Manish  Sareen", "age": 49, "title": "Sr. VP of Marketing & Operations", "yearBorn": 1971, "exercisedValue": 0, "unexercisedValue": 0}, {"maxAge": 1, "name": "Mr. Ashutosh  Sharma", "age": 41, "title": "Assistant VP of Human Resource", "yearBorn": 1979, "exercisedValue": 0, "unexercisedValue": 0}, {"maxAge": 1, "name": "Ms. Shifalli  Seth", "age": 39, "title": "Whole-Time Director", "yearBorn": 1981, "fiscalYear": 2020, "totalPay": 6923600, "exercisedValue": 0, "unexercisedValue": 0}, {"maxAge": 1, "name": "Mr. Pankaj  Bhasin", "age": 47, "title": "Chief Exec. Officer of Sampling & Merchandising", "yearBorn": 1973, "exercisedValue": 0, "unexercisedValue": 0}, {"maxAge": 1, "name": "Mr. Amit  Mohan", "age": 54, "title": "Group Chief Financial Officer", "yearBorn": 1966, "exercisedValue": 0, "unexercisedValue": 0}, {"maxAge": 1, "name": "Mr. Sumit  Kumar", "age": 38, "title": "Exec. Assistant Chairman", "yearBorn": 1982, "exercisedValue": 0, "unexercisedValue": 0}, {"maxAge": 1, "name": "Mr. Sundeep  Chatrath", "age": 53, "title": "Chief Operating Officer of Knits Division - India", "yearBorn": 1967, "exercisedValue": 0, "unexercisedValue": 0}, {"maxAge": 1, "name": "Mr. Praveen  Choudhary", "age": 41, "title": "Financial Controller", "yearBorn": 1979, "exercisedValue": 0, "unexercisedValue": 0}], "compensationAsOfEpochDate": "2020-12-31 05:30:00", "maxAge": 86400}, "recommendationTrend": {"trend": [{"period": "0m", "strongBuy": 0, "buy": 0, "hold": 0, "sell": 0, "strongSell": 0}, {"period": "-1m", "strongBuy": 0, "buy": 1, "hold": 0, "sell": 0, "strongSell": 0}, {"period": "-2m", "strongBuy": 0, "buy": 1, "hold": 0, "sell": 0, "strongSell": 0}, {"period": "-3m", "strongBuy": 0, "buy": 1, "hold": 0, "sell": 0, "strongSell": 0}], "maxAge": 86400}, "cashflowStatementHistory": {"cashflowStatements": [{"maxAge": 1, "endDate": "2020-03-31", "netIncome": 215644000, "depreciation": 420440000, "changeToNetincome": 444799000, "changeToAccountReceivables": 6116000, "changeToLiabilities": 3754000, "changeToInventory": -275516000, "changeToOperatingActivities": -178073000, "totalCashFromOperatingActivities": 637164000, "capitalExpenditures": -989603000, "investments": 9484000, "otherCashflowsFromInvestingActivities": 129221000, "totalCashflowsFromInvestingActivities": -845251000, "dividendsPaid": -67522000, "netBorrowings": 484513000, "otherCashflowsFromFinancingActivities": -271427000, "totalCashFromFinancingActivities": 145564000, "changeInCash": -62523000}, {"maxAge": 1, "endDate": "2019-03-31", "netIncome": 672802000, "depreciation": 258948000, "changeToNetincome": -46304000, "changeToAccountReceivables": -843911000, "changeToLiabilities": 723634000, "changeToInventory": -262826000, "changeToOperatingActivities": 245498000, "totalCashFromOperatingActivities": 747841000, "capitalExpenditures": -895128000, "investments": 20380000, "otherCashflowsFromInvestingActivities": 260006000, "totalCashflowsFromInvestingActivities": -585932000, "dividendsPaid": -43097000, "netBorrowings": 173218000, "otherCashflowsFromFinancingActivities": -271200000, "totalCashFromFinancingActivities": -141079000, "changeInCash": 20828000}, {"maxAge": 1, "endDate": "2018-03-31", "netIncome": 240811000, "depreciation": 221693000, "changeToNetincome": 147807000, "changeToAccountReceivables": 163019000, "changeToLiabilities": -80405000, "changeToInventory": 55426000, "changeToOperatingActivities": -418182000, "totalCashFromOperatingActivities": 334843000, "capitalExpenditures": -348295000, "investments": -224279000, "otherCashflowsFromInvestingActivities": 162718000, "totalCashflowsFromInvestingActivities": -584737000, "dividendsPaid": -64066000, "netBorrowings": 624464000, "otherCashflowsFromFinancingActivities": -252002000, "totalCashFromFinancingActivities": 308396000, "changeInCash": 58503000}, {"maxAge": 1, "endDate": "2017-03-31", "netIncome": 406176000, "depreciation": 188612000, "changeToNetincome": -21084000, "changeToAccountReceivables": 312743000, "changeToLiabilities": -586259000, "changeToInventory": -406001000, "changeToOperatingActivities": 252499000, "totalCashFromOperatingActivities": 150518000, "capitalExpenditures": -639536000, "investments": 96331000, "otherCashflowsFromInvestingActivities": 123384000, "totalCashflowsFromInvestingActivities": -488764000, "dividendsPaid": -10832000, "netBorrowings": 359452000, "otherCashflowsFromFinancingActivities": -235428000, "totalCashFromFinancingActivities": 113192000, "changeInCash": -225054000}], "maxAge": 86400}, "indexTrend": {"maxAge": 1, "symbol": "SP5", "peRatio": 19.7411, "pegRatio": 1.34172, "estimates": [{"period": "0q", "growth": 0.549}, {"period": "+1q", "growth": 0.431}, {"period": "0y", "growth": 0.305}, {"period": "+1y", "growth": 0.109}, {"period": "+5y", "growth": 0.120865}, {"period": "-5y"}]}, "defaultKeyStatistics": {"maxAge": 1, "priceHint": 2, "enterpriseValue": 7307687936, "profitMargins": 0.00133, "floatShares": 4488759, "sharesOutstanding": 21663900, "heldPercentInsiders": 0.78209996, "heldPercentInstitutions": 0.07086, "beta": 0.521242, "category": null, "bookValue": 227.929, "priceToBook": 0.7805062, "fundFamily": null, "legalType": null, "lastFiscalYearEnd": "2020-03-31 05:30:00", "nextFiscalYearEnd": "2022-03-31 05:30:00", "mostRecentQuarter": "2020-12-31 05:30:00", "earningsQuarterlyGrowth": 1.065, "netIncomeToCommon": 19738000, "trailingEps": 0.908, "forwardEps": 20.09, "lastSplitFactor": null, "enterpriseToRevenue": 0.492, "enterpriseToEbitda": 23.38}, "industryTrend": {"maxAge": 1, "symbol": null, "estimates": []}, "quoteType": {"exchange": "NSI", "quoteType": "EQUITY", "symbol": "PGIL.NS", "underlyingSymbol": "PGIL.NS", "shortName": "PEARL GLOBAL INDUS", "longName": "Pearl Global Industries Limited", "firstTradeDateEpochUtc": "2007-02-15 09:15:00", "timeZoneFullName": "Asia/Kolkata", "timeZoneShortName": "IST", "uuid": "f60284b4-9f6b-3368-99b8-ac17cc639d7e", "gmtOffSetMilliseconds": 19800000, "maxAge": 1}, "incomeStatementHistory": {"incomeStatementHistory": [{"maxAge": 1, "endDate": "2020-03-31", "totalRevenue": 16851258000, "costOfRevenue": 8189970000, "grossProfit": 8661288000, "researchDevelopment": {}, "sellingGeneralAdministrative": 4013057000, "nonRecurring": {}, "otherOperatingExpenses": 3976392000, "totalOperatingExpenses": 16602490000, "operatingIncome": 248768000, "totalOtherIncomeExpenseNet": 63573000, "ebit": 248768000, "interestExpense": -353898000, "incomeBeforeTax": 312341000, "incomeTaxExpense": 95058000, "minorityInterest": 129644000, "netIncomeFromContinuingOps": 217283000, "discontinuedOperations": {}, "extraordinaryItems": {}, "effectOfAccountingCharges": {}, "otherItems": {}, "netIncome": 215644000, "netIncomeApplicableToCommonShares": 215644000}, {"maxAge": 1, "endDate": "2019-03-31", "totalRevenue": 17574978000, "costOfRevenue": 8840891000, "grossProfit": 8734087000, "researchDevelopment": {}, "sellingGeneralAdministrative": 3838318000, "nonRecurring": {}, "otherOperatingExpenses": 3991450000, "totalOperatingExpenses": 16939985000, "operatingIncome": 634993000, "totalOtherIncomeExpenseNet": 194400000, "ebit": 634993000, "interestExpense": -241383000, "incomeBeforeTax": 829393000, "incomeTaxExpense": 158301000, "minorityInterest": 115326000, "netIncomeFromContinuingOps": 671092000, "discontinuedOperations": {}, "extraordinaryItems": {}, "effectOfAccountingCharges": {}, "otherItems": {}, "netIncome": 672802000, "netIncomeApplicableToCommonShares": 672802000}, {"maxAge": 1, "endDate": "2018-03-31", "totalRevenue": 14960401000, "costOfRevenue": 8340311000, "grossProfit": 6620090000, "researchDevelopment": {}, "sellingGeneralAdministrative": 2567673000, "nonRecurring": {}, "otherOperatingExpenses": 3783056000, "totalOperatingExpenses": 14928976000, "operatingIncome": 31425000, "totalOtherIncomeExpenseNet": 292620000, "ebit": 31425000, "interestExpense": -223121000, "incomeBeforeTax": 324045000, "incomeTaxExpense": 93152000, "minorityInterest": 96510000, "netIncomeFromContinuingOps": 230893000, "discontinuedOperations": {}, "extraordinaryItems": {}, "effectOfAccountingCharges": {}, "otherItems": {}, "netIncome": 240811000, "netIncomeApplicableToCommonShares": 240811000}, {"maxAge": 1, "endDate": "2017-03-31", "totalRevenue": 15380552000, "costOfRevenue": 8563733000, "grossProfit": 6816819000, "researchDevelopment": {}, "sellingGeneralAdministrative": 2409338000, "nonRecurring": {}, "otherOperatingExpenses": 3781507000, "totalOperatingExpenses": 14946988000, "operatingIncome": 433564000, "totalOtherIncomeExpenseNet": 58493000, "ebit": 433564000, "interestExpense": -181336000, "incomeBeforeTax": 492057000, "incomeTaxExpense": 72170000, "minorityInterest": 107334000, "netIncomeFromContinuingOps": 419887000, "discontinuedOperations": {}, "extraordinaryItems": {}, "effectOfAccountingCharges": {}, "otherItems": {}, "netIncome": 406176000, "netIncomeApplicableToCommonShares": 406176000}], "maxAge": 86400}, "fundOwnership": {"ownershipList": [], "maxAge": 1}, "summaryDetail": {"maxAge": 1, "priceHint": 2, "previousClose": 180.55, "open": 178.95, "dayLow": 175.25, "dayHigh": 180.0, "regularMarketPreviousClose": 180.55, "regularMarketOpen": 178.95, "regularMarketDayLow": 175.25, "regularMarketDayHigh": 180.0, "exDividendDate": "2019-09-16 05:30:00", "payoutRatio": 0.0, "beta": 0.521242, "trailingPE": 195.92511, "forwardPE": 8.855151, "volume": 1250, "regularMarketVolume": 1250, "averageVolume": 7043, "averageVolume10days": 1121, "averageDailyVolume10Day": 1121, "bid": 0.0, "ask": 0.0, "bidSize": 0, "askSize": 0, "marketCap": 3884962304, "fiftyTwoWeekLow": 89.55, "fiftyTwoWeekHigh": 204.85, "priceToSalesTrailing12Months": 0.26168177, "fiftyDayAverage": 169.72424, "twoHundredDayAverage": 172.71965, "trailingAnnualDividendRate": 3.0, "trailingAnnualDividendYield": 0.016615896, "currency": "INR", "fromCurrency": null, "lastMarket": null, "algorithm": null, "tradeable": false}, "insiderHolders": {"holders": [{"maxAge": 1, "name": "Reliance Capital Trustee Co Ltd Reliance Long term Equity Fu", "relation": "Investment Advisor", "url": "", "transactionDescription": "Sale", "latestTransDate": "2010-11-11", "positionDirect": 850000, "positionDirectDate": "2010-11-11"}, {"maxAge": 1, "name": "Seth (Deepak)", "relation": "Chairman of the Board", "url": "", "transactionDescription": "Gift", "latestTransDate": "2018-03-26", "positionDirect": 2862145, "positionDirectDate": "2018-03-26"}, {"maxAge": 1, "name": "Seth (Pallak)", "relation": "Vice Chairman", "url": "", "transactionDescription": "Gift", "latestTransDate": "2018-03-26", "positionDirect": 0, "positionDirectDate": "2018-03-26"}, {"maxAge": 1, "name": "Seth (Payel)", "relation": "Promoter", "url": "", "transactionDescription": "Other", "latestTransDate": "2015-10-29", "positionDirect": 4413635, "positionDirectDate": "2015-10-29"}, {"maxAge": 1, "name": "Seth (Pulkit)", "relation": "Vice Chairman", "url": "", "transactionDescription": "Other", "latestTransDate": "2015-10-29", "positionDirect": 6947621, "positionDirectDate": "2015-10-29"}, {"maxAge": 1, "name": "Seth (Shefali)", "relation": "Wholetime Director", "url": "", "transactionDescription": "Other", "latestTransDate": "2015-10-29", "positionDirect": 201478, "positionDirectDate": "2015-10-29"}, {"maxAge": 1, "name": "Seth (Sunil Pal)", "relation": "Promoter", "url": "", "transactionDescription": "Other", "latestTransDate": "2015-10-29", "positionDirect": 0, "positionDirectDate": "2015-10-29"}], "maxAge": 1}, "calendarEvents": {"maxAge": 1, "earnings": {"earningsDate": [], "revenueAverage": 3299200000}, "exDividendDate": "2019-09-16 05:30:00"}, "upgradeDowngradeHistory": {"history": [], "maxAge": 86400}, "price": {"maxAge": 1, "regularMarketChangePercent": -0.014677424, "regularMarketChange": -2.6500092, "regularMarketTime": "2021-04-30 15:28:16", "priceHint": 2, "regularMarketPrice": 177.9, "regularMarketDayHigh": 180.0, "regularMarketDayLow": 175.25, "regularMarketVolume": 1250, "averageDailyVolume10Day": 1121, "averageDailyVolume3Month": 7043, "regularMarketPreviousClose": 180.55, "regularMarketSource": "FREE_REALTIME", "regularMarketOpen": 178.95, "exchange": "NSI", "exchangeName": "NSE", "exchangeDataDelayedBy": 15, "marketState": "CLOSED", "quoteType": "EQUITY", "symbol": "PGIL.NS", "underlyingSymbol": null, "shortName": "PEARL GLOBAL INDUS", "longName": "Pearl Global Industries Limited", "currency": "INR", "quoteSourceName": "Delayed Quote", "currencySymbol": "\u20b9", "fromCurrency": null, "lastMarket": null, "marketCap": 3884962304}, "balanceSheetHistory": {"balanceSheetStatements": [{"maxAge": 1, "endDate": "2020-03-31", "cash": 880889000, "shortTermInvestments": 213698000, "netReceivables": 2871688000, "inventory": 2638733000, "otherCurrentAssets": 327012000, "totalCurrentAssets": 7091680000, "longTermInvestments": 334948000, "propertyPlantEquipment": 3652533000, "goodWill": 179266000, "intangibleAssets": 8476000, "otherAssets": 1256167000, "deferredLongTermAssetCharges": 8761000, "totalAssets": 12523070000, "accountsPayable": 1810667000, "shortLongTermDebt": 276920000, "otherCurrentLiab": 316571000, "longTermDebt": 998368000, "otherLiab": 557291000, "minorityInterest": 129644000, "totalCurrentLiabilities": 5133285000, "totalLiab": 7387687000, "commonStock": 216639000, "retainedEarnings": 2619346000, "treasuryStock": 459364000, "capitalSurplus": 1710390000, "otherStockholderEquity": 459364000, "totalStockholderEquity": 5005739000, "netTangibleAssets": 4817997000}, {"maxAge": 1, "endDate": "2019-03-31", "cash": 943412000, "shortTermInvestments": 244215000, "netReceivables": 2704364000, "inventory": 2363217000, "otherCurrentAssets": 337438000, "totalCurrentAssets": 6669356000, "longTermInvestments": 372864000, "propertyPlantEquipment": 2513451000, "goodWill": 189756000, "intangibleAssets": 11494000, "otherAssets": 1258413000, "deferredLongTermAssetCharges": 10400000, "totalAssets": 11015334000, "accountsPayable": 1810647000, "shortLongTermDebt": 168089000, "otherCurrentLiab": 371309000, "longTermDebt": 810676000, "otherLiab": 598470000, "minorityInterest": 115326000, "totalCurrentLiabilities": 4792189000, "totalLiab": 6201335000, "commonStock": 216639000, "retainedEarnings": 2502559000, "treasuryStock": 269085000, "capitalSurplus": 1710390000, "otherStockholderEquity": 269085000, "totalStockholderEquity": 4698673000, "netTangibleAssets": 4497423000}, {"maxAge": 1, "endDate": "2018-03-31", "cash": 922583000, "shortTermInvestments": 214735000, "netReceivables": 1850858000, "inventory": 2100391000, "otherCurrentAssets": 299001000, "totalCurrentAssets": 5494917000, "longTermInvestments": 351000000, "propertyPlantEquipment": 1874236000, "goodWill": 181774000, "intangibleAssets": 13483000, "otherAssets": 1451260000, "deferredLongTermAssetCharges": 31564000, "totalAssets": 9366670000, "accountsPayable": 1092530000, "shortLongTermDebt": 528818000, "otherCurrentLiab": 442737000, "longTermDebt": 489892000, "otherLiab": 565613000, "minorityInterest": 96510000, "totalCurrentLiabilities": 4263318000, "totalLiab": 5318823000, "commonStock": 216639000, "retainedEarnings": 1877447000, "treasuryStock": 146861000, "capitalSurplus": 1710390000, "otherStockholderEquity": 146861000, "totalStockholderEquity": 3951337000, "netTangibleAssets": 3756080000}, {"maxAge": 1, "endDate": "2017-03-31", "cash": 864080000, "shortTermInvestments": 198944000, "netReceivables": 2091021000, "inventory": 2155817000, "otherCurrentAssets": 291003000, "totalCurrentAssets": 5764461000, "longTermInvestments": 240601000, "propertyPlantEquipment": 1887253000, "goodWill": 56068000, "intangibleAssets": 16424000, "otherAssets": 1192266000, "deferredLongTermAssetCharges": 20336000, "totalAssets": 9157073000, "accountsPayable": 1176015000, "shortLongTermDebt": 124416000, "otherCurrentLiab": 837404000, "longTermDebt": 368669000, "otherLiab": 521475000, "minorityInterest": 107334000, "totalCurrentLiabilities": 4354741000, "totalLiab": 5244885000, "commonStock": 216639000, "retainedEarnings": 1739795000, "treasuryStock": 138030000, "capitalSurplus": 1710390000, "otherStockholderEquity": 138030000, "totalStockholderEquity": 3804854000, "netTangibleAssets": 3732362000}], "maxAge": 86400}, "earningsTrend": {"trend": [{"maxAge": 1, "period": "0q", "endDate": "2017-12-31", "growth": {}, "earningsEstimate": {"avg": 0.0, "low": 0.0, "high": 0.0, "yearAgoEps": {}, "numberOfAnalysts": 0, "growth": {}}, "revenueEstimate": {"avg": 3299200000, "low": 0, "high": 0, "numberOfAnalysts": 0, "yearAgoRevenue": {}, "growth": {}}, "epsTrend": {"current": 0.0, "7daysAgo": 0.0, "30daysAgo": 0.0, "60daysAgo": 0.0, "90daysAgo": 0.0}, "epsRevisions": {"upLast7days": 0, "upLast30days": 0, "downLast30days": 0, "downLast90days": {}}}, {"maxAge": 1, "period": "+1q", "endDate": "2018-03-31", "growth": {}, "earningsEstimate": {"avg": 0.0, "low": 0.0, "high": 0.0, "yearAgoEps": {}, "numberOfAnalysts": 0, "growth": {}}, "revenueEstimate": {"avg": 4627570000, "low": 0, "high": 0, "numberOfAnalysts": 0, "yearAgoRevenue": 5398350000, "growth": -0.143}, "epsTrend": {"current": 0.0, "7daysAgo": 0.0, "30daysAgo": 0.0, "60daysAgo": 0.0, "90daysAgo": 0.0}, "epsRevisions": {"upLast7days": 0, "upLast30days": 0, "downLast30days": 0, "downLast90days": {}}}, {"maxAge": 1, "period": "0y", "endDate": "2018-03-31", "growth": {}, "earningsEstimate": {"avg": 0.0, "low": 0.0, "high": 0.0, "yearAgoEps": {}, "numberOfAnalysts": 0, "growth": {}}, "revenueEstimate": {"avg": 15436000000, "low": 16842300000, "high": 16842300000, "numberOfAnalysts": 1, "yearAgoRevenue": 15513100000, "growth": -0.005}, "epsTrend": {"current": 0.0, "7daysAgo": 18.04, "30daysAgo": 18.04, "60daysAgo": 18.04, "90daysAgo": 18.04}, "epsRevisions": {"upLast7days": 0, "upLast30days": 0, "downLast30days": 0, "downLast90days": {}}}, {"maxAge": 1, "period": "+1y", "endDate": "2019-03-31", "growth": {}, "earningsEstimate": {"avg": 0.0, "low": 0.0, "high": 0.0, "yearAgoEps": {}, "numberOfAnalysts": 0, "growth": {}}, "revenueEstimate": {"avg": 18459100000, "low": 18459100000, "high": 18459100000, "numberOfAnalysts": 1, "yearAgoRevenue": 15436000000, "growth": 0.19600001}, "epsTrend": {"current": 0.0, "7daysAgo": 20.09, "30daysAgo": 20.09, "60daysAgo": 20.09, "90daysAgo": 20.09}, "epsRevisions": {"upLast7days": 0, "upLast30days": 0, "downLast30days": 0, "downLast90days": {}}}, {"maxAge": 1, "period": "+5y", "endDate": null, "growth": {}, "earningsEstimate": {"avg": {}, "low": {}, "high": {}, "yearAgoEps": {}, "numberOfAnalysts": {}, "growth": {}}, "revenueEstimate": {"avg": {}, "low": {}, "high": {}, "numberOfAnalysts": {}, "yearAgoRevenue": {}, "growth": {}}, "epsTrend": {"current": {}, "7daysAgo": {}, "30daysAgo": {}, "60daysAgo": {}, "90daysAgo": {}}, "epsRevisions": {"upLast7days": {}, "upLast30days": {}, "downLast30days": {}, "downLast90days": {}}}, {"maxAge": 1, "period": "-5y", "endDate": null, "growth": {}, "earningsEstimate": {"avg": {}, "low": {}, "high": {}, "yearAgoEps": {}, "numberOfAnalysts": {}, "growth": {}}, "revenueEstimate": {"avg": {}, "low": {}, "high": {}, "numberOfAnalysts": {}, "yearAgoRevenue": {}, "growth": {}}, "epsTrend": {"current": {}, "7daysAgo": {}, "30daysAgo": {}, "60daysAgo": {}, "90daysAgo": {}}, "epsRevisions": {"upLast7days": {}, "upLast30days": {}, "downLast30days": {}, "downLast90days": {}}}], "maxAge": 1}, "institutionOwnership": {"ownershipList": [], "maxAge": 1}, "majorHoldersBreakdown": {"maxAge": 1, "insidersPercentHeld": 0.78209996, "institutionsPercentHeld": 0.07086, "institutionsFloatPercentHeld": 0.32521, "institutionsCount": 3}, "balanceSheetHistoryQuarterly": {"balanceSheetStatements": [{"maxAge": 1, "endDate": "2020-12-31", "totalStockholderEquity": 4939354000, "netTangibleAssets": 4756747000}, {"maxAge": 1, "endDate": "2020-09-30", "cash": 1057555000, "shortTermInvestments": 176366000, "netReceivables": 3042493000, "inventory": 3029406000, "otherCurrentAssets": 705890000, "totalCurrentAssets": 8011710000, "longTermInvestments": 532827000, "propertyPlantEquipment": 3517405000, "goodWill": 176193000, "intangibleAssets": 6414000, "otherAssets": 1107424000, "deferredLongTermAssetCharges": 6868000, "totalAssets": 13351973000, "accountsPayable": 2437304000, "otherCurrentLiab": 769692000, "longTermDebt": 1210389000, "otherLiab": 571159000, "minorityInterest": 116282000, "totalCurrentLiabilities": 5855051000, "totalLiab": 8296337000, "commonStock": 216639000, "treasuryStock": 4722715000, "otherStockholderEquity": 4722715000, "totalStockholderEquity": 4939354000, "netTangibleAssets": 4756747000}, {"maxAge": 1, "endDate": "2020-06-30", "totalStockholderEquity": 5005739000, "netTangibleAssets": 4817997000}, {"maxAge": 1, "endDate": "2020-03-31", "cash": 880889000, "shortTermInvestments": 213698000, "netReceivables": 2871688000, "inventory": 2638733000, "otherCurrentAssets": 327012000, "totalCurrentAssets": 7091680000, "longTermInvestments": 334948000, "propertyPlantEquipment": 3652533000, "goodWill": 179266000, "intangibleAssets": 8476000, "otherAssets": 1256167000, "deferredLongTermAssetCharges": 8761000, "totalAssets": 12523070000, "accountsPayable": 1810667000, "shortLongTermDebt": 276920000, "otherCurrentLiab": 316571000, "longTermDebt": 998368000, "otherLiab": 557291000, "minorityInterest": 129644000, "totalCurrentLiabilities": 5133285000, "totalLiab": 7387687000, "commonStock": 216639000, "retainedEarnings": 2619346000, "treasuryStock": 459364000, "capitalSurplus": 1710390000, "otherStockholderEquity": 459364000, "totalStockholderEquity": 5005739000, "netTangibleAssets": 4817997000}], "maxAge": 86400}, "earningsHistory": {"history": [{"maxAge": 1, "epsActual": {}, "epsEstimate": {}, "epsDifference": {}, "surprisePercent": {}, "quarter": {}, "period": "-4q"}, {"maxAge": 1, "epsActual": {}, "epsEstimate": {}, "epsDifference": {}, "surprisePercent": {}, "quarter": {}, "period": "-3q"}, {"maxAge": 1, "epsActual": 6.43, "epsEstimate": 6.83, "epsDifference": -0.4, "surprisePercent": -0.059, "quarter": "2017-06-30", "period": "-2q"}, {"maxAge": 1, "epsActual": -2.82, "epsEstimate": 2.09, "epsDifference": -4.91, "surprisePercent": -2.349, "quarter": "2017-09-30", "period": "-1q"}], "maxAge": 86400}, "summaryProfile": {"address1": "Pearl Tower", "address2": "Plot No. 51 Sector-32", "city": "Gurugram", "zip": "122001", "country": "India", "phone": "91 12 4465 1000", "fax": "91 12 4465 1010", "website": "http://www.pearlglobal.com", "industry": "Apparel Manufacturing", "sector": "Consumer Cyclical", "longBusinessSummary": "Pearl Global Industries Limited, together with its subsidiaries, manufactures and exports readymade garments. The company offers knits, woven, and bottoms for men, women, and kids. It also provides supply chain solutions. The company offers its products through retailers in India, the United States, Europe, Bangladesh, Indonesia, Hong Kong, Vietnam, Spain, the United Kingdom, and internationally. In addition, it is involved in the trading of garments through online. The company was formerly known as House of Pearl Fashions Limited. Pearl Global Industries Limited was founded in 1987 and is based in Gurugram, India.", "fullTimeEmployees": 6840, "companyOfficers": [], "maxAge": 86400}, "netSharePurchaseActivity": {"maxAge": 1, "period": "6m", "buyInfoCount": 0, "buyInfoShares": 0, "sellInfoCount": 0, "netInfoCount": 0, "netInfoShares": 0, "netPercentInsiderShares": 0.0, "totalInsiderShares": 16958062}, "insiderTransactions": {"transactions": [{"maxAge": 1, "shares": 1317646, "filerUrl": "", "transactionText": "", "filerName": "Seth (Deepak)", "filerRelation": "Chairman of the Board", "moneyText": "", "startDate": "2018-03-26", "ownership": "D"}, {"maxAge": 1, "shares": 1317646, "filerUrl": "", "transactionText": "", "filerName": "Seth (Pallak)", "filerRelation": "Vice Chairman", "moneyText": "", "startDate": "2018-03-26", "ownership": "D"}, {"maxAge": 1, "shares": 5436237, "filerUrl": "", "transactionText": "", "filerName": "Seth (Payel)", "filerRelation": "Promoter", "moneyText": "", "startDate": "2015-10-29", "ownership": "D"}, {"maxAge": 1, "shares": 5436237, "filerUrl": "", "transactionText": "", "filerName": "Seth (Pulkit)", "filerRelation": "Vice Chairman", "moneyText": "", "startDate": "2015-10-29", "ownership": "D"}, {"maxAge": 1, "shares": 201448, "filerUrl": "", "transactionText": "", "filerName": "Seth (Shefali)", "filerRelation": "Wholetime Director", "moneyText": "", "startDate": "2015-10-29", "ownership": "D"}, {"maxAge": 1, "shares": 201448, "filerUrl": "", "transactionText": "", "filerName": "Seth (Sunil Pal)", "filerRelation": "Promoter", "moneyText": "", "startDate": "2015-10-29", "ownership": "D"}, {"maxAge": 1, "shares": 415974, "filerUrl": "", "transactionText": "", "filerName": "Reliance Capital Trustee Co Ltd Reliance Long term Equity Fu", "filerRelation": "Investment Advisor", "moneyText": "", "startDate": "2010-11-11", "ownership": "D"}, {"maxAge": 1, "shares": 50000, "filerUrl": "", "transactionText": "", "filerName": "Reliance Capital Trustee Co Ltd Reliance Long term Equity Fu", "filerRelation": "Investment Advisor", "moneyText": "", "startDate": "2010-08-13", "ownership": "D"}], "maxAge": 1}, "sectorTrend": {"maxAge": 1, "symbol": null, "estimates": []}, "incomeStatementHistoryQuarterly": {"incomeStatementHistory": [{"maxAge": 1, "endDate": "2020-12-31", "totalRevenue": 3601195000, "costOfRevenue": 1624531000, "grossProfit": 1976664000, "researchDevelopment": {}, "sellingGeneralAdministrative": 1011516000, "nonRecurring": {}, "otherOperatingExpenses": 867773000, "totalOperatingExpenses": 3612864000, "operatingIncome": -11669000, "totalOtherIncomeExpenseNet": 81411000, "ebit": -11669000, "interestExpense": -108022000, "incomeBeforeTax": 69742000, "incomeTaxExpense": -44605000, "minorityInterest": {}, "netIncomeFromContinuingOps": 114347000, "discontinuedOperations": {}, "extraordinaryItems": {}, "effectOfAccountingCharges": {}, "otherItems": {}, "netIncome": 107980000, "netIncomeApplicableToCommonShares": 107980000}, {"maxAge": 1, "endDate": "2020-09-30", "totalRevenue": 4506930000, "costOfRevenue": 2452352000, "grossProfit": 2054578000, "researchDevelopment": {}, "sellingGeneralAdministrative": 772478000, "nonRecurring": {}, "otherOperatingExpenses": 975228000, "totalOperatingExpenses": 4311190000, "operatingIncome": 195740000, "totalOtherIncomeExpenseNet": -52359000, "ebit": 195740000, "interestExpense": -97847000, "incomeBeforeTax": 143381000, "incomeTaxExpense": -7669000, "minorityInterest": 116282000, "netIncomeFromContinuingOps": 151050000, "discontinuedOperations": {}, "extraordinaryItems": {}, "effectOfAccountingCharges": {}, "otherItems": {}, "netIncome": 143676000, "netIncomeApplicableToCommonShares": 143676000}, {"maxAge": 1, "endDate": "2020-06-30", "totalRevenue": 1553267000, "costOfRevenue": 728064000, "grossProfit": 825203000, "researchDevelopment": {}, "sellingGeneralAdministrative": 573382000, "nonRecurring": {}, "otherOperatingExpenses": 363045000, "totalOperatingExpenses": 1772042000, "operatingIncome": -218775000, "totalOtherIncomeExpenseNet": -50417000, "ebit": -218775000, "interestExpense": -94292000, "incomeBeforeTax": -269192000, "incomeTaxExpense": -21643000, "minorityInterest": 116282000, "netIncomeFromContinuingOps": -247549000, "discontinuedOperations": {}, "extraordinaryItems": {}, "effectOfAccountingCharges": {}, "otherItems": {}, "netIncome": -230243000, "netIncomeApplicableToCommonShares": -230243000}, {"maxAge": 1, "endDate": "2020-03-31", "totalRevenue": 5184740000, "costOfRevenue": 2922730000, "grossProfit": 2262010000, "researchDevelopment": {}, "sellingGeneralAdministrative": 1057525000, "nonRecurring": {}, "otherOperatingExpenses": 1050883000, "totalOperatingExpenses": 5150933000, "operatingIncome": 33807000, "totalOtherIncomeExpenseNet": -11616000, "ebit": 33807000, "interestExpense": -64287000, "incomeBeforeTax": 22191000, "incomeTaxExpense": 33583000, "minorityInterest": 129644000, "netIncomeFromContinuingOps": -11392000, "discontinuedOperations": {}, "extraordinaryItems": {}, "effectOfAccountingCharges": {}, "otherItems": {}, "netIncome": -1675000, "netIncomeApplicableToCommonShares": -1675000}], "maxAge": 86400}, "cashflowStatementHistoryQuarterly": {"cashflowStatements": [{"maxAge": 1, "endDate": "2020-12-31", "netIncome": 107980000, "changeToLiabilities": 0}, {"maxAge": 1, "endDate": "2020-09-30", "netIncome": 143676000, "changeToLiabilities": 0}, {"maxAge": 1, "endDate": "2020-06-30", "netIncome": -230243000, "changeToLiabilities": 0}, {"maxAge": 1, "endDate": "2020-03-31", "netIncome": -1675000, "changeToLiabilities": 0}], "maxAge": 86400}, "earnings": {"maxAge": 86400, "earningsChart": {"quarterly": [{"date": "2Q2017", "actual": 6.43, "estimate": 6.83}, {"date": "3Q2017", "actual": -2.82, "estimate": 2.09}], "currentQuarterEstimateDate": "4Q", "currentQuarterEstimateYear": 2017, "earningsDate": []}, "financialsChart": {"yearly": [{"date": 2017, "revenue": 15380552000, "earnings": 406176000}, {"date": 2018, "revenue": 14960401000, "earnings": 240811000}, {"date": 2019, "revenue": 17574978000, "earnings": 672802000}, {"date": 2020, "revenue": 16851258000, "earnings": 215644000}], "quarterly": [{"date": "1Q2020", "revenue": 5184740000, "earnings": -1675000}, {"date": "2Q2020", "revenue": 1553267000, "earnings": -230243000}, {"date": "3Q2020", "revenue": 4506930000, "earnings": 143676000}, {"date": "4Q2020", "revenue": 3601195000, "earnings": 107980000}]}, "financialCurrency": "INR"}, "financialData": {"maxAge": 86400, "currentPrice": 177.9, "recommendationMean": 2.0, "recommendationKey": "buy", "totalCash": 1233921024, "totalCashPerShare": 56.908, "ebitda": 312556512, "totalDebt": 4510510080, "totalRevenue": 14846132224, "debtToEquity": 89.217, "revenuePerShare": 686.186, "grossProfits": 8661288000, "earningsGrowth": 1.066, "revenueGrowth": 0.028, "grossMargins": 0.47948003, "ebitdaMargins": 0.02105, "operatingMargins": -6.0000002e-05, "profitMargins": 0.00133, "financialCurrency": "INR"}}}