{"PGIL.BO": {"recommendationTrend": {"trend": [{"period": "0m", "strongBuy": 0, "buy": 0, "hold": 0, "sell": 0, "strongSell": 0}, {"period": "-1m", "strongBuy": 0, "buy": 0, "hold": 0, "sell": 0, "strongSell": 0}, {"period": "-2m", "strongBuy": 0, "buy": 0, "hold": 0, "sell": 0, "strongSell": 0}, {"period": "-3m", "strongBuy": 0, "buy": 0, "hold": 0, "sell": 0, "strongSell": 0}], "maxAge": 86400}, "cashflowStatementHistory": {"cashflowStatements": [{"maxAge": 1, "endDate": "2020-03-31", "netIncome": 215644000, "depreciation": 420440000, "changeToNetincome": 444799000, "changeToAccountReceivables": 6116000, "changeToLiabilities": 3754000, "changeToInventory": -275516000, "changeToOperatingActivities": -178074000, "totalCashFromOperatingActivities": 637163000, "capitalExpenditures": -989603000, "investments": 9483000, "otherCashflowsFromInvestingActivities": 129222000, "totalCashflowsFromInvestingActivities": -845251000, "dividendsPaid": -67522000, "netBorrowings": 484512000, "otherCashflowsFromFinancingActivities": -271425000, "totalCashFromFinancingActivities": 145565000, "changeInCash": -62523000}, {"maxAge": 1, "endDate": "2019-03-31", "netIncome": 672802000, "depreciation": 254194000, "changeToNetincome": -46305000, "changeToAccountReceivables": -843911000, "changeToLiabilities": 723634000, "changeToInventory": -262826000, "changeToOperatingActivities": 245498000, "totalCashFromOperatingActivities": 747840000, "capitalExpenditures": -895128000, "investments": 20380000, "otherCashflowsFromInvestingActivities": 260006000, "totalCashflowsFromInvestingActivities": -585932000, "dividendsPaid": -43097000, "netBorrowings": 173218000, "otherCashflowsFromFinancingActivities": -271200000, "totalCashFromFinancingActivities": -141079000, "changeInCash": 20829000}, {"maxAge": 1, "endDate": "2018-03-31", "netIncome": 240811000, "depreciation": 221693000, "changeToNetincome": 147807000, "changeToAccountReceivables": 163019000, "changeToLiabilities": -80405000, "changeToInventory": 55426000, "changeToOperatingActivities": -418182000, "totalCashFromOperatingActivities": 334843000, "capitalExpenditures": -348295000, "investments": -224279000, "otherCashflowsFromInvestingActivities": 162718000, "totalCashflowsFromInvestingActivities": -584737000, "dividendsPaid": -64066000, "netBorrowings": 624464000, "otherCashflowsFromFinancingActivities": -252002000, "totalCashFromFinancingActivities": 308396000, "changeInCash": 58503000}, {"maxAge": 1, "endDate": "2017-03-31", "netIncome": 406176000, "depreciation": 188612000, "changeToNetincome": -21084000, "changeToAccountReceivables": 312743000, "changeToLiabilities": -586259000, "changeToInventory": -406001000, "changeToOperatingActivities": 252499000, "totalCashFromOperatingActivities": 150518000, "capitalExpenditures": -639536000, "investments": 96331000, "otherCashflowsFromInvestingActivities": 123384000, "totalCashflowsFromInvestingActivities": -488764000, "dividendsPaid": -10832000, "netBorrowings": 359452000, "otherCashflowsFromFinancingActivities": -235428000, "totalCashFromFinancingActivities": 113192000, "changeInCash": -225054000}], "maxAge": 86400}, "institutionOwnership": {"ownershipList": [], "maxAge": 1}, "balanceSheetHistoryQuarterly": {"balanceSheetStatements": [{"maxAge": 1, "endDate": "2020-06-30", "totalStockholderEquity": 5005739000, "netTangibleAssets": 4817997000}, {"maxAge": 1, "endDate": "2020-03-31", "cash": 1097772000, "shortTermInvestments": 80767000, "netReceivables": 2377371000, "inventory": 2638733000, "otherCurrentAssets": 897038000, "totalCurrentAssets": 7091681000, "longTermInvestments": 444823000, "propertyPlantEquipment": 3652533000, "goodWill": 179266000, "intangibleAssets": 8476000, "otherAssets": 1146291000, "deferredLongTermAssetCharges": 8761000, "totalAssets": 12523070000, "accountsPayable": 1810667000, "otherCurrentLiab": 663221000, "longTermDebt": 998368000, "otherLiab": 557291000, "minorityInterest": 129644000, "totalCurrentLiabilities": 5133285000, "totalLiab": 7387687000, "commonStock": 216639000, "treasuryStock": 4789100000, "otherStockholderEquity": 4789100000, "totalStockholderEquity": 5005739000, "netTangibleAssets": 4817997000}, {"maxAge": 1, "endDate": "2019-12-31", "totalStockholderEquity": 4824735000, "netTangibleAssets": 4629533000}, {"maxAge": 1, "endDate": "2019-09-30", "cash": 1589144000, "shortTermInvestments": 202135000, "netReceivables": 1837810000, "inventory": 2205882000, "otherCurrentAssets": 891077000, "totalCurrentAssets": 6726048000, "longTermInvestments": 481122000, "propertyPlantEquipment": 3471737000, "goodWill": 185480000, "intangibleAssets": 9722000, "otherAssets": 1097694000, "deferredLongTermAssetCharges": 10419000, "totalAssets": 11971803000, "accountsPayable": 1384893000, "otherCurrentLiab": 712006000, "longTermDebt": 1048958000, "otherLiab": 1260470000, "minorityInterest": 128903000, "totalCurrentLiabilities": 4708737000, "totalLiab": 7018165000, "commonStock": 216639000, "treasuryStock": 4608096000, "otherStockholderEquity": 4608096000, "totalStockholderEquity": 4824735000, "netTangibleAssets": 4629533000}], "maxAge": 86400}, "earningsHistory": {"history": [{"maxAge": 1, "epsActual": {}, "epsEstimate": {}, "epsDifference": {}, "surprisePercent": {}, "quarter": {}, "period": "-4q"}, {"maxAge": 1, "epsActual": {}, "epsEstimate": {}, "epsDifference": {}, "surprisePercent": {}, "quarter": {}, "period": "-3q"}, {"maxAge": 1, "epsActual": 6.43, "epsEstimate": 6.83, "epsDifference": -0.4, "surprisePercent": -0.059, "quarter": "2017-06-30", "period": "-2q"}, {"maxAge": 1, "epsActual": -2.82, "epsEstimate": 2.09, "epsDifference": -4.91, "surprisePercent": -2.349, "quarter": "2017-09-30", "period": "-1q"}], "maxAge": 86400}, "indexTrend": {"maxAge": 1, "symbol": "SP5", "peRatio": 19.7411, "pegRatio": 1.34172, "estimates": [{"period": "0q", "growth": 0.549}, {"period": "+1q", "growth": 0.431}, {"period": "0y", "growth": 0.305}, {"period": "+1y", "growth": 0.109}, {"period": "+5y", "growth": 0.120865}, {"period": "-5y"}]}, "industryTrend": {"maxAge": 1, "symbol": null, "estimates": []}, "insiderTransactions": {"transactions": [{"maxAge": 1, "shares": 1317646, "filerUrl": "", "transactionText": "", "filerName": "Seth (Deepak)", "filerRelation": "Chairman of the Board", "moneyText": "", "startDate": "2018-03-26", "ownership": "D"}, {"maxAge": 1, "shares": 1317646, "filerUrl": "", "transactionText": "", "filerName": "Seth (Pallak)", "filerRelation": "Vice Chairman", "moneyText": "", "startDate": "2018-03-26", "ownership": "D"}, {"maxAge": 1, "shares": 5436237, "filerUrl": "", "transactionText": "", "filerName": "Seth (Payel)", "filerRelation": "Promoter", "moneyText": "", "startDate": "2015-10-29", "ownership": "D"}, {"maxAge": 1, "shares": 5436237, "filerUrl": "", "transactionText": "", "filerName": "Seth (Pulkit)", "filerRelation": "Vice Chairman", "moneyText": "", "startDate": "2015-10-29", "ownership": "D"}, {"maxAge": 1, "shares": 201448, "filerUrl": "", "transactionText": "", "filerName": "Seth (Shefali)", "filerRelation": "Wholetime Director", "moneyText": "", "startDate": "2015-10-29", "ownership": "D"}, {"maxAge": 1, "shares": 201448, "filerUrl": "", "transactionText": "", "filerName": "Seth (Sunil Pal)", "filerRelation": "Promoter", "moneyText": "", "startDate": "2015-10-29", "ownership": "D"}, {"maxAge": 1, "shares": 415974, "filerUrl": "", "transactionText": "", "filerName": "Reliance Capital Trustee Co Ltd Reliance Long term Equity Fu", "filerRelation": "Investment Advisor", "moneyText": "", "startDate": "2010-11-11", "ownership": "D"}, {"maxAge": 1, "shares": 50000, "filerUrl": "", "transactionText": "", "filerName": "Reliance Capital Trustee Co Ltd Reliance Long term Equity Fu", "filerRelation": "Investment Advisor", "moneyText": "", "startDate": "2010-08-13", "ownership": "D"}], "maxAge": 1}, "quoteType": {"exchange": "BSE", "quoteType": "EQUITY", "symbol": "PGIL.BO", "underlyingSymbol": "PGIL.BO", "shortName": "PEARL GLOBAL INDUSTRIES LIMITE", "longName": "Pearl Global Industries Limited", "firstTradeDateEpochUtc": "2007-02-15 09:15:00", "timeZoneFullName": "Asia/Kolkata", "timeZoneShortName": "IST", "uuid": "60e8a234-0865-3d7a-8d54-792d5519ce57", "gmtOffSetMilliseconds": 19800000, "maxAge": 1}, "incomeStatementHistory": {"incomeStatementHistory": [{"maxAge": 1, "endDate": "2020-03-31", "totalRevenue": 16851258000, "costOfRevenue": 8083093000, "grossProfit": 8768165000, "researchDevelopment": {}, "sellingGeneralAdministrative": 3932557000, "nonRecurring": {}, "otherOperatingExpenses": 4166400000, "totalOperatingExpenses": 16602490000, "operatingIncome": 248768000, "totalOtherIncomeExpenseNet": 63573000, "ebit": 248768000, "interestExpense": -420104000, "incomeBeforeTax": 312341000, "incomeTaxExpense": 95058000, "minorityInterest": 129644000, "netIncomeFromContinuingOps": 217283000, "discontinuedOperations": {}, "extraordinaryItems": {}, "effectOfAccountingCharges": {}, "otherItems": {}, "netIncome": 215644000, "netIncomeApplicableToCommonShares": 215644000}, {"maxAge": 1, "endDate": "2019-03-31", "totalRevenue": 17574978000, "costOfRevenue": 8829614000, "grossProfit": 8745364000, "researchDevelopment": {}, "sellingGeneralAdministrative": 3840284000, "nonRecurring": {}, "otherOperatingExpenses": 4019262000, "totalOperatingExpenses": 16956520000, "operatingIncome": 618458000, "totalOtherIncomeExpenseNet": 210935000, "ebit": 618458000, "interestExpense": -241383000, "incomeBeforeTax": 829393000, "incomeTaxExpense": 158301000, "minorityInterest": 115326000, "netIncomeFromContinuingOps": 671092000, "discontinuedOperations": {}, "extraordinaryItems": {}, "effectOfAccountingCharges": {}, "otherItems": {}, "netIncome": 672802000, "netIncomeApplicableToCommonShares": 672802000}, {"maxAge": 1, "endDate": "2018-03-31", "totalRevenue": 14960401000, "costOfRevenue": 8340311000, "grossProfit": 6620090000, "researchDevelopment": {}, "sellingGeneralAdministrative": 2567673000, "nonRecurring": {}, "otherOperatingExpenses": 3783056000, "totalOperatingExpenses": 14928976000, "operatingIncome": 31425000, "totalOtherIncomeExpenseNet": 292620000, "ebit": 31425000, "interestExpense": -223121000, "incomeBeforeTax": 324045000, "incomeTaxExpense": 93152000, "minorityInterest": 96510000, "netIncomeFromContinuingOps": 230893000, "discontinuedOperations": {}, "extraordinaryItems": {}, "effectOfAccountingCharges": {}, "otherItems": {}, "netIncome": 240811000, "netIncomeApplicableToCommonShares": 240811000}, {"maxAge": 1, "endDate": "2017-03-31", "totalRevenue": 15380552000, "costOfRevenue": 8563733000, "grossProfit": 6816819000, "researchDevelopment": {}, "sellingGeneralAdministrative": 2409338000, "nonRecurring": {}, "otherOperatingExpenses": 3781507000, "totalOperatingExpenses": 14946988000, "operatingIncome": 433564000, "totalOtherIncomeExpenseNet": 58493000, "ebit": 433564000, "interestExpense": -181336000, "incomeBeforeTax": 492057000, "incomeTaxExpense": 72170000, "minorityInterest": 107334000, "netIncomeFromContinuingOps": 419887000, "discontinuedOperations": {}, "extraordinaryItems": {}, "effectOfAccountingCharges": {}, "otherItems": {}, "netIncome": 406176000, "netIncomeApplicableToCommonShares": 406176000}], "maxAge": 86400}, "fundOwnership": {"ownershipList": [], "maxAge": 1}, "summaryDetail": {"maxAge": 1, "priceHint": 2, "previousClose": 182.0, "open": 179.5, "dayLow": 175.0, "dayHigh": 184.4, "regularMarketPreviousClose": 182.0, "regularMarketOpen": 179.5, "regularMarketDayLow": 175.0, "regularMarketDayHigh": 184.4, "forwardPE": 8.909905, "volume": 294, "regularMarketVolume": 294, "averageVolume": 2139, "averageVolume10days": 740, "averageDailyVolume10Day": 740, "bid": 175.2, "ask": 196.0, "bidSize": 0, "askSize": 0, "marketCap": 3877838080, "fiftyTwoWeekLow": 82.5, "fiftyTwoWeekHigh": 204.8, "fiftyDayAverage": 190.3197, "twoHundredDayAverage": 160.36029, "trailingAnnualDividendRate": 3.0, "trailingAnnualDividendYield": 0.016483517, "currency": "INR", "fromCurrency": null, "lastMarket": null, "algorithm": null, "tradeable": false}, "sectorTrend": {"maxAge": 1, "symbol": null, "estimates": []}, "incomeStatementHistoryQuarterly": {"incomeStatementHistory": [{"maxAge": 1, "endDate": "2020-06-30", "totalRevenue": 1553267000, "costOfRevenue": 728064000, "grossProfit": 825203000, "researchDevelopment": {}, "sellingGeneralAdministrative": 573382000, "nonRecurring": {}, "otherOperatingExpenses": 363045000, "totalOperatingExpenses": 1772042000, "operatingIncome": -218775000, "totalOtherIncomeExpenseNet": -50417000, "ebit": -218775000, "interestExpense": -94292000, "incomeBeforeTax": -269192000, "incomeTaxExpense": -21643000, "minorityInterest": {}, "netIncomeFromContinuingOps": -247549000, "discontinuedOperations": {}, "extraordinaryItems": {}, "effectOfAccountingCharges": {}, "otherItems": {}, "netIncome": -230243000, "netIncomeApplicableToCommonShares": -230243000}, {"maxAge": 1, "endDate": "2020-03-31", "totalRevenue": 5184740000, "costOfRevenue": 2815853000, "grossProfit": 2368887000, "researchDevelopment": {}, "sellingGeneralAdministrative": 977025000, "nonRecurring": {}, "otherOperatingExpenses": 1240891000, "totalOperatingExpenses": 5150933000, "operatingIncome": 33807000, "totalOtherIncomeExpenseNet": -11616000, "ebit": 33807000, "interestExpense": -130493000, "incomeBeforeTax": 22191000, "incomeTaxExpense": 33583000, "minorityInterest": 129644000, "netIncomeFromContinuingOps": -11392000, "discontinuedOperations": {}, "extraordinaryItems": {}, "effectOfAccountingCharges": {}, "otherItems": {}, "netIncome": -1675000, "netIncomeApplicableToCommonShares": -1675000}, {"maxAge": 1, "endDate": "2019-12-31", "totalRevenue": 3503013000, "costOfRevenue": 1285604000, "grossProfit": 2217409000, "researchDevelopment": {}, "sellingGeneralAdministrative": 1002263000, "nonRecurring": {}, "otherOperatingExpenses": 1026902000, "totalOperatingExpenses": 3418047000, "operatingIncome": 84966000, "totalOtherIncomeExpenseNet": -3352000, "ebit": 84966000, "interestExpense": -98539000, "incomeBeforeTax": 81614000, "incomeTaxExpense": 28514000, "minorityInterest": 129644000, "netIncomeFromContinuingOps": 53100000, "discontinuedOperations": {}, "extraordinaryItems": {}, "effectOfAccountingCharges": {}, "otherItems": {}, "netIncome": 52287000, "netIncomeApplicableToCommonShares": 52287000}, {"maxAge": 1, "endDate": "2019-09-30", "totalRevenue": 4355954000, "costOfRevenue": 2200948000, "grossProfit": 2155006000, "researchDevelopment": {}, "sellingGeneralAdministrative": 992094000, "nonRecurring": {}, "otherOperatingExpenses": 958291000, "totalOperatingExpenses": 4255780000, "operatingIncome": 100174000, "totalOtherIncomeExpenseNet": -13931000, "ebit": 100174000, "interestExpense": -138214000, "incomeBeforeTax": 86243000, "incomeTaxExpense": 12213000, "minorityInterest": 128903000, "netIncomeFromContinuingOps": 74030000, "discontinuedOperations": {}, "extraordinaryItems": {}, "effectOfAccountingCharges": {}, "otherItems": {}, "netIncome": 70506000, "netIncomeApplicableToCommonShares": 70506000}], "maxAge": 86400}, "cashflowStatementHistoryQuarterly": {"cashflowStatements": [{"maxAge": 1, "endDate": "2020-06-30", "netIncome": -230243000, "changeToLiabilities": 0}, {"maxAge": 1, "endDate": "2020-03-31", "netIncome": -1675000, "changeToLiabilities": 0}, {"maxAge": 1, "endDate": "2019-12-31", "netIncome": 52287000, "changeToLiabilities": 0}, {"maxAge": 1, "endDate": "2019-09-30", "netIncome": 70506000, "changeToLiabilities": 0}], "maxAge": 86400}, "insiderHolders": {"holders": [{"maxAge": 1, "name": "Reliance Capital Trustee Co Ltd Reliance Long term Equity Fu", "relation": "Investment Advisor", "url": "", "transactionDescription": "Sale", "latestTransDate": "2010-11-11", "positionDirect": 850000, "positionDirectDate": "2010-11-11"}, {"maxAge": 1, "name": "Seth (Deepak)", "relation": "Chairman of the Board", "url": "", "transactionDescription": "Gift", "latestTransDate": "2018-03-26", "positionDirect": 2862145, "positionDirectDate": "2018-03-26"}, {"maxAge": 1, "name": "Seth (Pallak)", "relation": "Vice Chairman", "url": "", "transactionDescription": "Gift", "latestTransDate": "2018-03-26", "positionDirect": 0, "positionDirectDate": "2018-03-26"}, {"maxAge": 1, "name": "Seth (Payel)", "relation": "Promoter", "url": "", "transactionDescription": "Other", "latestTransDate": "2015-10-29", "positionDirect": 4413635, "positionDirectDate": "2015-10-29"}, {"maxAge": 1, "name": "Seth (Pulkit)", "relation": "Vice Chairman", "url": "", "transactionDescription": "Other", "latestTransDate": "2015-10-29", "positionDirect": 6947621, "positionDirectDate": "2015-10-29"}, {"maxAge": 1, "name": "Seth (Shefali)", "relation": "Wholetime Director", "url": "", "transactionDescription": "Other", "latestTransDate": "2015-10-29", "positionDirect": 201478, "positionDirectDate": "2015-10-29"}, {"maxAge": 1, "name": "Seth (Sunil Pal)", "relation": "Promoter", "url": "", "transactionDescription": "Other", "latestTransDate": "2015-10-29", "positionDirect": 0, "positionDirectDate": "2015-10-29"}], "maxAge": 1}, "earnings": {"maxAge": 86400, "earningsChart": {"quarterly": [{"date": "2Q2017", "actual": 6.43, "estimate": 6.83}, {"date": "3Q2017", "actual": -2.82, "estimate": 2.09}], "currentQuarterEstimateDate": "4Q", "currentQuarterEstimateYear": 2017, "earningsDate": ["2020-09-14 05:30:S"]}, "financialsChart": {"yearly": [{"date": 2017, "revenue": 15380552000, "earnings": 406176000}, {"date": 2018, "revenue": 14960401000, "earnings": 240811000}, {"date": 2019, "revenue": 17574978000, "earnings": 672802000}, {"date": 2020, "revenue": 16851258000, "earnings": 215644000}], "quarterly": [{"date": "3Q2019", "revenue": 4355954000, "earnings": 70506000}, {"date": "4Q2019", "revenue": 3503013000, "earnings": 52287000}, {"date": "1Q2020", "revenue": 5184740000, "earnings": -1675000}, {"date": "2Q2020", "revenue": 1553267000, "earnings": -230243000}]}, "financialCurrency": "INR"}, "calendarEvents": {"maxAge": 1, "earnings": {"earningsDate": ["2020-09-14 05:30:S"], "revenueAverage": 3299200000}}, "upgradeDowngradeHistory": {"history": [], "maxAge": 86400}, "price": {"maxAge": 1, "regularMarketChangePercent": -0.016483517, "regularMarketChange": -3.0, "regularMarketTime": "2021-04-30 15:14:03", "priceHint": 2, "regularMarketPrice": 179.0, "regularMarketDayHigh": 184.4, "regularMarketDayLow": 175.0, "regularMarketVolume": 294, "averageDailyVolume10Day": 740, "averageDailyVolume3Month": 2139, "regularMarketPreviousClose": 182.0, "regularMarketSource": "FREE_REALTIME", "regularMarketOpen": 179.5, "exchange": "BSE", "exchangeName": "BSE", "exchangeDataDelayedBy": 0, "marketState": "CLOSED", "quoteType": "EQUITY", "symbol": "PGIL.BO", "underlyingSymbol": null, "shortName": "PEARL GLOBAL INDUSTRIES LIMITE", "longName": "Pearl Global Industries Limited", "currency": "INR", "quoteSourceName": "Delayed Quote", "currencySymbol": "\u20b9", "fromCurrency": null, "lastMarket": null, "marketCap": 3877838080}, "balanceSheetHistory": {"balanceSheetStatements": [{"maxAge": 1, "endDate": "2020-03-31", "cash": 1097772000, "shortTermInvestments": 80767000, "netReceivables": 2377371000, "inventory": 2638733000, "otherCurrentAssets": 897038000, "totalCurrentAssets": 7091681000, "longTermInvestments": 444823000, "propertyPlantEquipment": 3652533000, "goodWill": 179266000, "intangibleAssets": 8476000, "otherAssets": 1146291000, "deferredLongTermAssetCharges": 8761000, "totalAssets": 12523070000, "accountsPayable": 1810667000, "otherCurrentLiab": 663222000, "longTermDebt": 998368000, "otherLiab": 557290000, "minorityInterest": 129644000, "totalCurrentLiabilities": 5133286000, "totalLiab": 7387687000, "commonStock": 216639000, "treasuryStock": 4789100000, "otherStockholderEquity": 4789100000, "totalStockholderEquity": 5005739000, "netTangibleAssets": 4817997000}, {"maxAge": 1, "endDate": "2019-03-31", "cash": 943412000, "shortTermInvestments": 244212600, "netReceivables": 2704366400, "inventory": 2363217000, "otherCurrentAssets": 337438000, "totalCurrentAssets": 6669356000, "longTermInvestments": 372864000, "propertyPlantEquipment": 2513451000, "goodWill": 189756000, "intangibleAssets": 11494000, "otherAssets": 1248013000, "totalAssets": 11004934000, "accountsPayable": 1810647000, "shortLongTermDebt": 168089000, "otherCurrentLiab": 371308000, "longTermDebt": 810676000, "otherLiab": 588069000, "minorityInterest": 115326000, "totalCurrentLiabilities": 4792189000, "totalLiab": 6190934000, "commonStock": 216639000, "retainedEarnings": 2502559000, "treasuryStock": 269086000, "capitalSurplus": 1710390000, "otherStockholderEquity": 269086000, "totalStockholderEquity": 4698674000, "netTangibleAssets": 4497424000}, {"maxAge": 1, "endDate": "2018-03-31", "cash": 922583000, "shortTermInvestments": 214735000, "netReceivables": 1850858000, "inventory": 2100391000, "otherCurrentAssets": 299001000, "totalCurrentAssets": 5494917000, "longTermInvestments": 351000000, "propertyPlantEquipment": 1874236000, "goodWill": 181774000, "intangibleAssets": 13483000, "otherAssets": 1451260000, "deferredLongTermAssetCharges": 31564000, "totalAssets": 9366670000, "accountsPayable": 1092530000, "shortLongTermDebt": 528818000, "otherCurrentLiab": 442737000, "longTermDebt": 489892000, "otherLiab": 565613000, "minorityInterest": 96510000, "totalCurrentLiabilities": 4263318000, "totalLiab": 5318823000, "commonStock": 216639000, "retainedEarnings": 1877447000, "treasuryStock": 146861000, "capitalSurplus": 1710390000, "otherStockholderEquity": 146861000, "totalStockholderEquity": 3951337000, "netTangibleAssets": 3756080000}, {"maxAge": 1, "endDate": "2017-03-31", "cash": 864080000, "shortTermInvestments": 198944000, "netReceivables": 2091021000, "inventory": 2155817000, "otherCurrentAssets": 291003000, "totalCurrentAssets": 5764461000, "longTermInvestments": 240601000, "propertyPlantEquipment": 1887253000, "goodWill": 56068000, "intangibleAssets": 16424000, "otherAssets": 1192266000, "deferredLongTermAssetCharges": 20336000, "totalAssets": 9157073000, "accountsPayable": 1176015000, "shortLongTermDebt": 124416000, "otherCurrentLiab": 837404000, "longTermDebt": 368669000, "otherLiab": 521475000, "minorityInterest": 107334000, "totalCurrentLiabilities": 4354741000, "totalLiab": 5244885000, "commonStock": 216639000, "retainedEarnings": 1739795000, "treasuryStock": 138030000, "capitalSurplus": 1710390000, "otherStockholderEquity": 138030000, "totalStockholderEquity": 3804854000, "netTangibleAssets": 3732362000}], "maxAge": 86400}, "earningsTrend": {"trend": [{"maxAge": 1, "period": "0q", "endDate": "2017-12-31", "growth": {}, "earningsEstimate": {"avg": 0.0, "low": 0.0, "high": 0.0, "yearAgoEps": {}, "numberOfAnalysts": 0, "growth": {}}, "revenueEstimate": {"avg": 3299200000, "low": 0, "high": 0, "numberOfAnalysts": 0, "yearAgoRevenue": {}, "growth": {}}, "epsTrend": {"current": 0.0, "7daysAgo": 0.0, "30daysAgo": 0.0, "60daysAgo": 0.0, "90daysAgo": 0.0}, "epsRevisions": {"upLast7days": 0, "upLast30days": 0, "downLast30days": 0, "downLast90days": {}}}, {"maxAge": 1, "period": "+1q", "endDate": "2018-03-31", "growth": {}, "earningsEstimate": {"avg": 0.0, "low": 0.0, "high": 0.0, "yearAgoEps": {}, "numberOfAnalysts": 0, "growth": {}}, "revenueEstimate": {"avg": 4627570000, "low": 0, "high": 0, "numberOfAnalysts": 0, "yearAgoRevenue": 5398350000, "growth": -0.143}, "epsTrend": {"current": 0.0, "7daysAgo": 0.0, "30daysAgo": 0.0, "60daysAgo": 0.0, "90daysAgo": 0.0}, "epsRevisions": {"upLast7days": 0, "upLast30days": 0, "downLast30days": 0, "downLast90days": {}}}, {"maxAge": 1, "period": "0y", "endDate": "2018-03-31", "growth": {}, "earningsEstimate": {"avg": 0.0, "low": 0.0, "high": 0.0, "yearAgoEps": {}, "numberOfAnalysts": 0, "growth": {}}, "revenueEstimate": {"avg": 15436000000, "low": 16842300000, "high": 16842300000, "numberOfAnalysts": 1, "yearAgoRevenue": 15513100000, "growth": -0.005}, "epsTrend": {"current": 0.0, "7daysAgo": 18.04, "30daysAgo": 18.04, "60daysAgo": 18.04, "90daysAgo": 18.04}, "epsRevisions": {"upLast7days": 0, "upLast30days": 0, "downLast30days": 0, "downLast90days": {}}}, {"maxAge": 1, "period": "+1y", "endDate": "2019-03-31", "growth": {}, "earningsEstimate": {"avg": 0.0, "low": 0.0, "high": 0.0, "yearAgoEps": {}, "numberOfAnalysts": 0, "growth": {}}, "revenueEstimate": {"avg": 18459100000, "low": 18459100000, "high": 18459100000, "numberOfAnalysts": 1, "yearAgoRevenue": 15436000000, "growth": 0.19600001}, "epsTrend": {"current": 0.0, "7daysAgo": 20.09, "30daysAgo": 20.09, "60daysAgo": 20.09, "90daysAgo": 20.09}, "epsRevisions": {"upLast7days": 0, "upLast30days": 0, "downLast30days": 0, "downLast90days": {}}}, {"maxAge": 1, "period": "+5y", "endDate": null, "growth": {}, "earningsEstimate": {"avg": {}, "low": {}, "high": {}, "yearAgoEps": {}, "numberOfAnalysts": {}, "growth": {}}, "revenueEstimate": {"avg": {}, "low": {}, "high": {}, "numberOfAnalysts": {}, "yearAgoRevenue": {}, "growth": {}}, "epsTrend": {"current": {}, "7daysAgo": {}, "30daysAgo": {}, "60daysAgo": {}, "90daysAgo": {}}, "epsRevisions": {"upLast7days": {}, "upLast30days": {}, "downLast30days": {}, "downLast90days": {}}}, {"maxAge": 1, "period": "-5y", "endDate": null, "growth": {}, "earningsEstimate": {"avg": {}, "low": {}, "high": {}, "yearAgoEps": {}, "numberOfAnalysts": {}, "growth": {}}, "revenueEstimate": {"avg": {}, "low": {}, "high": {}, "numberOfAnalysts": {}, "yearAgoRevenue": {}, "growth": {}}, "epsTrend": {"current": {}, "7daysAgo": {}, "30daysAgo": {}, "60daysAgo": {}, "90daysAgo": {}}, "epsRevisions": {"upLast7days": {}, "upLast30days": {}, "downLast30days": {}, "downLast90days": {}}}], "maxAge": 1}, "financialData": {"maxAge": 86400, "currentPrice": 179.0, "recommendationKey": "none", "grossProfits": 8768165000, "financialCurrency": "INR"}}}