{"PGINDST.BO": {"cashflowStatementHistory": {"cashflowStatements": [{"maxAge": 1, "endDate": "2020-03-31", "netIncome": 5727464, "depreciation": 9079867, "changeToNetincome": 39805415, "changeToAccountReceivables": -40322459, "changeToLiabilities": 26623802, "changeToInventory": -35873230, "changeToOperatingActivities": 3045702, "totalCashFromOperatingActivities": 8146557, "capitalExpenditures": -790106, "otherCashflowsFromInvestingActivities": 957100, "totalCashflowsFromInvestingActivities": 166994, "netBorrowings": 26891477, "otherCashflowsFromFinancingActivities": -42512025, "totalCashFromFinancingActivities": -15620548, "changeInCash": -7306995}, {"maxAge": 1, "endDate": "2019-03-31", "netIncome": 7198634, "depreciation": 9150961, "changeToNetincome": 40899152, "changeToAccountReceivables": 22995201, "changeToLiabilities": -12988799, "changeToInventory": -21761980, "changeToOperatingActivities": 31301629, "totalCashFromOperatingActivities": 76869426, "capitalExpenditures": -1168785, "otherCashflowsFromInvestingActivities": 1004344, "totalCashflowsFromInvestingActivities": -164441, "netBorrowings": -26187561, "otherCashflowsFromFinancingActivities": -43189789, "totalCashFromFinancingActivities": -69377350, "changeInCash": 7327634}, {"maxAge": 1, "endDate": "2018-03-31", "netIncome": 1218540, "depreciation": 4936055, "changeToNetincome": 35547687, "changeToAccountReceivables": -8035683, "changeToLiabilities": 35890862, "changeToInventory": -71558264, "changeToOperatingActivities": -6739600, "totalCashFromOperatingActivities": -8620776, "capitalExpenditures": -15759139, "otherCashflowsFromInvestingActivities": 725069, "totalCashflowsFromInvestingActivities": -10365170, "netBorrowings": 34926854, "otherCashflowsFromFinancingActivities": -28811216, "totalCashFromFinancingActivities": 6115638, "changeInCash": -12870308}, {"maxAge": 1, "endDate": "2017-03-31", "netIncome": 4589342, "depreciation": 4846950, "changeToNetincome": 18143051, "changeToAccountReceivables": 21164632, "changeToLiabilities": -15381868, "changeToInventory": 1548433, "changeToOperatingActivities": -14584798, "totalCashFromOperatingActivities": 20325740, "capitalExpenditures": -3535058, "otherCashflowsFromInvestingActivities": 1000640, "totalCashflowsFromInvestingActivities": -2325745, "netBorrowings": 13477007, "otherCashflowsFromFinancingActivities": -20614492, "totalCashFromFinancingActivities": -7137485, "changeInCash": 10862508}], "maxAge": 86400}, "institutionOwnership": {"maxAge": 1, "ownershipList": []}, "balanceSheetHistoryQuarterly": {"balanceSheetStatements": [{"maxAge": 1, "endDate": "2020-06-30", "totalStockholderEquity": 282614120, "netTangibleAssets": 282463380}, {"maxAge": 1, "endDate": "2020-03-31", "cash": 13245077, "netReceivables": 156258195, "inventory": 528356236, "otherCurrentAssets": 95941123, "totalCurrentAssets": 795718938, "longTermInvestments": 18762, "propertyPlantEquipment": 103504855, "intangibleAssets": 150740, "totalAssets": 899393295, "accountsPayable": 115835503, "shortLongTermDebt": 3122542, "otherCurrentLiab": 74468104, "longTermDebt": 171284807, "otherLiab": 4728524, "totalCurrentLiabilities": 440765848, "totalLiab": 616779179, "commonStock": 59736540, "retainedEarnings": 126889820, "treasuryStock": 67471710, "capitalSurplus": 28516050, "otherStockholderEquity": 67471710, "totalStockholderEquity": 282614120, "netTangibleAssets": 282463380}, {"maxAge": 1, "endDate": "2019-12-31", "totalStockholderEquity": 130152000, "netTangibleAssets": 129983000}, {"maxAge": 1, "endDate": "2019-09-30", "cash": 9590000, "netReceivables": 164182000, "inventory": 338464000, "totalCurrentAssets": 512236000, "longTermInvestments": 9000, "propertyPlantEquipment": 81644000, "intangibleAssets": 169000, "totalAssets": 594058000, "accountsPayable": 78216000, "otherCurrentLiab": 37032000, "longTermDebt": 199597000, "otherLiab": 3338000, "totalCurrentLiabilities": 260971000, "totalLiab": 463906000, "commonStock": 46242000, "retainedEarnings": 83910000, "totalStockholderEquity": 130152000, "netTangibleAssets": 129983000}], "maxAge": 86400}, "indexTrend": {"maxAge": 1, "symbol": "SP5", "peRatio": 19.7411, "pegRatio": 1.34172, "estimates": [{"period": "0q", "growth": 0.549}, {"period": "+1q", "growth": 0.431}, {"period": "0y", "growth": 0.305}, {"period": "+1y", "growth": 0.109}, {"period": "+5y", "growth": 0.120859005}, {"period": "-5y"}]}, "insiderTransactions": {"transactions": [{"maxAge": 1, "shares": 540000, "value": 15876, "filerUrl": "", "transactionText": "Sale at price 0.03 per share.", "filerName": "Vishal Enclave Pvt Ltd", "filerRelation": "Promoter", "moneyText": "", "startDate": "2020-09-09", "ownership": "D"}, {"maxAge": 1, "shares": 232220, "filerUrl": "", "transactionText": "", "filerName": "Dalmia (Amit)", "filerRelation": "Promoter", "moneyText": "", "startDate": "2020-09-09", "ownership": "D"}, {"maxAge": 1, "shares": 307780, "filerUrl": "", "transactionText": "", "filerName": "Dalmia (Saket)", "filerRelation": "Promoter", "moneyText": "", "startDate": "2020-09-09", "ownership": "D"}], "maxAge": 1}, "quoteType": {"exchange": "BSE", "quoteType": "EQUITY", "symbol": "PGINDST.BO", "underlyingSymbol": "PGINDST.BO", "shortName": "PG INDUSTRY LTD.", "longName": "P G Industry Limited", "firstTradeDateEpochUtc": "2011-11-18 09:15:00", "timeZoneFullName": "Asia/Kolkata", "timeZoneShortName": "IST", "uuid": "0553b517-a183-311e-8f73-d8da4ea5098f", "messageBoardId": null, "gmtOffSetMilliseconds": 19800000, "maxAge": 1}, "incomeStatementHistory": {"incomeStatementHistory": [{"maxAge": 1, "endDate": "2020-03-31", "totalRevenue": 685620553, "costOfRevenue": 516873934, "grossProfit": 168746619, "researchDevelopment": {}, "sellingGeneralAdministrative": 62712584, "nonRecurring": {}, "otherOperatingExpenses": 46296280, "totalOperatingExpenses": 635022665, "operatingIncome": 50597888, "totalOtherIncomeExpenseNet": -41554925, "ebit": 50597888, "interestExpense": -42512025, "incomeBeforeTax": 9042963, "incomeTaxExpense": 3315499, "minorityInterest": {}, "netIncomeFromContinuingOps": 5727464, "discontinuedOperations": {}, "extraordinaryItems": {}, "effectOfAccountingCharges": {}, "otherItems": {}, "netIncome": 5727464, "netIncomeApplicableToCommonShares": 5727464}, {"maxAge": 1, "endDate": "2019-03-31", "totalRevenue": 742494895, "costOfRevenue": 538229674, "grossProfit": 204265221, "researchDevelopment": {}, "sellingGeneralAdministrative": 66309866, "nonRecurring": {}, "otherOperatingExpenses": 73394806, "totalOperatingExpenses": 687159937, "operatingIncome": 55334958, "totalOtherIncomeExpenseNet": -42257445, "ebit": 55334958, "interestExpense": -43189789, "incomeBeforeTax": 13077513, "incomeTaxExpense": 5878879, "minorityInterest": {}, "netIncomeFromContinuingOps": 7198634, "discontinuedOperations": {}, "extraordinaryItems": {}, "effectOfAccountingCharges": {}, "otherItems": {}, "netIncome": 7198634, "netIncomeApplicableToCommonShares": 7198634}, {"maxAge": 1, "endDate": "2018-03-31", "totalRevenue": 559078078, "costOfRevenue": 410494716, "grossProfit": 148583362, "researchDevelopment": {}, "sellingGeneralAdministrative": 43469727, "nonRecurring": {}, "otherOperatingExpenses": 60308226, "totalOperatingExpenses": 519223354, "operatingIncome": 39854724, "totalOtherIncomeExpenseNet": -28525747, "ebit": 39854724, "interestExpense": -28811216, "incomeBeforeTax": 11328977, "incomeTaxExpense": 10110437, "minorityInterest": {}, "netIncomeFromContinuingOps": 1218540, "discontinuedOperations": {}, "extraordinaryItems": {}, "effectOfAccountingCharges": {}, "otherItems": {}, "netIncome": 1218540, "netIncomeApplicableToCommonShares": 1218540}, {"maxAge": 1, "endDate": "2017-03-31", "totalRevenue": 464751081, "costOfRevenue": 353072219, "grossProfit": 111678862, "researchDevelopment": {}, "sellingGeneralAdministrative": 22900932, "nonRecurring": {}, "otherOperatingExpenses": 56631757, "totalOperatingExpenses": 437451858, "operatingIncome": 27299223, "totalOtherIncomeExpenseNet": -19650775, "ebit": 27299223, "interestExpense": -20614492, "incomeBeforeTax": 7648448, "incomeTaxExpense": 3059106, "minorityInterest": {}, "netIncomeFromContinuingOps": 4589342, "discontinuedOperations": {}, "extraordinaryItems": {}, "effectOfAccountingCharges": {}, "otherItems": {}, "netIncome": 4589342, "netIncomeApplicableToCommonShares": 4589342}], "maxAge": 86400}, "fundOwnership": {"maxAge": 1, "ownershipList": []}, "summaryDetail": {"maxAge": 1, "priceHint": 4, "previousClose": 4.5, "open": 4.7, "dayLow": 4.28, "dayHigh": 4.72, "regularMarketPreviousClose": 4.5, "regularMarketOpen": 4.7, "regularMarketDayLow": 4.28, "regularMarketDayHigh": 4.72, "volume": 3214, "regularMarketVolume": 3214, "averageVolume": 12258, "averageVolume10days": 3361, "averageDailyVolume10Day": 3361, "bid": 4.65, "ask": 4.71, "bidSize": 0, "askSize": 0, "marketCap": 53404428, "fiftyTwoWeekLow": 2.0, "fiftyTwoWeekHigh": 7.05, "fiftyDayAverage": 6.071429, "twoHundredDayAverage": 4.229708, "currency": "INR", "fromCurrency": null, "toCurrency": null, "lastMarket": null, "algorithm": null, "tradeable": false}, "incomeStatementHistoryQuarterly": {"incomeStatementHistory": [{"maxAge": 1, "endDate": "2020-06-30", "totalRevenue": 29271000, "costOfRevenue": 14694000, "grossProfit": 14577000, "researchDevelopment": {}, "sellingGeneralAdministrative": 4903000, "nonRecurring": {}, "otherOperatingExpenses": 5509000, "totalOperatingExpenses": 27391000, "operatingIncome": 1880000, "totalOtherIncomeExpenseNet": -9709000, "ebit": 1880000, "interestExpense": -9709000, "incomeBeforeTax": -7829000, "incomeTaxExpense": 0, "minorityInterest": {}, "netIncomeFromContinuingOps": -7829000, "discontinuedOperations": {}, "extraordinaryItems": {}, "effectOfAccountingCharges": {}, "otherItems": {}, "netIncome": -7829000, "netIncomeApplicableToCommonShares": -7829000}, {"maxAge": 1, "endDate": "2020-03-31", "totalRevenue": 368506553, "costOfRevenue": 299498934, "grossProfit": 69007619, "researchDevelopment": {}, "sellingGeneralAdministrative": 39600584, "nonRecurring": {}, "otherOperatingExpenses": 2942280, "totalOperatingExpenses": 347139665, "operatingIncome": 21366888, "totalOtherIncomeExpenseNet": -19019925, "ebit": 21366888, "interestExpense": -18606025, "incomeBeforeTax": 2346963, "incomeTaxExpense": 1641499, "minorityInterest": {}, "netIncomeFromContinuingOps": 705464, "discontinuedOperations": {}, "extraordinaryItems": {}, "effectOfAccountingCharges": {}, "otherItems": {}, "netIncome": 705464, "netIncomeApplicableToCommonShares": 705464}, {"maxAge": 1, "endDate": "2019-12-31", "totalRevenue": 86476000, "costOfRevenue": 51977000, "grossProfit": 34499000, "researchDevelopment": {}, "sellingGeneralAdministrative": 8105000, "nonRecurring": {}, "otherOperatingExpenses": 15752000, "totalOperatingExpenses": 77182000, "operatingIncome": 9294000, "totalOtherIncomeExpenseNet": -7625000, "ebit": 9294000, "interestExpense": -8602000, "incomeBeforeTax": 1669000, "incomeTaxExpense": 417000, "minorityInterest": {}, "netIncomeFromContinuingOps": 1252000, "discontinuedOperations": {}, "extraordinaryItems": {}, "effectOfAccountingCharges": {}, "otherItems": {}, "netIncome": 1252000, "netIncomeApplicableToCommonShares": 1252000}, {"maxAge": 1, "endDate": "2019-09-30", "totalRevenue": 132783000, "costOfRevenue": 99778000, "grossProfit": 33005000, "researchDevelopment": {}, "sellingGeneralAdministrative": 7336000, "nonRecurring": {}, "otherOperatingExpenses": 13493000, "totalOperatingExpenses": 121954000, "operatingIncome": 10829000, "totalOtherIncomeExpenseNet": -7267000, "ebit": 10829000, "interestExpense": -7654000, "incomeBeforeTax": 3562000, "incomeTaxExpense": 891000, "minorityInterest": {}, "netIncomeFromContinuingOps": 2671000, "discontinuedOperations": {}, "extraordinaryItems": {}, "effectOfAccountingCharges": {}, "otherItems": {}, "netIncome": 2671000, "netIncomeApplicableToCommonShares": 2671000}], "maxAge": 86400}, "cashflowStatementHistoryQuarterly": {"cashflowStatements": [{"maxAge": 1, "endDate": "2020-06-30", "netIncome": -7829000, "changeToLiabilities": 0}, {"maxAge": 1, "endDate": "2020-03-31", "netIncome": 705464, "changeToLiabilities": 0}, {"maxAge": 1, "endDate": "2019-12-31", "netIncome": 1252000, "changeToLiabilities": 0}, {"maxAge": 1, "endDate": "2019-09-30", "netIncome": 2671000, "changeToLiabilities": 0}], "maxAge": 86400}, "insiderHolders": {"holders": [{"maxAge": 1, "name": "Dalmia (Amit)", "relation": "Promoter", "url": "", "transactionDescription": "Acquisition", "latestTransDate": "2020-09-09", "positionDirect": 432220, "positionDirectDate": "2020-09-09"}, {"maxAge": 1, "name": "Dalmia (Saket)", "relation": "Promoter", "url": "", "transactionDescription": "Acquisition", "latestTransDate": "2020-09-09", "positionDirect": 432220, "positionDirectDate": "2020-09-09"}, {"maxAge": 1, "name": "Vishal Enclave Pvt Ltd", "relation": "Promoter", "url": "", "transactionDescription": "Sale", "latestTransDate": "2020-09-09", "positionDirect": 637500, "positionDirectDate": "2020-09-09"}], "maxAge": 1}, "calendarEvents": {"maxAge": 1, "earnings": {"earningsDate": []}}, "price": {"maxAge": 1, "regularMarketChangePercent": -0.0066667134, "regularMarketChange": -0.03000021, "regularMarketTime": "2021-04-30 15:23:49", "priceHint": 4, "regularMarketPrice": 4.47, "regularMarketDayHigh": 4.72, "regularMarketDayLow": 4.28, "regularMarketVolume": 3214, "averageDailyVolume10Day": 3361, "averageDailyVolume3Month": 12258, "regularMarketPreviousClose": 4.5, "regularMarketSource": "FREE_REALTIME", "regularMarketOpen": 4.7, "exchange": "BSE", "exchangeName": "BSE", "exchangeDataDelayedBy": 0, "marketState": "CLOSED", "quoteType": "EQUITY", "symbol": "PGINDST.BO", "underlyingSymbol": null, "shortName": "PG INDUSTRY LTD.", "longName": "P G Industry Limited", "currency": "INR", "quoteSourceName": "Delayed Quote", "currencySymbol": "\u20b9", "fromCurrency": null, "toCurrency": null, "lastMarket": null, "marketCap": 53404428}, "balanceSheetHistory": {"balanceSheetStatements": [{"maxAge": 1, "endDate": "2020-03-31", "cash": 13245077, "netReceivables": 156258195, "inventory": 528356236, "otherCurrentAssets": 95941123, "totalCurrentAssets": 795718938, "longTermInvestments": 18762, "propertyPlantEquipment": 103504855, "intangibleAssets": 150740, "totalAssets": 899393295, "accountsPayable": 115835503, "shortLongTermDebt": 3122542, "otherCurrentLiab": 74468104, "longTermDebt": 171284807, "otherLiab": 4728524, "totalCurrentLiabilities": 440765848, "totalLiab": 616779179, "commonStock": 59736540, "retainedEarnings": 126889820, "treasuryStock": 67471710, "capitalSurplus": 28516050, "otherStockholderEquity": 67471710, "totalStockholderEquity": 282614120, "netTangibleAssets": 282463380}, {"maxAge": 1, "endDate": "2019-03-31", "cash": 20552073, "netReceivables": 121192260, "inventory": 492483006, "otherCurrentAssets": 91825421, "totalCurrentAssets": 727481312, "longTermInvestments": 18762, "propertyPlantEquipment": 111794616, "intangibleAssets": 210740, "totalAssets": 839505430, "accountsPayable": 78506400, "shortLongTermDebt": 4530187, "otherCurrentLiab": 63976417, "longTermDebt": 186805669, "otherLiab": 5358559, "totalCurrentLiabilities": 370454545, "totalLiab": 562618773, "commonStock": 59736540, "retainedEarnings": 121162359, "treasuryStock": 67471710, "capitalSurplus": 28516050, "otherStockholderEquity": 67471710, "totalStockholderEquity": 276886659, "netTangibleAssets": 276675919}, {"maxAge": 1, "endDate": "2018-03-31", "cash": 8440900, "netReceivables": 104990287, "inventory": 309487926, "otherCurrentAssets": 60484761, "totalCurrentAssets": 484598961, "longTermInvestments": 9381, "propertyPlantEquipment": 88309328, "intangibleAssets": 285370, "totalAssets": 573203040, "accountsPayable": 69035279, "shortLongTermDebt": 1762370, "otherCurrentLiab": 32902601, "longTermDebt": 181435143, "otherLiab": 3602392, "totalCurrentLiabilities": 267086712, "totalLiab": 452124247, "commonStock": 46242200, "retainedEarnings": 74836591, "totalStockholderEquity": 121078791, "netTangibleAssets": 120793421}, {"maxAge": 1, "endDate": "2017-03-31", "cash": 21311208, "netReceivables": 125697812, "inventory": 237929662, "otherCurrentAssets": 31899472, "totalCurrentAssets": 417151819, "longTermInvestments": 114381, "propertyPlantEquipment": 82822745, "otherAssets": 2013792, "deferredLongTermAssetCharges": 2013792, "totalAssets": 502102737, "accountsPayable": 33144416, "otherCurrentLiab": 30064603, "longTermDebt": 133330086, "totalCurrentLiabilities": 248912398, "totalLiab": 382242484, "commonStock": 46242200, "retainedEarnings": 73618054, "totalStockholderEquity": 119860254, "netTangibleAssets": 119860254}], "maxAge": 86400}, "financialData": {"maxAge": 86400, "currentPrice": 4.47, "recommendationKey": "none", "grossProfits": 168746619, "financialCurrency": "INR"}}}