{"PHILIPCARB.BO": {"recommendationTrend": {"trend": [{"period": "0m", "strongBuy": 0, "buy": 0, "hold": 0, "sell": 0, "strongSell": 0}, {"period": "-1m", "strongBuy": 0, "buy": 0, "hold": 0, "sell": 0, "strongSell": 0}, {"period": "-2m", "strongBuy": 0, "buy": 0, "hold": 0, "sell": 0, "strongSell": 0}, {"period": "-3m", "strongBuy": 0, "buy": 0, "hold": 0, "sell": 0, "strongSell": 0}], "maxAge": 86400}, "cashflowStatementHistory": {"cashflowStatements": [{"maxAge": 1, "endDate": "2020-03-31", "netIncome": 2865515000, "depreciation": 919458000, "changeToNetincome": 331565000, "changeToLiabilities": 0, "changeToInventory": 1332063000, "changeToOperatingActivities": -140296000, "totalCashFromOperatingActivities": 5312468000, "capitalExpenditures": -2307075000, "investments": 1150189000, "otherCashflowsFromInvestingActivities": 88304000, "totalCashflowsFromInvestingActivities": -1068411000, "dividendsPaid": -595233500, "netBorrowings": -2128077000, "otherCashflowsFromFinancingActivities": -559072000, "totalCashFromFinancingActivities": -3885565000, "changeInCash": 358492000}, {"maxAge": 1, "endDate": "2019-03-31", "netIncome": 3836961000, "depreciation": 662282000, "changeToNetincome": 606531000, "changeToLiabilities": 0, "changeToInventory": -1503907000, "changeToOperatingActivities": -704462000, "totalCashFromOperatingActivities": 2898959000, "capitalExpenditures": -2327390000, "investments": -520860000, "otherCashflowsFromInvestingActivities": 60909000, "totalCashflowsFromInvestingActivities": -2775233000, "dividendsPaid": -800849000, "netBorrowings": 730822000, "otherCashflowsFromFinancingActivities": -633956000, "totalCashFromFinancingActivities": -703983000, "changeInCash": -580257000}, {"maxAge": 1, "endDate": "2018-03-31", "netIncome": 2288430000, "depreciation": 604988000, "changeToNetincome": 1119209000, "changeToLiabilities": 0, "changeToInventory": -663784000, "changeToOperatingActivities": -423492000, "totalCashFromOperatingActivities": 2925602000, "capitalExpenditures": -944336000, "investments": 568808000, "otherCashflowsFromInvestingActivities": 31906000, "totalCashflowsFromInvestingActivities": -343090000, "dividendsPaid": -210067000, "netBorrowings": -535703000, "otherCashflowsFromFinancingActivities": -353079000, "totalCashFromFinancingActivities": -1098826000, "changeInCash": 1483686000, "issuanceOfStock": 23000}, {"maxAge": 1, "endDate": "2017-03-31", "netIncome": 692849000, "depreciation": 604865000, "changeToNetincome": 1024035000, "changeToLiabilities": 0, "changeToInventory": 6992000, "changeToOperatingActivities": 1087471000, "totalCashFromOperatingActivities": 3464439000, "capitalExpenditures": -407055000, "investments": 7568000, "otherCashflowsFromInvestingActivities": 39982000, "totalCashflowsFromInvestingActivities": -358922000, "dividendsPaid": -292974000, "netBorrowings": -2517210000, "otherCashflowsFromFinancingActivities": -560674000, "totalCashFromFinancingActivities": -3370858000, "effectOfExchangeRate": -790000, "changeInCash": -266131000, "issuanceOfStock": 23000}], "maxAge": 86400}, "institutionOwnership": {"ownershipList": [], "maxAge": 1}, "balanceSheetHistoryQuarterly": {"balanceSheetStatements": [{"maxAge": 1, "endDate": "2020-09-30", "cash": 1497500000, "shortTermInvestments": 10400000, "netReceivables": 5392400000, "inventory": 3408300000, "otherCurrentAssets": 385500000, "totalCurrentAssets": 10694100000, "longTermInvestments": 1824200000, "propertyPlantEquipment": 19348800000, "intangibleAssets": 8100000, "otherAssets": 842600000, "totalAssets": 32717800000, "accountsPayable": 3469700000, "otherCurrentLiab": 2714300000, "longTermDebt": 1529900000, "otherLiab": 2639000000, "minorityInterest": 74000000, "totalCurrentLiabilities": 9538900000, "totalLiab": 14717700000, "commonStock": 344700000, "treasuryStock": 17581400000, "otherStockholderEquity": 17581400000, "totalStockholderEquity": 17926100000, "netTangibleAssets": 17918000000}, {"maxAge": 1, "endDate": "2020-06-30", "totalStockholderEquity": 16991216000, "netTangibleAssets": 16981068000}, {"maxAge": 1, "endDate": "2020-03-31", "cash": 1494206000, "netReceivables": 5995625000, "inventory": 3261887000, "otherCurrentAssets": 596620000, "totalCurrentAssets": 11402900000, "longTermInvestments": 1550834000, "propertyPlantEquipment": 19400130000, "intangibleAssets": 10148000, "otherAssets": 707799000, "totalAssets": 33071811000, "accountsPayable": 4187745000, "shortLongTermDebt": 722911000, "otherCurrentLiab": 1104626000, "longTermDebt": 2150140000, "otherLiab": 2568631000, "minorityInterest": 72639000, "totalCurrentLiabilities": 10246128000, "totalLiab": 16007956000, "commonStock": 344677000, "retainedEarnings": 13598747000, "treasuryStock": 806613000, "capitalSurplus": 2241179000, "otherStockholderEquity": 806613000, "totalStockholderEquity": 16991216000, "netTangibleAssets": 16981068000}, {"maxAge": 1, "endDate": "2019-12-31", "totalStockholderEquity": 17775800000, "netTangibleAssets": 17763600000}], "maxAge": 86400}, "earningsHistory": {"history": [{"maxAge": 1, "epsActual": {}, "epsEstimate": {}, "epsDifference": {}, "surprisePercent": {}, "quarter": {}, "period": "-4q"}, {"maxAge": 1, "epsActual": {}, "epsEstimate": {}, "epsDifference": {}, "surprisePercent": {}, "quarter": {}, "period": "-3q"}, {"maxAge": 1, "epsActual": 5.66, "epsEstimate": 4.6, "epsDifference": 1.06, "surprisePercent": 0.23, "quarter": "2018-06-30", "period": "-2q"}, {"maxAge": 1, "epsActual": 6.26, "epsEstimate": 5.6, "epsDifference": 0.66, "surprisePercent": 0.118, "quarter": "2018-09-30", "period": "-1q"}], "maxAge": 86400}, "indexTrend": {"maxAge": 1, "symbol": "SP5", "peRatio": 19.7411, "pegRatio": 1.34172, "estimates": [{"period": "0q", "growth": 0.549}, {"period": "+1q", "growth": 0.431}, {"period": "0y", "growth": 0.305}, {"period": "+1y", "growth": 0.109}, {"period": "+5y", "growth": 0.120865}, {"period": "-5y"}]}, "industryTrend": {"maxAge": 1, "symbol": null, "estimates": []}, "insiderTransactions": {"transactions": [{"maxAge": 1, "shares": 87000, "filerUrl": "", "transactionText": "", "filerName": "Dotex Merchandise Pvt. Ltd.", "filerRelation": "Promoter", "moneyText": "", "startDate": "2017-03-06", "ownership": "D"}, {"maxAge": 1, "shares": 1000, "filerUrl": "", "transactionText": "", "filerName": "Dotex Merchandise Pvt. Ltd.", "filerRelation": "Promoter", "moneyText": "", "startDate": "2014-12-05", "ownership": "D"}, {"maxAge": 1, "shares": 34000, "filerUrl": "", "transactionText": "", "filerName": "Dotex Merchandise Pvt. Ltd.", "filerRelation": "Promoter", "moneyText": "", "startDate": "2014-11-25", "ownership": "D"}, {"maxAge": 1, "shares": 33769, "filerUrl": "", "transactionText": "", "filerName": "ICICI Prudential Discovery Fund", "filerRelation": "Institution- Corporation", "moneyText": "", "startDate": "2012-04-10", "ownership": "D"}, {"maxAge": 1, "shares": 100000, "filerUrl": "", "transactionText": "", "filerName": "Acacia Partners LP", "filerRelation": "Investment Management Company", "moneyText": "", "startDate": "2011-11-30", "ownership": "D"}, {"maxAge": 1, "shares": 10000, "filerUrl": "", "transactionText": "", "filerName": "Goyal (Ashok)", "filerRelation": "Managing Director", "moneyText": "", "startDate": "2011-06-13", "ownership": "D"}], "maxAge": 1}, "quoteType": {"exchange": "BSE", "quoteType": "EQUITY", "symbol": "PHILIPCARB.BO", "underlyingSymbol": "PHILIPCARB.BO", "shortName": "PHILLIPS CARBON BLACK LTD.", "longName": "Phillips Carbon Black Limited", "firstTradeDateEpochUtc": "2000-01-03 09:15:00", "timeZoneFullName": "Asia/Kolkata", "timeZoneShortName": "IST", "uuid": "533c06cd-bd00-3206-985d-8c3768180b49", "gmtOffSetMilliseconds": 19800000, "maxAge": 1}, "incomeStatementHistory": {"incomeStatementHistory": [{"maxAge": 1, "endDate": "2020-03-31", "totalRevenue": 32435375000, "costOfRevenue": 22136389000, "grossProfit": 10298986000, "researchDevelopment": {}, "sellingGeneralAdministrative": 1392449000, "nonRecurring": {}, "otherOperatingExpenses": 4266678000, "totalOperatingExpenses": 28719137000, "operatingIncome": 3716238000, "totalOtherIncomeExpenseNet": -168206000, "ebit": 3716238000, "interestExpense": -456197000, "incomeBeforeTax": 3548032000, "incomeTaxExpense": 673017000, "minorityInterest": 72639000, "netIncomeFromContinuingOps": 2875015000, "discontinuedOperations": {}, "extraordinaryItems": {}, "effectOfAccountingCharges": {}, "otherItems": {}, "netIncome": 2865515000, "netIncomeApplicableToCommonShares": 2865515000}, {"maxAge": 1, "endDate": "2019-03-31", "totalRevenue": 35285568000, "costOfRevenue": 23415799000, "grossProfit": 11869769000, "researchDevelopment": {}, "sellingGeneralAdministrative": 1321388000, "nonRecurring": {}, "otherOperatingExpenses": 4405561000, "totalOperatingExpenses": 29806584000, "operatingIncome": 5478984000, "totalOtherIncomeExpenseNet": -149595000, "ebit": 5478984000, "interestExpense": -356632000, "incomeBeforeTax": 5329389000, "incomeTaxExpense": 1502725000, "minorityInterest": 58456000, "netIncomeFromContinuingOps": 3826664000, "discontinuedOperations": {}, "extraordinaryItems": {}, "effectOfAccountingCharges": {}, "otherItems": {}, "netIncome": 3836961000, "netIncomeApplicableToCommonShares": 3836961000}, {"maxAge": 1, "endDate": "2018-03-31", "totalRevenue": 25579381000, "costOfRevenue": 17061618000, "grossProfit": 8517763000, "researchDevelopment": {}, "sellingGeneralAdministrative": 1183424000, "nonRecurring": {}, "otherOperatingExpenses": 3205269000, "totalOperatingExpenses": 22055550000, "operatingIncome": 3523831000, "totalOtherIncomeExpenseNet": -487481000, "ebit": 3523831000, "interestExpense": -387238000, "incomeBeforeTax": 3036350000, "incomeTaxExpense": 740341000, "minorityInterest": 65913000, "netIncomeFromContinuingOps": 2296009000, "discontinuedOperations": {}, "extraordinaryItems": {}, "effectOfAccountingCharges": {}, "otherItems": {}, "netIncome": 2288430000, "netIncomeApplicableToCommonShares": 2288430000}, {"maxAge": 1, "endDate": "2017-03-31", "totalRevenue": 19269511000, "costOfRevenue": 12540131000, "grossProfit": 6729380000, "researchDevelopment": {}, "sellingGeneralAdministrative": 1049021000, "nonRecurring": {}, "otherOperatingExpenses": 3197775000, "totalOperatingExpenses": 17393125000, "operatingIncome": 1876386000, "totalOtherIncomeExpenseNet": -229455000, "ebit": 1876386000, "interestExpense": -459868000, "incomeBeforeTax": 1646931000, "incomeTaxExpense": 960046000, "minorityInterest": 58334000, "netIncomeFromContinuingOps": 686885000, "discontinuedOperations": {}, "extraordinaryItems": {}, "effectOfAccountingCharges": {}, "otherItems": {}, "netIncome": 692849000, "netIncomeApplicableToCommonShares": 692849000}], "maxAge": 86400}, "fundOwnership": {"ownershipList": [{"maxAge": 1, "reportDate": "2020-07-31", "organization": "DFA Emerging Markets Core Equity Portfolio", "pctHeld": 0.0034999999, "position": 610099, "value": 58661018}, {"maxAge": 1, "reportDate": "2020-07-31", "organization": "DFA Investment Dimensions-DFA Emerging Mkts Value", "pctHeld": 0.003, "position": 518512, "value": 49854928}, {"maxAge": 1, "reportDate": "2020-07-31", "organization": "DFA Emerging Markets Small Cap Series", "pctHeld": 0.0021, "position": 367071, "value": 35293876}, {"maxAge": 1, "reportDate": "2020-08-31", "organization": "WisdomTree Tr-WisdomTree Emerging Markets Small Cap Dividend Fund", "pctHeld": 0.0011999999, "position": 212721, "value": 24622455}, {"maxAge": 1, "reportDate": "2020-08-31", "organization": "WisdomTree Tr-WisdomTree India Earnings Fd", "pctHeld": 0.0011, "position": 187157, "value": 21663422}, {"maxAge": 1, "reportDate": "2020-08-31", "organization": "SPDR Portfolio Emerging Markets ETF", "pctHeld": 0.00029999999, "position": 59477, "value": 6884462}, {"maxAge": 1, "reportDate": "2020-05-31", "organization": "GMO Benchmark-Free Fund", "pctHeld": 0.00029999999, "position": 49681, "value": 3586968}, {"maxAge": 1, "reportDate": "2020-07-31", "organization": "DFA Investment Dimensions-World Ex U.S. Core Equity Port", "pctHeld": 0.0002, "position": 30584, "value": 2940651}, {"maxAge": 1, "reportDate": "2020-07-31", "organization": "DFA Investment Dimensions-Emerging Markets Social Core Equity", "pctHeld": 0.0002, "position": 29375, "value": 2824406}, {"maxAge": 1, "reportDate": "2020-07-31", "organization": "DFA T.A. World Ex U.S. Core Equity Portfolio", "pctHeld": 0.0002, "position": 27109, "value": 2606530}], "maxAge": 1}, "summaryDetail": {"maxAge": 1, "priceHint": 2, "previousClose": 211.55, "open": 210.0, "dayLow": 206.4, "dayHigh": 213.1, "regularMarketPreviousClose": 211.55, "regularMarketOpen": 210.0, "regularMarketDayLow": 206.4, "regularMarketDayHigh": 213.1, "trailingPE": 17.597933, "forwardPE": 7.5009036, "volume": 62715, "regularMarketVolume": 62715, "averageVolume": 189030, "averageVolume10days": 248250, "averageDailyVolume10Day": 248250, "bid": 0.0, "ask": 207.75, "bidSize": 0, "askSize": 0, "marketCap": 35768754176, "fiftyTwoWeekLow": 54.2, "fiftyTwoWeekHigh": 213.1, "fiftyDayAverage": 176.19849, "twoHundredDayAverage": 143.43787, "trailingAnnualDividendRate": 0.0, "trailingAnnualDividendYield": 0.0, "currency": "INR", "fromCurrency": null, "lastMarket": null, "algorithm": null, "tradeable": false}, "sectorTrend": {"maxAge": 1, "symbol": null, "estimates": []}, "incomeStatementHistoryQuarterly": {"incomeStatementHistory": [{"maxAge": 1, "endDate": "2020-09-30", "totalRevenue": 6638600000, "costOfRevenue": 4336900000, "grossProfit": 2301700000, "researchDevelopment": {}, "sellingGeneralAdministrative": 322600000, "nonRecurring": {}, "otherOperatingExpenses": 933300000, "totalOperatingExpenses": 5865900000, "operatingIncome": 772700000, "totalOtherIncomeExpenseNet": -42600000, "ebit": 772700000, "interestExpense": -64700000, "incomeBeforeTax": 730100000, "incomeTaxExpense": 149200000, "minorityInterest": 74000000, "netIncomeFromContinuingOps": 580900000, "discontinuedOperations": {}, "extraordinaryItems": {}, "effectOfAccountingCharges": {}, "otherItems": {}, "netIncome": 579700000, "netIncomeApplicableToCommonShares": 579700000}, {"maxAge": 1, "endDate": "2020-06-30", "totalRevenue": 3595300000, "costOfRevenue": 2349000000, "grossProfit": 1246300000, "researchDevelopment": {}, "sellingGeneralAdministrative": 311400000, "nonRecurring": {}, "otherOperatingExpenses": 555000000, "totalOperatingExpenses": 3486100000, "operatingIncome": 109200000, "totalOtherIncomeExpenseNet": -80100000, "ebit": 109200000, "interestExpense": -113700000, "incomeBeforeTax": 29100000, "incomeTaxExpense": 3700000, "minorityInterest": 74000000, "netIncomeFromContinuingOps": 25400000, "discontinuedOperations": {}, "extraordinaryItems": {}, "effectOfAccountingCharges": {}, "otherItems": {}, "netIncome": 24900000, "netIncomeApplicableToCommonShares": 24900000}, {"maxAge": 1, "endDate": "2020-03-31", "totalRevenue": 7003775000, "costOfRevenue": 4852989000, "grossProfit": 2150786000, "researchDevelopment": {}, "sellingGeneralAdministrative": 383049000, "nonRecurring": {}, "otherOperatingExpenses": 745578000, "totalOperatingExpenses": 6252337000, "operatingIncome": 751438000, "totalOtherIncomeExpenseNet": -40506000, "ebit": 751438000, "interestExpense": -131997000, "incomeBeforeTax": 710932000, "incomeTaxExpense": -18783000, "minorityInterest": 72639000, "netIncomeFromContinuingOps": 729715000, "discontinuedOperations": {}, "extraordinaryItems": {}, "effectOfAccountingCharges": {}, "otherItems": {}, "netIncome": 727615000, "netIncomeApplicableToCommonShares": 727615000}, {"maxAge": 1, "endDate": "2019-12-31", "totalRevenue": 7686500000, "costOfRevenue": 5171200000, "grossProfit": 2515300000, "researchDevelopment": {}, "sellingGeneralAdministrative": 339400000, "nonRecurring": {}, "otherOperatingExpenses": 1001000000, "totalOperatingExpenses": 6734300000, "operatingIncome": 952200000, "totalOtherIncomeExpenseNet": -21600000, "ebit": 952200000, "interestExpense": -106400000, "incomeBeforeTax": 930600000, "incomeTaxExpense": 228600000, "minorityInterest": 72639000, "netIncomeFromContinuingOps": 702000000, "discontinuedOperations": {}, "extraordinaryItems": {}, "effectOfAccountingCharges": {}, "otherItems": {}, "netIncome": 700600000, "netIncomeApplicableToCommonShares": 700600000}], "maxAge": 86400}, "cashflowStatementHistoryQuarterly": {"cashflowStatements": [{"maxAge": 1, "endDate": "2020-09-30", "netIncome": 579700000, "changeToLiabilities": 0}, {"maxAge": 1, "endDate": "2020-06-30", "netIncome": 24900000, "changeToLiabilities": 0}, {"maxAge": 1, "endDate": "2020-03-31", "netIncome": 727615000, "changeToLiabilities": 0}, {"maxAge": 1, "endDate": "2019-12-31", "netIncome": 700600000, "changeToLiabilities": 0}], "maxAge": 86400}, "insiderHolders": {"holders": [{"maxAge": 1, "name": "Acacia Partners LP", "relation": "Investment Management Company", "url": "", "transactionDescription": "Acquisition", "latestTransDate": "2011-11-30", "positionDirect": 1760000, "positionDirectDate": "2011-11-30"}, {"maxAge": 1, "name": "Dotex Merchandise Pvt. Ltd.", "relation": "Promoter", "url": "", "transactionDescription": "Sale", "latestTransDate": "2017-03-06", "positionDirect": 1068000, "positionDirectDate": "2017-03-06"}, {"maxAge": 1, "name": "Goyal (Ashok)", "relation": "Managing Director", "url": "", "transactionDescription": "Acquisition", "latestTransDate": "2011-06-13", "positionDirect": 10000, "positionDirectDate": "2011-06-13"}, {"maxAge": 1, "name": "ICICI Prudential Discovery Fund", "relation": "Institution- Corporation", "url": "", "transactionDescription": "Sale", "latestTransDate": "2012-04-10", "positionDirect": 1055623, "positionDirectDate": "2012-04-10"}], "maxAge": 1}, "earnings": {"maxAge": 86400, "earningsChart": {"quarterly": [{"date": "2Q2018", "actual": 5.66, "estimate": 4.6}, {"date": "3Q2018", "actual": 6.26, "estimate": 5.6}], "currentQuarterEstimateDate": "4Q", "currentQuarterEstimateYear": 2018, "earningsDate": []}, "financialsChart": {"yearly": [{"date": 2017, "revenue": 19269511000, "earnings": 692849000}, {"date": 2018, "revenue": 25579381000, "earnings": 2288430000}, {"date": 2019, "revenue": 35285568000, "earnings": 3836961000}, {"date": 2020, "revenue": 32435375000, "earnings": 2865515000}], "quarterly": [{"date": "4Q2019", "revenue": 7686500000, "earnings": 700600000}, {"date": "1Q2020", "revenue": 7003775000, "earnings": 727615000}, {"date": "2Q2020", "revenue": 3595300000, "earnings": 24900000}, {"date": "3Q2020", "revenue": 6638600000, "earnings": 579700000}]}, "financialCurrency": "INR"}, "calendarEvents": {"maxAge": 1, "earnings": {"earningsDate": []}}, "upgradeDowngradeHistory": {"history": [], "maxAge": 86400}, "price": {"maxAge": 1, "regularMarketChangePercent": -0.01890806, "regularMarketChange": -4.0, "regularMarketTime": "2021-04-30 15:56:07", "priceHint": 2, "regularMarketPrice": 207.55, "regularMarketDayHigh": 213.1, "regularMarketDayLow": 206.4, "regularMarketVolume": 62715, "averageDailyVolume10Day": 248250, "averageDailyVolume3Month": 189030, "regularMarketPreviousClose": 211.55, "regularMarketSource": "FREE_REALTIME", "regularMarketOpen": 210.0, "exchange": "BSE", "exchangeName": "BSE", "exchangeDataDelayedBy": 0, "marketState": "CLOSED", "quoteType": "EQUITY", "symbol": "PHILIPCARB.BO", "underlyingSymbol": null, "shortName": "PHILLIPS CARBON BLACK LTD.", "longName": "Phillips Carbon Black Limited", "currency": "INR", "quoteSourceName": "Delayed Quote", "currencySymbol": "\u20b9", "fromCurrency": null, "lastMarket": null, "marketCap": 35768754176}, "balanceSheetHistory": {"balanceSheetStatements": [{"maxAge": 1, "endDate": "2020-03-31", "cash": 1494206000, "netReceivables": 5995625000, "inventory": 3261887000, "otherCurrentAssets": 596620000, "totalCurrentAssets": 11402900000, "longTermInvestments": 1550834000, "propertyPlantEquipment": 19400130000, "intangibleAssets": 10148000, "otherAssets": 707799000, "totalAssets": 33071811000, "accountsPayable": 4187745000, "shortLongTermDebt": 722911000, "otherCurrentLiab": 1104626000, "longTermDebt": 2150140000, "otherLiab": 2568631000, "minorityInterest": 72639000, "totalCurrentLiabilities": 10246128000, "totalLiab": 16007956000, "commonStock": 344677000, "retainedEarnings": 13598747000, "treasuryStock": 806613000, "capitalSurplus": 2241179000, "otherStockholderEquity": 806613000, "totalStockholderEquity": 16991216000, "netTangibleAssets": 16981068000}, {"maxAge": 1, "endDate": "2019-03-31", "cash": 1135714000, "netReceivables": 6667879000, "inventory": 4602923000, "otherCurrentAssets": 650255000, "totalCurrentAssets": 14146554000, "longTermInvestments": 2570307000, "propertyPlantEquipment": 16694411000, "intangibleAssets": 14311000, "otherAssets": 445623000, "totalAssets": 33871206000, "accountsPayable": 5082864000, "shortLongTermDebt": 677754000, "otherCurrentLiab": 1156083000, "longTermDebt": 2736327000, "otherLiab": 2580314000, "minorityInterest": 58456000, "totalCurrentLiabilities": 11997202000, "totalLiab": 17313843000, "commonStock": 344677000, "retainedEarnings": 12367815000, "treasuryStock": 1545236000, "capitalSurplus": 2241179000, "otherStockholderEquity": 1545236000, "totalStockholderEquity": 16498907000, "netTangibleAssets": 16484596000}, {"maxAge": 1, "endDate": "2018-03-31", "cash": 1715971000, "netReceivables": 5317952000, "inventory": 3099016000, "otherCurrentAssets": 94177000, "totalCurrentAssets": 10278128000, "longTermInvestments": 3157552000, "propertyPlantEquipment": 14611118000, "intangibleAssets": 4464000, "otherAssets": 662737000, "totalAssets": 28713999000, "accountsPayable": 4018838000, "shortLongTermDebt": 304430000, "otherCurrentLiab": 985350000, "longTermDebt": 1642549000, "otherLiab": 2279732000, "minorityInterest": 65913000, "totalCurrentLiabilities": 10950028000, "totalLiab": 14872309000, "commonStock": 344677000, "retainedEarnings": 9634300000, "treasuryStock": 1555621000, "capitalSurplus": 2241179000, "otherStockholderEquity": 1555621000, "totalStockholderEquity": 13775777000, "netTangibleAssets": 13771313000}, {"maxAge": 1, "endDate": "2017-03-31", "cash": 232285000, "netReceivables": 4736086000, "inventory": 2435232000, "otherCurrentAssets": 251160000, "totalCurrentAssets": 8649660000, "longTermInvestments": 1957938000, "propertyPlantEquipment": 14626442000, "goodWill": 400000, "otherAssets": 566278000, "totalAssets": 25800718000, "accountsPayable": 4161671000, "shortLongTermDebt": 199052000, "otherCurrentLiab": 405187000, "longTermDebt": 1901625000, "otherLiab": 2053334000, "minorityInterest": 58334000, "totalCurrentLiabilities": 10480430000, "totalLiab": 14435389000, "commonStock": 344673000, "retainedEarnings": 7627104000, "treasuryStock": 1094058000, "capitalSurplus": 2241160000, "otherStockholderEquity": 1094058000, "totalStockholderEquity": 11306995000, "netTangibleAssets": 11306595000}], "maxAge": 86400}, "earningsTrend": {"trend": [{"maxAge": 1, "period": "0q", "endDate": "2018-12-31", "growth": {}, "earningsEstimate": {"avg": 0.0, "low": 0.0, "high": 0.0, "yearAgoEps": {}, "numberOfAnalysts": 0, "growth": {}}, "revenueEstimate": {"avg": 0, "low": 0, "high": 0, "numberOfAnalysts": 0, "yearAgoRevenue": {}, "growth": {}}, "epsTrend": {"current": 0.0, "7daysAgo": 0.0, "30daysAgo": 0.0, "60daysAgo": 0.0, "90daysAgo": 0.0}, "epsRevisions": {"upLast7days": 0, "upLast30days": 0, "downLast30days": 0, "downLast90days": {}}}, {"maxAge": 1, "period": "+1q", "endDate": "2019-03-31", "growth": {}, "earningsEstimate": {"avg": 0.0, "low": 0.0, "high": 0.0, "yearAgoEps": {}, "numberOfAnalysts": 0, "growth": {}}, "revenueEstimate": {"avg": 0, "low": 0, "high": 0, "numberOfAnalysts": 0, "yearAgoRevenue": {}, "growth": {}}, "epsTrend": {"current": 0.0, "7daysAgo": 0.0, "30daysAgo": 0.0, "60daysAgo": 0.0, "90daysAgo": 0.0}, "epsRevisions": {"upLast7days": 0, "upLast30days": 0, "downLast30days": 0, "downLast90days": {}}}, {"maxAge": 1, "period": "0y", "endDate": "2019-03-31", "growth": {}, "earningsEstimate": {"avg": 0.0, "low": 0.0, "high": 0.0, "yearAgoEps": {}, "numberOfAnalysts": 0, "growth": {}}, "revenueEstimate": {"avg": 33320300000, "low": 32854000000, "high": 33857000000, "numberOfAnalysts": 3, "yearAgoRevenue": 25469800000, "growth": 0.308}, "epsTrend": {"current": 0.0, "7daysAgo": 23.83, "30daysAgo": 23.83, "60daysAgo": 23.83, "90daysAgo": 23.83}, "epsRevisions": {"upLast7days": 0, "upLast30days": 0, "downLast30days": 0, "downLast90days": {}}}, {"maxAge": 1, "period": "+1y", "endDate": "2020-03-31", "growth": {}, "earningsEstimate": {"avg": 0.0, "low": 0.0, "high": 0.0, "yearAgoEps": {}, "numberOfAnalysts": 0, "growth": {}}, "revenueEstimate": {"avg": 38217000000, "low": 36473000000, "high": 39433000000, "numberOfAnalysts": 3, "yearAgoRevenue": 33320300000, "growth": 0.147}, "epsTrend": {"current": 0.0, "7daysAgo": 27.67, "30daysAgo": 27.67, "60daysAgo": 27.67, "90daysAgo": 27.67}, "epsRevisions": {"upLast7days": 0, "upLast30days": 0, "downLast30days": 0, "downLast90days": {}}}, {"maxAge": 1, "period": "+5y", "endDate": null, "growth": 0.14899999, "earningsEstimate": {"avg": {}, "low": {}, "high": {}, "yearAgoEps": {}, "numberOfAnalysts": {}, "growth": {}}, "revenueEstimate": {"avg": {}, "low": {}, "high": {}, "numberOfAnalysts": {}, "yearAgoRevenue": {}, "growth": {}}, "epsTrend": {"current": {}, "7daysAgo": {}, "30daysAgo": {}, "60daysAgo": {}, "90daysAgo": {}}, "epsRevisions": {"upLast7days": {}, "upLast30days": {}, "downLast30days": {}, "downLast90days": {}}}, {"maxAge": 1, "period": "-5y", "endDate": null, "growth": {}, "earningsEstimate": {"avg": {}, "low": {}, "high": {}, "yearAgoEps": {}, "numberOfAnalysts": {}, "growth": {}}, "revenueEstimate": {"avg": {}, "low": {}, "high": {}, "numberOfAnalysts": {}, "yearAgoRevenue": {}, "growth": {}}, "epsTrend": {"current": {}, "7daysAgo": {}, "30daysAgo": {}, "60daysAgo": {}, "90daysAgo": {}}, "epsRevisions": {"upLast7days": {}, "upLast30days": {}, "downLast30days": {}, "downLast90days": {}}}], "maxAge": 1}, "financialData": {"maxAge": 86400, "currentPrice": 207.55, "targetHighPrice": 402.0, "targetLowPrice": 311.0, "targetMeanPrice": 356.25, "targetMedianPrice": 356.0, "recommendationKey": "none", "numberOfAnalystOpinions": 4, "grossProfits": 10298986000, "financialCurrency": "INR"}}}