{"PHOENIXTN.BO": {"cashflowStatementHistory": {"cashflowStatements": [{"maxAge": 1, "endDate": "2020-03-31", "netIncome": 3754000, "depreciation": 24119000, "changeToNetincome": 14586000, "changeToAccountReceivables": -227000, "changeToLiabilities": 2249000, "changeToInventory": -393000, "changeToOperatingActivities": -59612000, "totalCashFromOperatingActivities": -15524000, "capitalExpenditures": -26120000, "investments": 6311000, "otherCashflowsFromInvestingActivities": -234000, "totalCashflowsFromInvestingActivities": -20043000, "netBorrowings": 46558000, "otherCashflowsFromFinancingActivities": -9886000, "totalCashFromFinancingActivities": 36672000, "changeInCash": 1105000}, {"maxAge": 1, "endDate": "2019-03-31", "netIncome": 7801000, "depreciation": 23327000, "changeToNetincome": 10802000, "changeToAccountReceivables": 5108000, "changeToLiabilities": 3501000, "changeToInventory": 305000, "changeToOperatingActivities": 51302000, "totalCashFromOperatingActivities": 102146000, "capitalExpenditures": -56495000, "investments": -1550000, "otherCashflowsFromInvestingActivities": -189000, "totalCashflowsFromInvestingActivities": -58234000, "netBorrowings": -35937000, "otherCashflowsFromFinancingActivities": -6448000, "totalCashFromFinancingActivities": -42385000, "changeInCash": 1527000}, {"maxAge": 1, "endDate": "2018-03-31", "netIncome": 6278000, "depreciation": 19436000, "changeToNetincome": 9244000, "changeToAccountReceivables": 9451000, "changeToLiabilities": 8291000, "changeToInventory": -42000, "changeToOperatingActivities": -46219000, "totalCashFromOperatingActivities": 6439000, "capitalExpenditures": -9216000, "investments": -4800000, "otherCashflowsFromInvestingActivities": -119000, "totalCashflowsFromInvestingActivities": -14135000, "netBorrowings": 13856000, "otherCashflowsFromFinancingActivities": -6206000, "totalCashFromFinancingActivities": 7650000, "changeInCash": -46000}, {"maxAge": 1, "endDate": "2017-03-31", "netIncome": 5169000, "depreciation": 18904000, "changeToNetincome": 7556000, "changeToAccountReceivables": 7855000, "changeToLiabilities": -4286000, "changeToInventory": -545000, "changeToOperatingActivities": -35197000, "totalCashFromOperatingActivities": -544000, "capitalExpenditures": -17407000, "investments": -4800000, "otherCashflowsFromInvestingActivities": -213000, "totalCashflowsFromInvestingActivities": -17620000, "netBorrowings": 20133000, "otherCashflowsFromFinancingActivities": -5263000, "totalCashFromFinancingActivities": 14870000, "changeInCash": -3294000}], "maxAge": 86400}, "institutionOwnership": {"ownershipList": [], "maxAge": 1}, "balanceSheetHistoryQuarterly": {"balanceSheetStatements": [{"maxAge": 1, "endDate": "2020-06-30", "totalStockholderEquity": 250997000, "netTangibleAssets": 247807100}, {"maxAge": 1, "endDate": "2020-03-31", "cash": 4753000, "shortTermInvestments": 926000, "netReceivables": 20037000, "inventory": 1256000, "otherCurrentAssets": 1176000, "totalCurrentAssets": 28370000, "longTermInvestments": 200000, "propertyPlantEquipment": 266955000, "goodWill": 1961000, "otherAssets": 134351000, "totalAssets": 431837000, "accountsPayable": 35196000, "otherCurrentLiab": 8411000, "longTermDebt": 91684000, "otherLiab": 18925000, "totalCurrentLiabilities": 70231000, "totalLiab": 180840000, "commonStock": 139843000, "retainedEarnings": 34703000, "treasuryStock": -515000, "otherStockholderEquity": -515000, "totalStockholderEquity": 174031000, "netTangibleAssets": 172070000}, {"maxAge": 1, "endDate": "2019-12-31", "totalStockholderEquity": 241908400, "netTangibleAssets": 239457800}, {"maxAge": 1, "endDate": "2019-09-30", "cash": 4331200, "shortTermInvestments": 16500, "netReceivables": 8769600, "inventory": 1321400, "otherCurrentAssets": 1291500, "totalCurrentAssets": 15730200, "propertyPlantEquipment": 265887500, "goodWill": 2450600, "otherAssets": 89343700, "totalAssets": 373412000, "accountsPayable": 30563200, "otherCurrentLiab": 30806900, "longTermDebt": 52391100, "otherLiab": 17742400, "totalCurrentLiabilities": 61370100, "totalLiab": 131503600, "commonStock": 139842600, "treasuryStock": 102065800, "otherStockholderEquity": 102065800, "totalStockholderEquity": 241908400, "netTangibleAssets": 239457800}], "maxAge": 86400}, "indexTrend": {"maxAge": 1, "symbol": "SP5", "peRatio": 19.7411, "pegRatio": 1.34172, "estimates": [{"period": "0q", "growth": 0.549}, {"period": "+1q", "growth": 0.431}, {"period": "0y", "growth": 0.305}, {"period": "+1y", "growth": 0.109}, {"period": "+5y", "growth": 0.120859005}, {"period": "-5y"}]}, "insiderTransactions": {"transactions": [{"maxAge": 1, "shares": 5750, "filerUrl": "", "transactionText": "", "filerName": "Jwala Investments & Trading Pvt. Ltd.", "filerRelation": "Promoter", "moneyText": "", "startDate": "2015-06-22", "ownership": "D"}, {"maxAge": 1, "shares": 55000, "filerUrl": "", "transactionText": "", "filerName": "Jwala Investments & Trading Pvt. Ltd.", "filerRelation": "Promoter", "moneyText": "", "startDate": "2015-06-02", "ownership": "D"}, {"maxAge": 1, "shares": 65000, "filerUrl": "", "transactionText": "", "filerName": "Jwala Investments & Trading Pvt. Ltd.", "filerRelation": "Promoter", "moneyText": "", "startDate": "2015-06-01", "ownership": "D"}, {"maxAge": 1, "shares": 65000, "filerUrl": "", "transactionText": "", "filerName": "Jwala Investments & Trading Pvt. Ltd.", "filerRelation": "Promoter", "moneyText": "", "startDate": "2015-05-29", "ownership": "D"}, {"maxAge": 1, "shares": 27000, "filerUrl": "", "transactionText": "", "filerName": "Jwala Investments & Trading Pvt. Ltd.", "filerRelation": "Promoter", "moneyText": "", "startDate": "2015-05-28", "ownership": "D"}, {"maxAge": 1, "shares": 40000, "filerUrl": "", "transactionText": "", "filerName": "Jwala Investments & Trading Pvt. Ltd.", "filerRelation": "Promoter", "moneyText": "", "startDate": "2015-04-29", "ownership": "D"}, {"maxAge": 1, "shares": 20000, "filerUrl": "", "transactionText": "", "filerName": "Jwala Investments & Trading Pvt. Ltd.", "filerRelation": "Promoter", "moneyText": "", "startDate": "2015-04-27", "ownership": "D"}, {"maxAge": 1, "shares": 24000, "filerUrl": "", "transactionText": "", "filerName": "Jwala Investments & Trading Pvt. Ltd.", "filerRelation": "Promoter", "moneyText": "", "startDate": "2015-04-24", "ownership": "D"}, {"maxAge": 1, "shares": 70000, "filerUrl": "", "transactionText": "", "filerName": "Jwala Investments & Trading Pvt. Ltd.", "filerRelation": "Promoter", "moneyText": "", "startDate": "2015-04-23", "ownership": "D"}, {"maxAge": 1, "shares": 50000, "filerUrl": "", "transactionText": "", "filerName": "Jwala Investments & Trading Pvt. Ltd.", "filerRelation": "Promoter", "moneyText": "", "startDate": "2015-04-22", "ownership": "D"}, {"maxAge": 1, "shares": 27500, "filerUrl": "", "transactionText": "", "filerName": "Glacier Traders Pvt. Ltd.", "filerRelation": "Promoter", "moneyText": "", "startDate": "2015-02-24", "ownership": "D"}, {"maxAge": 1, "shares": 30000, "filerUrl": "", "transactionText": "", "filerName": "Glacier Traders Pvt. Ltd.", "filerRelation": "Promoter", "moneyText": "", "startDate": "2015-02-20", "ownership": "D"}, {"maxAge": 1, "shares": 22500, "filerUrl": "", "transactionText": "", "filerName": "Glacier Traders Pvt. Ltd.", "filerRelation": "Promoter", "moneyText": "", "startDate": "2015-02-19", "ownership": "D"}, {"maxAge": 1, "shares": 20000, "filerUrl": "", "transactionText": "", "filerName": "Glacier Traders Pvt. Ltd.", "filerRelation": "Promoter", "moneyText": "", "startDate": "2015-02-18", "ownership": "D"}, {"maxAge": 1, "shares": 15000, "filerUrl": "", "transactionText": "", "filerName": "Glacier Traders Pvt. Ltd.", "filerRelation": "Promoter", "moneyText": "", "startDate": "2015-02-16", "ownership": "D"}, {"maxAge": 1, "shares": 11000, "filerUrl": "", "transactionText": "", "filerName": "Glacier Traders Pvt. Ltd.", "filerRelation": "Promoter", "moneyText": "", "startDate": "2015-02-12", "ownership": "D"}, {"maxAge": 1, "shares": 32000, "filerUrl": "", "transactionText": "", "filerName": "Hede Consultancy Company Pvt Ltd", "filerRelation": "Promoter", "moneyText": "", "startDate": "2015-02-04", "ownership": "D"}, {"maxAge": 1, "shares": 369600, "filerUrl": "", "transactionText": "", "filerName": "Colaba Real Estate Pvt. Ltd.", "filerRelation": "Promoter", "moneyText": "", "startDate": "2014-09-30", "ownership": "D"}, {"maxAge": 1, "shares": 1058178, "filerUrl": "", "transactionText": "", "filerName": "Sanquelim Investment Pvt. Ltd.", "filerRelation": "Promoter", "moneyText": "", "startDate": "2014-09-24", "ownership": "D"}, {"maxAge": 1, "shares": 4228057, "filerUrl": "", "transactionText": "", "filerName": "Jwala Investments & Trading Pvt. Ltd.", "filerRelation": "Promoter", "moneyText": "", "startDate": "2014-09-24", "ownership": "D"}, {"maxAge": 1, "shares": 225600, "filerUrl": "", "transactionText": "", "filerName": "Jackson Marine India, Ltd.", "filerRelation": "Promoter", "moneyText": "", "startDate": "2014-09-24", "ownership": "D"}, {"maxAge": 1, "shares": 1043015, "filerUrl": "", "transactionText": "", "filerName": "Hede Transport Pvt Ltd", "filerRelation": "Promoter", "moneyText": "", "startDate": "2014-09-24", "ownership": "D"}, {"maxAge": 1, "shares": 678124, "filerUrl": "", "transactionText": "", "filerName": "Hede Plantation Pvt Ltd", "filerRelation": "Promoter", "moneyText": "", "startDate": "2014-09-24", "ownership": "D"}, {"maxAge": 1, "shares": 1223140, "filerUrl": "", "transactionText": "", "filerName": "Hede Investment Pvt Ltd", "filerRelation": "Promoter", "moneyText": "", "startDate": "2014-09-24", "ownership": "D"}], "maxAge": 1}, "quoteType": {"exchange": "BSE", "quoteType": "EQUITY", "symbol": "PHOENIXTN.BO", "underlyingSymbol": "PHOENIXTN.BO", "shortName": "PHOENIX TOWNSHIP LTD", "longName": "Phoenix Township Limited", "firstTradeDateEpochUtc": "2014-04-10 09:15:00", "timeZoneFullName": "Asia/Kolkata", "timeZoneShortName": "IST", "uuid": "e9a4e52c-6cbe-3f86-a526-404cc05d2330", "gmtOffSetMilliseconds": 19800000, "maxAge": 1}, "incomeStatementHistory": {"incomeStatementHistory": [{"maxAge": 1, "endDate": "2020-03-31", "totalRevenue": 203435000, "costOfRevenue": 107697000, "grossProfit": 95738000, "researchDevelopment": {}, "sellingGeneralAdministrative": 2962000, "nonRecurring": {}, "otherOperatingExpenses": 50769000, "totalOperatingExpenses": 185547000, "operatingIncome": 17888000, "totalOtherIncomeExpenseNet": -10346000, "ebit": 17888000, "interestExpense": -9885000, "incomeBeforeTax": 7542000, "incomeTaxExpense": 3788000, "minorityInterest": {}, "netIncomeFromContinuingOps": 3754000, "discontinuedOperations": {}, "extraordinaryItems": {}, "effectOfAccountingCharges": {}, "otherItems": {}, "netIncome": 3754000, "netIncomeApplicableToCommonShares": 3754000}, {"maxAge": 1, "endDate": "2019-03-31", "totalRevenue": 204150000, "costOfRevenue": 115816000, "grossProfit": 88334000, "researchDevelopment": {}, "sellingGeneralAdministrative": 2231000, "nonRecurring": {}, "otherOperatingExpenses": 44827000, "totalOperatingExpenses": 186201000, "operatingIncome": 17949000, "totalOtherIncomeExpenseNet": -6445000, "ebit": 17949000, "interestExpense": -6448000, "incomeBeforeTax": 11504000, "incomeTaxExpense": 3703000, "minorityInterest": {}, "netIncomeFromContinuingOps": 7801000, "discontinuedOperations": {}, "extraordinaryItems": {}, "effectOfAccountingCharges": {}, "otherItems": {}, "netIncome": 7801000, "netIncomeApplicableToCommonShares": 7801000}, {"maxAge": 1, "endDate": "2018-03-31", "totalRevenue": 180350000, "costOfRevenue": 103398000, "grossProfit": 76952000, "researchDevelopment": {}, "sellingGeneralAdministrative": 2860000, "nonRecurring": {}, "otherOperatingExpenses": 39181000, "totalOperatingExpenses": 164875000, "operatingIncome": 15475000, "totalOtherIncomeExpenseNet": -7020000, "ebit": 15475000, "interestExpense": -6206000, "incomeBeforeTax": 8455000, "incomeTaxExpense": 2177000, "minorityInterest": {}, "netIncomeFromContinuingOps": 6278000, "discontinuedOperations": {}, "extraordinaryItems": {}, "effectOfAccountingCharges": {}, "otherItems": {}, "netIncome": 6278000, "netIncomeApplicableToCommonShares": 6278000}, {"maxAge": 1, "endDate": "2017-03-31", "totalRevenue": 148383000, "costOfRevenue": 83422000, "grossProfit": 64961000, "researchDevelopment": {}, "sellingGeneralAdministrative": 1469000, "nonRecurring": {}, "otherOperatingExpenses": 31958000, "totalOperatingExpenses": 135753000, "operatingIncome": 12630000, "totalOtherIncomeExpenseNet": -4955000, "ebit": 12630000, "interestExpense": -5263000, "incomeBeforeTax": 7675000, "incomeTaxExpense": 2506000, "minorityInterest": {}, "netIncomeFromContinuingOps": 5169000, "discontinuedOperations": {}, "extraordinaryItems": {}, "effectOfAccountingCharges": {}, "otherItems": {}, "netIncome": 5169000, "netIncomeApplicableToCommonShares": 5169000}], "maxAge": 86400}, "fundOwnership": {"ownershipList": [], "maxAge": 1}, "summaryDetail": {"maxAge": 1, "priceHint": 2, "previousClose": 10.5, "open": 10.5, "dayLow": 10.5, "dayHigh": 10.5, "regularMarketPreviousClose": 10.5, "regularMarketOpen": 10.5, "regularMarketDayLow": 10.5, "regularMarketDayHigh": 10.5, "volume": 6, "regularMarketVolume": 6, "averageVolume": 3492, "averageVolume10days": 2240, "averageDailyVolume10Day": 2240, "bid": 11.0, "ask": 0.0, "bidSize": 0, "askSize": 0, "marketCap": 146835152, "fiftyTwoWeekLow": 6.1, "fiftyTwoWeekHigh": 19.15, "fiftyDayAverage": 14.837576, "twoHundredDayAverage": 11.751029, "currency": "INR", "fromCurrency": null, "lastMarket": null, "algorithm": null, "tradeable": false}, "incomeStatementHistoryQuarterly": {"incomeStatementHistory": [{"maxAge": 1, "endDate": "2020-06-30", "totalRevenue": 5515600, "costOfRevenue": 5802000, "grossProfit": -286400, "researchDevelopment": {}, "sellingGeneralAdministrative": {}, "nonRecurring": {}, "otherOperatingExpenses": 3198900, "totalOperatingExpenses": 16879600, "operatingIncome": -11364000, "totalOtherIncomeExpenseNet": -1582600, "ebit": -11364000, "interestExpense": -1582600, "incomeBeforeTax": -12946600, "incomeTaxExpense": -2050600, "minorityInterest": {}, "netIncomeFromContinuingOps": -10896000, "discontinuedOperations": {}, "extraordinaryItems": {}, "effectOfAccountingCharges": {}, "otherItems": {}, "netIncome": -10896000, "netIncomeApplicableToCommonShares": -10896000}, {"maxAge": 1, "endDate": "2020-03-31", "totalRevenue": 56790000, "costOfRevenue": 33574000, "grossProfit": 23216000, "researchDevelopment": {}, "sellingGeneralAdministrative": 2962000, "nonRecurring": {}, "otherOperatingExpenses": 7390000, "totalOperatingExpenses": 49508000, "operatingIncome": 7282000, "totalOtherIncomeExpenseNet": -3505000, "ebit": 7282000, "interestExpense": -3043000, "incomeBeforeTax": 3777000, "incomeTaxExpense": 913000, "minorityInterest": {}, "netIncomeFromContinuingOps": 2864000, "discontinuedOperations": {}, "extraordinaryItems": {}, "effectOfAccountingCharges": {}, "otherItems": {}, "netIncome": 2864000, "netIncomeApplicableToCommonShares": 2864000}, {"maxAge": 1, "endDate": "2019-12-31", "totalRevenue": 65469000, "costOfRevenue": 30858000, "grossProfit": 34611000, "researchDevelopment": {}, "sellingGeneralAdministrative": 2962000, "nonRecurring": {}, "otherOperatingExpenses": 17536000, "totalOperatingExpenses": 54703000, "operatingIncome": 10766000, "totalOtherIncomeExpenseNet": -3173000, "ebit": 10766000, "interestExpense": -3172000, "incomeBeforeTax": 7593000, "incomeTaxExpense": 1629000, "minorityInterest": {}, "netIncomeFromContinuingOps": 5964000, "discontinuedOperations": {}, "extraordinaryItems": {}, "effectOfAccountingCharges": {}, "otherItems": {}, "netIncome": 5964000, "netIncomeApplicableToCommonShares": 5964000}, {"maxAge": 1, "endDate": "2019-09-30", "totalRevenue": 37980500, "costOfRevenue": 22988700, "grossProfit": 14991800, "researchDevelopment": {}, "sellingGeneralAdministrative": 2962000, "nonRecurring": {}, "otherOperatingExpenses": 12546600, "totalOperatingExpenses": 41665800, "operatingIncome": -3685300, "totalOtherIncomeExpenseNet": -1927900, "ebit": -3685300, "interestExpense": -1928100, "incomeBeforeTax": -5613200, "incomeTaxExpense": 1068600, "minorityInterest": {}, "netIncomeFromContinuingOps": -6681800, "discontinuedOperations": {}, "extraordinaryItems": {}, "effectOfAccountingCharges": {}, "otherItems": {}, "netIncome": -6681800, "netIncomeApplicableToCommonShares": -6681800}], "maxAge": 86400}, "cashflowStatementHistoryQuarterly": {"cashflowStatements": [{"maxAge": 1, "endDate": "2020-06-30", "netIncome": -10896000, "changeToLiabilities": 0}, {"maxAge": 1, "endDate": "2020-03-31", "netIncome": 2864000, "changeToLiabilities": 0}, {"maxAge": 1, "endDate": "2019-12-31", "netIncome": 5964000, "changeToLiabilities": 0}, {"maxAge": 1, "endDate": "2019-09-30", "netIncome": -6681800, "changeToLiabilities": 0}], "maxAge": 86400}, "insiderHolders": {"holders": [{"maxAge": 1, "name": "Colaba Real Estate Pvt. Ltd.", "relation": "Promoter", "url": "", "transactionDescription": "Sale", "latestTransDate": "2014-09-30", "positionDirect": 99115, "positionDirectDate": "2014-09-30"}, {"maxAge": 1, "name": "Glacier Traders Pvt. Ltd.", "relation": "Promoter", "url": "", "transactionDescription": "Sale", "latestTransDate": "2015-02-24", "positionDirect": 210700, "positionDirectDate": "2015-02-24"}, {"maxAge": 1, "name": "Hede Consultancy Company Pvt Ltd", "relation": "Promoter", "url": "", "transactionDescription": "Sale", "latestTransDate": "2015-02-04", "positionDirect": 2242880, "positionDirectDate": "2015-02-04"}, {"maxAge": 1, "name": "Hede Investment Pvt Ltd", "relation": "Promoter", "url": "", "transactionDescription": "Other", "latestTransDate": "2014-09-24", "positionDirect": 0, "positionDirectDate": "2014-09-24"}, {"maxAge": 1, "name": "Hede Plantation Pvt Ltd", "relation": "Promoter", "url": "", "transactionDescription": "Other", "latestTransDate": "2014-09-24", "positionDirect": 0, "positionDirectDate": "2014-09-24"}, {"maxAge": 1, "name": "Hede Transport Pvt Ltd", "relation": "Promoter", "url": "", "transactionDescription": "Other", "latestTransDate": "2014-09-24", "positionDirect": 0, "positionDirectDate": "2014-09-24"}, {"maxAge": 1, "name": "Jackson Marine India, Ltd.", "relation": "Promoter", "url": "", "transactionDescription": "Other", "latestTransDate": "2014-09-24", "positionDirect": 0, "positionDirectDate": "2014-09-24"}, {"maxAge": 1, "name": "Jwala Investments & Trading Pvt. Ltd.", "relation": "Promoter", "url": "", "transactionDescription": "Sale", "latestTransDate": "2015-06-22", "positionDirect": 3978307, "positionDirectDate": "2015-06-22"}, {"maxAge": 1, "name": "Sanquelim Investment Pvt. Ltd.", "relation": "Promoter", "url": "", "transactionDescription": "Other", "latestTransDate": "2014-09-24", "positionDirect": 0, "positionDirectDate": "2014-09-24"}], "maxAge": 1}, "calendarEvents": {"maxAge": 1, "earnings": {"earningsDate": []}}, "upgradeDowngradeHistory": {"history": [], "maxAge": 86400}, "price": {"maxAge": 1, "regularMarketChangePercent": 0.0, "regularMarketChange": 0.0, "regularMarketTime": "2021-04-28 12:21:27", "priceHint": 2, "regularMarketPrice": 10.5, "regularMarketDayHigh": 10.5, "regularMarketDayLow": 10.5, "regularMarketVolume": 6, "averageDailyVolume10Day": 2240, "averageDailyVolume3Month": 3492, "regularMarketPreviousClose": 10.5, "regularMarketSource": "FREE_REALTIME", "regularMarketOpen": 10.5, "exchange": "BSE", "exchangeName": "BSE", "exchangeDataDelayedBy": 0, "marketState": "CLOSED", "quoteType": "EQUITY", "symbol": "PHOENIXTN.BO", "underlyingSymbol": null, "shortName": "PHOENIX TOWNSHIP LTD", "longName": "Phoenix Township Limited", "currency": "INR", "quoteSourceName": "Delayed Quote", "currencySymbol": "\u20b9", "fromCurrency": null, "lastMarket": null, "marketCap": 146835152}, "balanceSheetHistory": {"balanceSheetStatements": [{"maxAge": 1, "endDate": "2020-03-31", "cash": 4753000, "shortTermInvestments": 926000, "netReceivables": 20037000, "inventory": 1256000, "otherCurrentAssets": 1176000, "totalCurrentAssets": 28370000, "longTermInvestments": 200000, "propertyPlantEquipment": 266955000, "goodWill": 1961000, "otherAssets": 134351000, "totalAssets": 431837000, "accountsPayable": 35196000, "otherCurrentLiab": 8411000, "longTermDebt": 91684000, "otherLiab": 18925000, "totalCurrentLiabilities": 70231000, "totalLiab": 180840000, "commonStock": 139843000, "retainedEarnings": 34703000, "treasuryStock": -515000, "otherStockholderEquity": -515000, "totalStockholderEquity": 174031000, "netTangibleAssets": 172070000}, {"maxAge": 1, "endDate": "2019-03-31", "cash": 4182000, "shortTermInvestments": 392000, "netReceivables": 19810000, "inventory": 863000, "otherCurrentAssets": 7593000, "totalCurrentAssets": 33213000, "propertyPlantEquipment": 265961000, "goodWill": 2941000, "otherAssets": 77375000, "totalAssets": 379490000, "accountsPayable": 32948000, "otherCurrentLiab": 6204000, "longTermDebt": 56529000, "otherLiab": 16498000, "totalCurrentLiabilities": 59481000, "totalLiab": 132508000, "commonStock": 139843000, "retainedEarnings": 30949000, "treasuryStock": -776000, "otherStockholderEquity": -776000, "totalStockholderEquity": 170016000, "netTangibleAssets": 167075000}, {"maxAge": 1, "endDate": "2018-03-31", "cash": 1938000, "shortTermInvestments": 1109000, "netReceivables": 24918000, "inventory": 1168000, "otherCurrentAssets": 7097000, "totalCurrentAssets": 36434000, "longTermInvestments": 64000, "propertyPlantEquipment": 235280000, "goodWill": 3921000, "intangibleAssets": 3921000, "otherAssets": 122765000, "totalAssets": 398464000, "accountsPayable": 29447000, "otherCurrentLiab": 8618000, "longTermDebt": 83731000, "otherLiab": 14643000, "totalCurrentLiabilities": 59709000, "totalLiab": 158083000, "commonStock": 139843000, "retainedEarnings": 23147000, "treasuryStock": 425000, "otherStockholderEquity": 425000, "totalStockholderEquity": 163415000, "netTangibleAssets": 159494000}, {"maxAge": 1, "endDate": "2017-03-31", "cash": 1846000, "shortTermInvestments": 1247000, "netReceivables": 34369000, "inventory": 1126000, "otherCurrentAssets": 1356000, "totalCurrentAssets": 40263000, "longTermInvestments": 64000, "propertyPlantEquipment": 245501000, "intangibleAssets": 4901000, "otherAssets": 86644000, "totalAssets": 377373000, "accountsPayable": 21156000, "otherCurrentLiab": 16051000, "longTermDebt": 74903000, "otherLiab": 14274000, "totalCurrentLiabilities": 54093000, "totalLiab": 143270000, "commonStock": 139843000, "retainedEarnings": 16869000, "treasuryStock": 425000, "otherStockholderEquity": 425000, "totalStockholderEquity": 157137000, "netTangibleAssets": 152236000}], "maxAge": 86400}, "financialData": {"maxAge": 86400, "currentPrice": 10.5, "recommendationKey": "none", "grossProfits": 95738000, "financialCurrency": "INR"}}}