{"PHOENXINTL.BO": {"cashflowStatementHistory": {"cashflowStatements": [{"maxAge": 1, "endDate": "2020-03-31", "netIncome": 30821000, "depreciation": 35448000, "changeToNetincome": 93373000, "changeToAccountReceivables": 52429000, "changeToLiabilities": -36747000, "changeToInventory": 14947000, "totalCashFromOperatingActivities": 190271000, "capitalExpenditures": -2063000, "otherCashflowsFromInvestingActivities": -3348000, "totalCashflowsFromInvestingActivities": -5411000, "netBorrowings": -58821000, "otherCashflowsFromFinancingActivities": -122579000, "totalCashFromFinancingActivities": -181400000, "changeInCash": 3481000}, {"maxAge": 1, "endDate": "2019-03-31", "netIncome": 30513000, "depreciation": 35253000, "changeToNetincome": 105743000, "changeToAccountReceivables": 211030000, "changeToLiabilities": -167829000, "changeToInventory": -5931000, "totalCashFromOperatingActivities": 208779000, "capitalExpenditures": -119000, "otherCashflowsFromInvestingActivities": -461104000, "totalCashflowsFromInvestingActivities": -461223000, "netBorrowings": -34678000, "otherCashflowsFromFinancingActivities": -172198000, "totalCashFromFinancingActivities": -206876000, "changeInCash": -459319000}, {"maxAge": 1, "endDate": "2018-03-31", "netIncome": 17952000, "depreciation": 35702000, "changeToNetincome": 92180000, "changeToAccountReceivables": 351934000, "changeToLiabilities": -229269000, "changeToInventory": -11242000, "totalCashFromOperatingActivities": 257257000, "capitalExpenditures": -363000, "otherCashflowsFromInvestingActivities": 2875000, "totalCashflowsFromInvestingActivities": 2514000, "netBorrowings": -21833000, "otherCashflowsFromFinancingActivities": 217661000, "totalCashFromFinancingActivities": 195828000, "changeInCash": 455599000}, {"maxAge": 1, "endDate": "2017-03-31", "netIncome": -8126000, "depreciation": 35747000, "changeToNetincome": 89603000, "changeToAccountReceivables": 21583000, "changeToLiabilities": 43159000, "changeToInventory": -4003000, "totalCashFromOperatingActivities": 177963000, "capitalExpenditures": -909000, "otherCashflowsFromInvestingActivities": 2440000, "totalCashflowsFromInvestingActivities": 1631000, "netBorrowings": 5681000, "otherCashflowsFromFinancingActivities": -172651000, "totalCashFromFinancingActivities": -166970000, "changeInCash": 12625000}], "maxAge": 86400}, "institutionOwnership": {"ownershipList": [], "maxAge": 1}, "balanceSheetHistoryQuarterly": {"balanceSheetStatements": [{"maxAge": 1, "endDate": "2020-06-30", "totalStockholderEquity": 3379515000, "netTangibleAssets": 3379515000}, {"maxAge": 1, "endDate": "2020-03-31", "cash": 558944000, "netReceivables": 172154000, "inventory": 59470000, "otherCurrentAssets": 285801000, "totalCurrentAssets": 1076394000, "longTermInvestments": 61478000, "propertyPlantEquipment": 2839096000, "otherAssets": 538437000, "totalAssets": 4515405000, "accountsPayable": 146802000, "shortLongTermDebt": 57456000, "otherCurrentLiab": 79139000, "longTermDebt": 780459000, "otherLiab": 63071000, "totalCurrentLiabilities": 291616000, "totalLiab": 1135890000, "commonStock": 167896000, "retainedEarnings": -423907000, "treasuryStock": 3411327000, "capitalSurplus": 224199000, "otherStockholderEquity": 3411327000, "totalStockholderEquity": 3379515000, "netTangibleAssets": 3379515000}, {"maxAge": 1, "endDate": "2019-12-31", "totalStockholderEquity": 3321562000, "netTangibleAssets": 3321562000}, {"maxAge": 1, "endDate": "2019-09-30", "cash": 495315000, "netReceivables": 190514000, "inventory": 56916000, "otherCurrentAssets": 445558000, "totalCurrentAssets": 1188303000, "longTermInvestments": 61416000, "propertyPlantEquipment": 2854901000, "otherAssets": 566640000, "totalAssets": 4671260000, "accountsPayable": 287556000, "otherCurrentLiab": 90887000, "longTermDebt": 798706000, "otherLiab": 106753000, "totalCurrentLiabilities": 444239000, "totalLiab": 1349698000, "commonStock": 167896000, "treasuryStock": 3153666000, "otherStockholderEquity": 3153666000, "totalStockholderEquity": 3321562000, "netTangibleAssets": 3321562000}], "maxAge": 86400}, "indexTrend": {"maxAge": 1, "symbol": "SP5", "peRatio": 19.7411, "pegRatio": 1.34172, "estimates": [{"period": "0q", "growth": 0.549}, {"period": "+1q", "growth": 0.431}, {"period": "0y", "growth": 0.305}, {"period": "+1y", "growth": 0.109}, {"period": "+5y", "growth": 0.120859005}, {"period": "-5y"}]}, "quoteType": {"exchange": "BSE", "quoteType": "EQUITY", "symbol": "PHOENXINTL.BO", "underlyingSymbol": "PHOENXINTL.BO", "shortName": "PHOENIX INTERNATIONAL LTD.", "longName": "Phoenix International Limited", "firstTradeDateEpochUtc": "2000-06-26 09:15:00", "timeZoneFullName": "Asia/Kolkata", "timeZoneShortName": "IST", "uuid": "a4bc5767-8c87-377b-a5a2-36f61ef2c05e", "gmtOffSetMilliseconds": 19800000, "maxAge": 1}, "incomeStatementHistory": {"incomeStatementHistory": [{"maxAge": 1, "endDate": "2020-03-31", "totalRevenue": 429812000, "costOfRevenue": 243340000, "grossProfit": 186472000, "researchDevelopment": {}, "sellingGeneralAdministrative": 13769000, "nonRecurring": {}, "otherOperatingExpenses": 27928000, "totalOperatingExpenses": 320485000, "operatingIncome": 109327000, "totalOtherIncomeExpenseNet": -65210000, "ebit": 109327000, "interestExpense": -93413000, "incomeBeforeTax": 44117000, "incomeTaxExpense": 13296000, "minorityInterest": {}, "netIncomeFromContinuingOps": 30821000, "discontinuedOperations": {}, "extraordinaryItems": {}, "effectOfAccountingCharges": {}, "otherItems": {}, "netIncome": 30821000, "netIncomeApplicableToCommonShares": 30821000}, {"maxAge": 1, "endDate": "2019-03-31", "totalRevenue": 425056000, "costOfRevenue": 223436000, "grossProfit": 201620000, "researchDevelopment": {}, "sellingGeneralAdministrative": 14027000, "nonRecurring": {}, "otherOperatingExpenses": 18333000, "totalOperatingExpenses": 291049000, "operatingIncome": 134007000, "totalOtherIncomeExpenseNet": -99065000, "ebit": 134007000, "interestExpense": -99635000, "incomeBeforeTax": 34942000, "incomeTaxExpense": 4429000, "minorityInterest": {}, "netIncomeFromContinuingOps": 30513000, "discontinuedOperations": {}, "extraordinaryItems": {}, "effectOfAccountingCharges": {}, "otherItems": {}, "netIncome": 30513000, "netIncomeApplicableToCommonShares": 30513000}, {"maxAge": 1, "endDate": "2018-03-31", "totalRevenue": 392630000, "costOfRevenue": 151031000, "grossProfit": 241599000, "researchDevelopment": {}, "sellingGeneralAdministrative": 24108000, "nonRecurring": {}, "otherOperatingExpenses": 64419000, "totalOperatingExpenses": 275260000, "operatingIncome": 117370000, "totalOtherIncomeExpenseNet": -107654000, "ebit": 117370000, "interestExpense": -103831000, "incomeBeforeTax": 9716000, "incomeTaxExpense": -8236000, "minorityInterest": {}, "netIncomeFromContinuingOps": 17952000, "discontinuedOperations": {}, "extraordinaryItems": {}, "effectOfAccountingCharges": {}, "otherItems": {}, "netIncome": 17952000, "netIncomeApplicableToCommonShares": 17952000}, {"maxAge": 1, "endDate": "2017-03-31", "totalRevenue": 409003000, "costOfRevenue": 212803000, "grossProfit": 196200000, "researchDevelopment": {}, "sellingGeneralAdministrative": 10798000, "nonRecurring": {}, "otherOperatingExpenses": 68161000, "totalOperatingExpenses": 327509000, "operatingIncome": 81494000, "totalOtherIncomeExpenseNet": -91558000, "ebit": 81494000, "interestExpense": -106297000, "incomeBeforeTax": -10064000, "incomeTaxExpense": -1938000, "minorityInterest": {}, "netIncomeFromContinuingOps": -8126000, "discontinuedOperations": {}, "extraordinaryItems": {}, "effectOfAccountingCharges": {}, "otherItems": {}, "netIncome": -8126000, "netIncomeApplicableToCommonShares": -8126000}], "maxAge": 86400}, "fundOwnership": {"ownershipList": [], "maxAge": 1}, "summaryDetail": {"maxAge": 1, "priceHint": 2, "previousClose": 12.37, "open": 12.15, "dayLow": 12.11, "dayHigh": 12.15, "regularMarketPreviousClose": 12.37, "regularMarketOpen": 12.15, "regularMarketDayLow": 12.11, "regularMarketDayHigh": 12.15, "trailingPE": 7.044793, "volume": 300, "regularMarketVolume": 300, "averageVolume": 3245, "averageVolume10days": 380, "averageDailyVolume10Day": 380, "bid": 12.31, "ask": 12.93, "bidSize": 0, "askSize": 0, "marketCap": 203322048, "fiftyTwoWeekLow": 7.51, "fiftyTwoWeekHigh": 17.78, "fiftyDayAverage": 14.585455, "twoHundredDayAverage": 12.849927, "currency": "INR", "fromCurrency": null, "lastMarket": null, "algorithm": null, "tradeable": false}, "incomeStatementHistoryQuarterly": {"incomeStatementHistory": [{"maxAge": 1, "endDate": "2020-06-30", "totalRevenue": 56312000, "costOfRevenue": 9507000, "grossProfit": 46805000, "researchDevelopment": {}, "sellingGeneralAdministrative": 4146000, "nonRecurring": {}, "otherOperatingExpenses": 6180000, "totalOperatingExpenses": 28695000, "operatingIncome": 27617000, "totalOtherIncomeExpenseNet": -17624000, "ebit": 27617000, "interestExpense": -22324000, "incomeBeforeTax": 9993000, "incomeTaxExpense": 2900000, "minorityInterest": {}, "netIncomeFromContinuingOps": 7093000, "discontinuedOperations": {}, "extraordinaryItems": {}, "effectOfAccountingCharges": {}, "otherItems": {}, "netIncome": 7093000, "netIncomeApplicableToCommonShares": 7093000}, {"maxAge": 1, "endDate": "2020-03-31", "totalRevenue": 105894000, "costOfRevenue": 96061000, "grossProfit": 9833000, "researchDevelopment": {}, "sellingGeneralAdministrative": 5119000, "nonRecurring": {}, "otherOperatingExpenses": -29007000, "totalOperatingExpenses": 81181000, "operatingIncome": 24713000, "totalOtherIncomeExpenseNet": -14103000, "ebit": 24713000, "interestExpense": -19519000, "incomeBeforeTax": 10610000, "incomeTaxExpense": -2370000, "minorityInterest": {}, "netIncomeFromContinuingOps": 12980000, "discontinuedOperations": {}, "extraordinaryItems": {}, "effectOfAccountingCharges": {}, "otherItems": {}, "netIncome": 12980000, "netIncomeApplicableToCommonShares": 12980000}, {"maxAge": 1, "endDate": "2019-12-31", "totalRevenue": 109546000, "costOfRevenue": 53921000, "grossProfit": 55625000, "researchDevelopment": {}, "sellingGeneralAdministrative": 3733000, "nonRecurring": {}, "otherOperatingExpenses": 15134000, "totalOperatingExpenses": 81602000, "operatingIncome": 27944000, "totalOtherIncomeExpenseNet": -20383000, "ebit": 27944000, "interestExpense": -28283000, "incomeBeforeTax": 7561000, "incomeTaxExpense": 7266000, "minorityInterest": {}, "netIncomeFromContinuingOps": 295000, "discontinuedOperations": {}, "extraordinaryItems": {}, "effectOfAccountingCharges": {}, "otherItems": {}, "netIncome": 295000, "netIncomeApplicableToCommonShares": 295000}, {"maxAge": 1, "endDate": "2019-09-30", "totalRevenue": 112533000, "costOfRevenue": 50239000, "grossProfit": 62294000, "researchDevelopment": {}, "sellingGeneralAdministrative": 1858000, "nonRecurring": {}, "otherOperatingExpenses": 21753000, "totalOperatingExpenses": 82663000, "operatingIncome": 29870000, "totalOtherIncomeExpenseNet": -15769000, "ebit": 29870000, "interestExpense": -22680000, "incomeBeforeTax": 14101000, "incomeTaxExpense": 5100000, "minorityInterest": {}, "netIncomeFromContinuingOps": 9001000, "discontinuedOperations": {}, "extraordinaryItems": {}, "effectOfAccountingCharges": {}, "otherItems": {}, "netIncome": 9001000, "netIncomeApplicableToCommonShares": 9001000}], "maxAge": 86400}, "cashflowStatementHistoryQuarterly": {"cashflowStatements": [{"maxAge": 1, "endDate": "2020-06-30", "netIncome": 7093000, "changeToLiabilities": 0}, {"maxAge": 1, "endDate": "2020-03-31", "netIncome": 12980000, "changeToLiabilities": 0}, {"maxAge": 1, "endDate": "2019-12-31", "netIncome": 295000, "changeToLiabilities": 0}, {"maxAge": 1, "endDate": "2019-09-30", "netIncome": 9001000, "changeToLiabilities": 0}], "maxAge": 86400}, "insiderHolders": {"holders": [], "maxAge": 1}, "calendarEvents": {"maxAge": 1, "earnings": {"earningsDate": []}}, "upgradeDowngradeHistory": {"history": [], "maxAge": 86400}, "price": {"maxAge": 1, "regularMarketChangePercent": -0.021018613, "regularMarketChange": -0.26000023, "regularMarketTime": "2021-04-30 12:33:56", "priceHint": 2, "regularMarketPrice": 12.11, "regularMarketDayHigh": 12.15, "regularMarketDayLow": 12.11, "regularMarketVolume": 300, "averageDailyVolume10Day": 380, "averageDailyVolume3Month": 3245, "regularMarketPreviousClose": 12.37, "regularMarketSource": "FREE_REALTIME", "regularMarketOpen": 12.15, "exchange": "BSE", "exchangeName": "BSE", "exchangeDataDelayedBy": 0, "marketState": "CLOSED", "quoteType": "EQUITY", "symbol": "PHOENXINTL.BO", "underlyingSymbol": null, "shortName": "PHOENIX INTERNATIONAL LTD.", "longName": "Phoenix International Limited", "currency": "INR", "quoteSourceName": "Delayed Quote", "currencySymbol": "\u20b9", "fromCurrency": null, "lastMarket": null, "marketCap": 203322048}, "balanceSheetHistory": {"balanceSheetStatements": [{"maxAge": 1, "endDate": "2020-03-31", "cash": 558944000, "netReceivables": 172154000, "inventory": 59470000, "otherCurrentAssets": 285801000, "totalCurrentAssets": 1076394000, "longTermInvestments": 61478000, "propertyPlantEquipment": 2839096000, "otherAssets": 538437000, "totalAssets": 4515405000, "accountsPayable": 146802000, "shortLongTermDebt": 57456000, "otherCurrentLiab": 79139000, "longTermDebt": 780459000, "otherLiab": 63071000, "totalCurrentLiabilities": 291616000, "totalLiab": 1135890000, "commonStock": 167896000, "retainedEarnings": -423907000, "treasuryStock": 3411327000, "capitalSurplus": 224199000, "otherStockholderEquity": 3411327000, "totalStockholderEquity": 3379515000, "netTangibleAssets": 3379515000}, {"maxAge": 1, "endDate": "2019-03-31", "cash": 522029000, "netReceivables": 133769000, "inventory": 74417000, "otherCurrentAssets": 376612000, "totalCurrentAssets": 1106858000, "longTermInvestments": 61684000, "propertyPlantEquipment": 2872481000, "otherAssets": 497700000, "totalAssets": 4538723000, "accountsPayable": 159638000, "shortLongTermDebt": 48768000, "otherCurrentLiab": 84389000, "longTermDebt": 838530000, "otherLiab": 67475000, "totalCurrentLiabilities": 328364000, "totalLiab": 1234369000, "commonStock": 167896000, "retainedEarnings": -475715000, "treasuryStock": 3387974000, "capitalSurplus": 224199000, "otherStockholderEquity": 3387974000, "totalStockholderEquity": 3304354000, "netTangibleAssets": 3304354000}, {"maxAge": 1, "endDate": "2018-03-31", "cash": 490632000, "netReceivables": 343265000, "inventory": 68487000, "otherCurrentAssets": 323553000, "totalCurrentAssets": 1226198000, "longTermInvestments": 239000000, "propertyPlantEquipment": 2930857000, "otherAssets": 220617000, "totalAssets": 4616672000, "accountsPayable": 341128000, "shortLongTermDebt": 38821000, "otherCurrentLiab": 40462000, "longTermDebt": 865104000, "otherLiab": 77939000, "totalCurrentLiabilities": 500113000, "totalLiab": 1443156000, "commonStock": 167896000, "retainedEarnings": -506228000, "treasuryStock": 3287649000, "capitalSurplus": 224199000, "otherStockholderEquity": 3287649000, "totalStockholderEquity": 3173516000, "netTangibleAssets": 3173516000}, {"maxAge": 1, "endDate": "2017-03-31", "cash": 35034000, "netReceivables": 258714000, "inventory": 57245000, "otherCurrentAssets": 803412000, "totalCurrentAssets": 1154687000, "longTermInvestments": 238990000, "propertyPlantEquipment": 2966198000, "otherAssets": 351243000, "totalAssets": 4711118000, "accountsPayable": 214856000, "shortLongTermDebt": 30132000, "otherCurrentLiab": 31929000, "longTermDebt": 897267000, "otherLiab": 93467000, "totalCurrentLiabilities": 558099000, "totalLiab": 1548833000, "commonStock": 167896000, "retainedEarnings": -518157000, "treasuryStock": 3288347000, "capitalSurplus": 224199000, "otherStockholderEquity": 3288347000, "totalStockholderEquity": 3162285000, "netTangibleAssets": 3162285000}], "maxAge": 86400}, "financialData": {"maxAge": 86400, "currentPrice": 12.11, "recommendationKey": "none", "grossProfits": 186472000, "financialCurrency": "INR"}}}