{"PHRMASI.BO": {"cashflowStatementHistory": {"cashflowStatements": [{"maxAge": 1, "endDate": "2020-03-31", "netIncome": 5397892, "depreciation": 3988972, "changeToNetincome": 2301458, "changeToAccountReceivables": -5562328, "changeToLiabilities": 3635646, "changeToInventory": -1194381, "changeToOperatingActivities": -7766282, "totalCashFromOperatingActivities": 800977, "otherCashflowsFromInvestingActivities": -40428, "totalCashflowsFromInvestingActivities": -40428, "netBorrowings": -1104491, "totalCashFromFinancingActivities": -1104491, "changeInCash": -343942}, {"maxAge": 1, "endDate": "2019-03-31", "netIncome": 7774955, "depreciation": 4616372, "changeToNetincome": -952069, "changeToAccountReceivables": -79683414, "changeToLiabilities": 104864017, "changeToInventory": -46764971, "changeToOperatingActivities": 10707345, "totalCashFromOperatingActivities": 562235, "capitalExpenditures": -1174504, "otherCashflowsFromInvestingActivities": -188632, "totalCashflowsFromInvestingActivities": -989592, "netBorrowings": 379475, "totalCashFromFinancingActivities": 379475, "changeInCash": -47882}, {"maxAge": 1, "endDate": "2018-03-31", "netIncome": 5728375, "depreciation": 4657344, "changeToNetincome": -2332349, "changeToAccountReceivables": -2308484, "changeToLiabilities": 20104899, "changeToInventory": -2586266, "changeToOperatingActivities": -14464020, "totalCashFromOperatingActivities": 8799499, "capitalExpenditures": -9001584, "otherCashflowsFromInvestingActivities": -154067, "totalCashflowsFromInvestingActivities": -9155651, "netBorrowings": 770878, "totalCashFromFinancingActivities": 770878, "changeInCash": 414727}, {"maxAge": 1, "endDate": "2017-03-31", "netIncome": 1624816, "depreciation": 4403408, "changeToNetincome": -89548, "changeToAccountReceivables": -6589265, "changeToLiabilities": 20018234, "changeToInventory": -8409450, "changeToOperatingActivities": -11797241, "totalCashFromOperatingActivities": -839046, "capitalExpenditures": -709049, "investments": -1128665, "otherCashflowsFromInvestingActivities": -154067, "totalCashflowsFromInvestingActivities": -1837714, "netBorrowings": -226511, "totalCashFromFinancingActivities": -226511, "changeInCash": -2903271}], "maxAge": 86400}, "institutionOwnership": {"ownershipList": [], "maxAge": 1}, "balanceSheetHistoryQuarterly": {"balanceSheetStatements": [{"maxAge": 1, "endDate": "2020-06-30", "totalStockholderEquity": 134084900, "netTangibleAssets": 133749900}, {"maxAge": 1, "endDate": "2020-03-31", "cash": 364454, "netReceivables": 135692495, "inventory": 60847358, "otherCurrentAssets": 2328080, "totalCurrentAssets": 199384097, "propertyPlantEquipment": 133648628, "goodWill": 335000, "otherAssets": 2631686, "totalAssets": 335999411, "accountsPayable": 182579782, "shortLongTermDebt": 344018, "otherCurrentLiab": 5145522, "otherLiab": 7236413, "totalCurrentLiabilities": 194678098, "totalLiab": 201914511, "commonStock": 68269600, "retainedEarnings": 15114830, "treasuryStock": 50700470, "otherStockholderEquity": 50700470, "totalStockholderEquity": 134084900, "netTangibleAssets": 133749900}, {"maxAge": 1, "endDate": "2019-12-31", "totalStockholderEquity": 128290000, "netTangibleAssets": 127955000}, {"maxAge": 1, "endDate": "2019-09-30", "cash": 4532000, "netReceivables": 66920000, "inventory": 59431000, "otherCurrentAssets": 10788000, "totalCurrentAssets": 141671000, "propertyPlantEquipment": 135643000, "goodWill": 335000, "otherAssets": 2610000, "totalAssets": 280259000, "accountsPayable": 129846000, "otherCurrentLiab": 13765000, "longTermDebt": 835000, "otherLiab": 7523000, "totalCurrentLiabilities": 143611000, "totalLiab": 151969000, "commonStock": 68270000, "treasuryStock": 60020000, "otherStockholderEquity": 60020000, "totalStockholderEquity": 128290000, "netTangibleAssets": 127955000}], "maxAge": 86400}, "indexTrend": {"maxAge": 1, "symbol": "SP5", "peRatio": 19.7411, "pegRatio": 1.34172, "estimates": [{"period": "0q", "growth": 0.549}, {"period": "+1q", "growth": 0.431}, {"period": "0y", "growth": 0.305}, {"period": "+1y", "growth": 0.109}, {"period": "+5y", "growth": 0.120859005}, {"period": "-5y"}]}, "quoteType": {"exchange": "BSE", "quoteType": "EQUITY", "symbol": "PHRMASI.BO", "underlyingSymbol": "PHRMASI.BO", "shortName": "PHAARMASIA LTD.", "longName": "Phaarmasia Limited", "firstTradeDateEpochUtc": "2008-05-14 09:15:00", "timeZoneFullName": "Asia/Kolkata", "timeZoneShortName": "IST", "uuid": "3aa0786c-8cdf-3447-b405-fac786a63219", "gmtOffSetMilliseconds": 19800000, "maxAge": 1}, "incomeStatementHistory": {"incomeStatementHistory": [{"maxAge": 1, "endDate": "2020-03-31", "totalRevenue": 244536412, "costOfRevenue": 180010998, "grossProfit": 64525414, "researchDevelopment": {}, "sellingGeneralAdministrative": 15894146, "nonRecurring": {}, "otherOperatingExpenses": 34829357, "totalOperatingExpenses": 234723473, "operatingIncome": 9812939, "totalOtherIncomeExpenseNet": -206159, "ebit": 9812939, "interestExpense": -368564, "incomeBeforeTax": 9606780, "incomeTaxExpense": 4208888, "minorityInterest": {}, "netIncomeFromContinuingOps": 5397892, "discontinuedOperations": {}, "extraordinaryItems": {}, "effectOfAccountingCharges": {}, "otherItems": {}, "netIncome": 5397892, "netIncomeApplicableToCommonShares": 5397892}, {"maxAge": 1, "endDate": "2019-03-31", "totalRevenue": 256967031, "costOfRevenue": 164236766, "grossProfit": 92730265, "researchDevelopment": {}, "sellingGeneralAdministrative": 17424283, "nonRecurring": {}, "otherOperatingExpenses": 62482420, "totalOperatingExpenses": 248759841, "operatingIncome": 8207190, "totalOtherIncomeExpenseNet": 103720, "ebit": 8207190, "interestExpense": -368535, "incomeBeforeTax": 8310910, "incomeTaxExpense": 535955, "minorityInterest": {}, "netIncomeFromContinuingOps": 7774955, "discontinuedOperations": {}, "extraordinaryItems": {}, "effectOfAccountingCharges": {}, "otherItems": {}, "netIncome": 7774955, "netIncomeApplicableToCommonShares": 7774955}, {"maxAge": 1, "endDate": "2018-03-31", "totalRevenue": 201786949, "costOfRevenue": 103999684, "grossProfit": 97787265, "researchDevelopment": {}, "sellingGeneralAdministrative": 18413653, "nonRecurring": {}, "otherOperatingExpenses": 67557533, "totalOperatingExpenses": 194628214, "operatingIncome": 7158735, "totalOtherIncomeExpenseNet": -365201, "ebit": 7158735, "interestExpense": -422824, "incomeBeforeTax": 6793534, "incomeTaxExpense": 1065159, "minorityInterest": {}, "netIncomeFromContinuingOps": 5728375, "discontinuedOperations": {}, "extraordinaryItems": {}, "effectOfAccountingCharges": {}, "otherItems": {}, "netIncome": 5728375, "netIncomeApplicableToCommonShares": 5728375}, {"maxAge": 1, "endDate": "2017-03-31", "totalRevenue": 143593820, "costOfRevenue": 16878890, "grossProfit": 126714930, "researchDevelopment": {}, "sellingGeneralAdministrative": 15786675, "nonRecurring": {}, "otherOperatingExpenses": 103817901, "totalOperatingExpenses": 140886874, "operatingIncome": 2706946, "totalOtherIncomeExpenseNet": -44209, "ebit": 2706946, "interestExpense": -84997, "incomeBeforeTax": 2662737, "incomeTaxExpense": 1037921, "minorityInterest": {}, "netIncomeFromContinuingOps": 1624816, "discontinuedOperations": {}, "extraordinaryItems": {}, "effectOfAccountingCharges": {}, "otherItems": {}, "netIncome": 1624816, "netIncomeApplicableToCommonShares": 1624816}], "maxAge": 86400}, "fundOwnership": {"ownershipList": [], "maxAge": 1}, "summaryDetail": {"maxAge": 1, "priceHint": 2, "previousClose": 31.25, "open": 32.15, "dayLow": 29.7, "dayHigh": 32.8, "regularMarketPreviousClose": 31.25, "regularMarketOpen": 32.15, "regularMarketDayLow": 29.7, "regularMarketDayHigh": 32.8, "trailingPE": 31.782948, "volume": 868, "regularMarketVolume": 868, "averageVolume": 562, "averageVolume10days": 54, "averageDailyVolume10Day": 54, "bid": 32.8, "ask": 0.0, "bidSize": 0, "askSize": 0, "marketCap": 223924288, "fiftyTwoWeekLow": 10.3, "fiftyTwoWeekHigh": 42.7, "fiftyDayAverage": 32.189392, "twoHundredDayAverage": 28.779043, "currency": "INR", "fromCurrency": null, "lastMarket": null, "algorithm": null, "tradeable": false}, "incomeStatementHistoryQuarterly": {"incomeStatementHistory": [{"maxAge": 1, "endDate": "2020-06-30", "totalRevenue": 52514000, "costOfRevenue": 39335000, "grossProfit": 13179000, "researchDevelopment": {}, "sellingGeneralAdministrative": 3021000, "nonRecurring": {}, "otherOperatingExpenses": 8552000, "totalOperatingExpenses": 51756000, "operatingIncome": 758000, "totalOtherIncomeExpenseNet": -21000, "ebit": 758000, "interestExpense": -20000, "incomeBeforeTax": 737000, "incomeTaxExpense": 187000, "minorityInterest": {}, "netIncomeFromContinuingOps": 550000, "discontinuedOperations": {}, "extraordinaryItems": {}, "effectOfAccountingCharges": {}, "otherItems": {}, "netIncome": 550000, "netIncomeApplicableToCommonShares": 550000}, {"maxAge": 1, "endDate": "2020-03-31", "totalRevenue": 54857412, "costOfRevenue": 37279998, "grossProfit": 17577414, "researchDevelopment": {}, "sellingGeneralAdministrative": 3857146, "nonRecurring": {}, "otherOperatingExpenses": 5455357, "totalOperatingExpenses": 47584473, "operatingIncome": 7272939, "totalOtherIncomeExpenseNet": -57159, "ebit": 7272939, "interestExpense": -218564, "incomeBeforeTax": 7215780, "incomeTaxExpense": 2068888, "minorityInterest": {}, "netIncomeFromContinuingOps": 5146892, "discontinuedOperations": {}, "extraordinaryItems": {}, "effectOfAccountingCharges": {}, "otherItems": {}, "netIncome": 5146892, "netIncomeApplicableToCommonShares": 5146892}, {"maxAge": 1, "endDate": "2019-12-31", "totalRevenue": 67728000, "costOfRevenue": 53794000, "grossProfit": 13934000, "researchDevelopment": {}, "sellingGeneralAdministrative": 4030000, "nonRecurring": {}, "otherOperatingExpenses": 8816000, "totalOperatingExpenses": 67643000, "operatingIncome": 85000, "totalOtherIncomeExpenseNet": -41000, "ebit": 85000, "interestExpense": -42000, "incomeBeforeTax": 44000, "incomeTaxExpense": -81000, "minorityInterest": {}, "netIncomeFromContinuingOps": 125000, "discontinuedOperations": {}, "extraordinaryItems": {}, "effectOfAccountingCharges": {}, "otherItems": {}, "netIncome": 125000, "netIncomeApplicableToCommonShares": 125000}, {"maxAge": 1, "endDate": "2019-09-30", "totalRevenue": 39429000, "costOfRevenue": 22200000, "grossProfit": 17229000, "researchDevelopment": {}, "sellingGeneralAdministrative": 3624000, "nonRecurring": {}, "otherOperatingExpenses": 11217000, "totalOperatingExpenses": 38078000, "operatingIncome": 1351000, "totalOtherIncomeExpenseNet": -50000, "ebit": 1351000, "interestExpense": -49000, "incomeBeforeTax": 1301000, "incomeTaxExpense": 34000, "minorityInterest": {}, "netIncomeFromContinuingOps": 1267000, "discontinuedOperations": {}, "extraordinaryItems": {}, "effectOfAccountingCharges": {}, "otherItems": {}, "netIncome": 1267000, "netIncomeApplicableToCommonShares": 1267000}], "maxAge": 86400}, "cashflowStatementHistoryQuarterly": {"cashflowStatements": [{"maxAge": 1, "endDate": "2020-06-30", "netIncome": 550000, "changeToLiabilities": 0}, {"maxAge": 1, "endDate": "2020-03-31", "netIncome": 5146892, "changeToLiabilities": 0}, {"maxAge": 1, "endDate": "2019-12-31", "netIncome": 125000, "changeToLiabilities": 0}, {"maxAge": 1, "endDate": "2019-09-30", "netIncome": 1267000, "changeToLiabilities": 0}], "maxAge": 86400}, "insiderHolders": {"holders": [], "maxAge": 1}, "calendarEvents": {"maxAge": 1, "earnings": {"earningsDate": []}}, "upgradeDowngradeHistory": {"history": [], "maxAge": 86400}, "price": {"maxAge": 1, "regularMarketChangePercent": 0.049599975, "regularMarketChange": 1.5499992, "regularMarketTime": "2021-04-30 13:04:24", "priceHint": 2, "regularMarketPrice": 32.8, "regularMarketDayHigh": 32.8, "regularMarketDayLow": 29.7, "regularMarketVolume": 868, "averageDailyVolume10Day": 54, "averageDailyVolume3Month": 562, "regularMarketPreviousClose": 31.25, "regularMarketSource": "FREE_REALTIME", "regularMarketOpen": 32.15, "exchange": "BSE", "exchangeName": "BSE", "exchangeDataDelayedBy": 0, "marketState": "CLOSED", "quoteType": "EQUITY", "symbol": "PHRMASI.BO", "underlyingSymbol": null, "shortName": "PHAARMASIA LTD.", "longName": "Phaarmasia Limited", "currency": "INR", "quoteSourceName": "Delayed Quote", "currencySymbol": "\u20b9", "fromCurrency": null, "lastMarket": null, "marketCap": 223924288}, "balanceSheetHistory": {"balanceSheetStatements": [{"maxAge": 1, "endDate": "2020-03-31", "cash": 364454, "netReceivables": 135692495, "inventory": 60847358, "otherCurrentAssets": 2328080, "totalCurrentAssets": 199384097, "propertyPlantEquipment": 133648628, "goodWill": 335000, "otherAssets": 2631686, "totalAssets": 335999411, "accountsPayable": 182579782, "shortLongTermDebt": 344018, "otherCurrentLiab": 5145522, "otherLiab": 7236413, "totalCurrentLiabilities": 194678098, "totalLiab": 201914511, "commonStock": 68269600, "retainedEarnings": 15114830, "treasuryStock": 50700470, "otherStockholderEquity": 50700470, "totalStockholderEquity": 134084900, "netTangibleAssets": 133749900}, {"maxAge": 1, "endDate": "2019-03-31", "cash": 744043, "netReceivables": 128052611, "inventory": 59652977, "otherCurrentAssets": 3328762, "totalCurrentAssets": 191977934, "propertyPlantEquipment": 137637600, "goodWill": 335000, "otherAssets": 2607758, "totalAssets": 332558292, "accountsPayable": 178944137, "shortLongTermDebt": 267318, "otherCurrentLiab": 11802644, "otherLiab": 5937770, "totalCurrentLiabilities": 198455823, "totalLiab": 204393593, "commonStock": 68269600, "retainedEarnings": 9716939, "treasuryStock": 50178160, "otherStockholderEquity": 50178160, "totalStockholderEquity": 128164699, "netTangibleAssets": 127829699}, {"maxAge": 1, "endDate": "2018-03-31", "cash": 1927484, "netReceivables": 57884473, "inventory": 12888006, "otherCurrentAssets": 2120258, "totalCurrentAssets": 75011907, "propertyPlantEquipment": 141453014, "goodWill": 335000, "otherAssets": 2419626, "totalAssets": 219219547, "accountsPayable": 74080120, "shortLongTermDebt": 978492, "otherCurrentLiab": 10373795, "longTermDebt": 1229030, "otherLiab": 7204250, "totalCurrentLiabilities": 90561555, "totalLiab": 98994835, "commonStock": 68269600, "retainedEarnings": 1941983, "treasuryStock": 50013129, "otherStockholderEquity": 50013129, "totalStockholderEquity": 120224712, "netTangibleAssets": 119889712}, {"maxAge": 1, "endDate": "2017-03-31", "cash": 1512757, "netReceivables": 35640711, "inventory": 10301740, "otherCurrentAssets": 8040488, "totalCurrentAssets": 55673629, "propertyPlantEquipment": 137108774, "goodWill": 335000, "otherAssets": 2318948, "totalAssets": 195436351, "accountsPayable": 53975221, "shortLongTermDebt": 226511, "otherCurrentLiab": 8580542, "longTermDebt": 458152, "otherLiab": 7334945, "totalCurrentLiabilities": 71067411, "totalLiab": 78860508, "commonStock": 68269600, "retainedEarnings": -3786391, "treasuryStock": 52092634, "otherStockholderEquity": 52092634, "totalStockholderEquity": 116575843, "netTangibleAssets": 116240843}], "maxAge": 86400}, "financialData": {"maxAge": 86400, "currentPrice": 32.8, "recommendationKey": "none", "grossProfits": 64525414, "financialCurrency": "INR"}}}