{"PHYTO.BO": {"cashflowStatementHistory": {"cashflowStatements": [{"maxAge": 1, "endDate": "2020-03-31", "netIncome": 4458000, "depreciation": 4096016, "changeToNetincome": 24345571, "changeToLiabilities": 0, "changeToOperatingActivities": -18012537, "totalCashFromOperatingActivities": 14887050, "capitalExpenditures": -4571769, "investments": 108625, "otherCashflowsFromInvestingActivities": 130500, "totalCashflowsFromInvestingActivities": -3930772, "netBorrowings": 13387758, "otherCashflowsFromFinancingActivities": -24415907, "totalCashFromFinancingActivities": -11028149, "changeInCash": -71871}, {"maxAge": 1, "endDate": "2019-03-31", "netIncome": 7266424, "depreciation": 4047315, "changeToNetincome": 9949262, "changeToAccountReceivables": -125322051, "changeToLiabilities": 146504270, "changeToInventory": -22925844, "changeToOperatingActivities": -18012537, "totalCashFromOperatingActivities": 19519373, "capitalExpenditures": -8688303, "investments": 1231743, "otherCashflowsFromInvestingActivities": 9835988, "totalCashflowsFromInvestingActivities": 2640853, "netBorrowings": -2718110, "otherCashflowsFromFinancingActivities": -19204526, "totalCashFromFinancingActivities": -21922636, "changeInCash": 237589}, {"maxAge": 1, "endDate": "2018-03-31", "netIncome": 9182239, "depreciation": 3592562, "changeToNetincome": 3468736, "changeToAccountReceivables": -112589994, "changeToLiabilities": 136572375, "changeToInventory": -32581437, "changeToOperatingActivities": -18012537, "totalCashFromOperatingActivities": 7644481, "capitalExpenditures": -13005815, "investments": -42900, "otherCashflowsFromInvestingActivities": 15461992, "totalCashflowsFromInvestingActivities": 2413277, "netBorrowings": 11548293, "otherCashflowsFromFinancingActivities": -21751343, "totalCashFromFinancingActivities": -10203050, "changeInCash": -145293}, {"maxAge": 1, "endDate": "2017-03-31", "netIncome": 8456221, "depreciation": 3117245, "changeToNetincome": 13596046, "changeToAccountReceivables": -116712021, "changeToLiabilities": 121088580, "changeToInventory": -14198172, "changeToOperatingActivities": -18012537, "totalCashFromOperatingActivities": 15347899, "capitalExpenditures": -657492, "investments": -405992, "otherCashflowsFromInvestingActivities": 2713006, "totalCashflowsFromInvestingActivities": 1649522, "netBorrowings": -1247550, "otherCashflowsFromFinancingActivities": -16324199, "totalCashFromFinancingActivities": -17571749, "changeInCash": -574328}], "maxAge": 86400}, "institutionOwnership": {"ownershipList": [], "maxAge": 1}, "balanceSheetHistoryQuarterly": {"balanceSheetStatements": [{"maxAge": 1, "endDate": "2020-06-30", "cash": 2649000, "netReceivables": 515837000, "inventory": 157063000, "totalCurrentAssets": 675549000, "longTermInvestments": 4302000, "propertyPlantEquipment": 47182000, "otherAssets": 6130000, "totalAssets": 733163000, "accountsPayable": 380897000, "otherCurrentLiab": 68341000, "longTermDebt": 37932000, "otherLiab": 10786000, "totalCurrentLiabilities": 595449000, "totalLiab": 644167000, "commonStock": 43002000, "treasuryStock": 45994000, "otherStockholderEquity": 45994000, "totalStockholderEquity": 88996000, "netTangibleAssets": 88996000}, {"maxAge": 1, "endDate": "2020-03-31", "cash": 1805000, "netReceivables": 450737000, "inventory": 168337000, "totalCurrentAssets": 620879000, "longTermInvestments": 4717000, "propertyPlantEquipment": 46730000, "otherAssets": 3574000, "totalAssets": 675900000, "accountsPayable": 311308000, "otherCurrentLiab": 61432000, "longTermDebt": 23299000, "otherLiab": 11361000, "totalCurrentLiabilities": 542762000, "totalLiab": 577422000, "commonStock": 43002000, "treasuryStock": 55476000, "otherStockholderEquity": 55476000, "totalStockholderEquity": 98478000, "netTangibleAssets": 98478000}, {"maxAge": 1, "endDate": "2019-12-31", "cash": 1793000, "netReceivables": 552248000, "inventory": 147791000, "totalCurrentAssets": 701832000, "longTermInvestments": 1303000, "propertyPlantEquipment": 47040000, "otherAssets": 7680000, "totalAssets": 757855000, "accountsPayable": 398305000, "otherCurrentLiab": 72150000, "longTermDebt": 23459000, "otherLiab": 13132000, "totalCurrentLiabilities": 621083000, "totalLiab": 657674000, "commonStock": 43002000, "treasuryStock": 57179000, "otherStockholderEquity": 57179000, "totalStockholderEquity": 100181000, "netTangibleAssets": 100181000}, {"maxAge": 1, "endDate": "2019-09-30", "cash": 2276000, "netReceivables": 519512000, "inventory": 177389000, "totalCurrentAssets": 699177000, "longTermInvestments": 1310000, "propertyPlantEquipment": 47539000, "otherAssets": 8061000, "totalAssets": 756087000, "accountsPayable": 397302000, "otherCurrentLiab": 74306000, "longTermDebt": 23609000, "otherLiab": 12682000, "totalCurrentLiabilities": 622747000, "totalLiab": 659038000, "commonStock": 43002000, "treasuryStock": 54047000, "otherStockholderEquity": 54047000, "totalStockholderEquity": 97049000, "netTangibleAssets": 97049000}], "maxAge": 86400}, "indexTrend": {"maxAge": 1, "symbol": "SP5", "peRatio": 19.7411, "pegRatio": 1.34172, "estimates": [{"period": "0q", "growth": 0.549}, {"period": "+1q", "growth": 0.431}, {"period": "0y", "growth": 0.305}, {"period": "+1y", "growth": 0.109}, {"period": "+5y", "growth": 0.120859005}, {"period": "-5y"}]}, "insiderTransactions": {"transactions": [{"maxAge": 1, "shares": 32600, "filerUrl": "", "transactionText": "", "filerName": "Sreemannarayana (Y)", "filerRelation": "UNREPORTED", "moneyText": "", "startDate": "2017-11-02", "ownership": "D"}, {"maxAge": 1, "shares": 30200, "filerUrl": "", "transactionText": "", "filerName": "Yarlagadda (Nayudamma)", "filerRelation": "Managing Director", "moneyText": "", "startDate": "2014-09-26", "ownership": "D"}, {"maxAge": 1, "shares": 105000, "filerUrl": "", "transactionText": "", "filerName": "Yarlagadda (Nayudamma)", "filerRelation": "Managing Director", "moneyText": "", "startDate": "2013-09-05", "ownership": "D"}, {"maxAge": 1, "shares": 47306, "filerUrl": "", "transactionText": "", "filerName": "Yarlagadda (Nayudamma)", "filerRelation": "Managing Director", "moneyText": "", "startDate": "2013-07-08", "ownership": "D"}, {"maxAge": 1, "shares": 30200, "filerUrl": "", "transactionText": "", "filerName": "Yarlagadda (Nayudamma)", "filerRelation": "Chief Executive Officer", "moneyText": "", "startDate": "2011-03-28", "ownership": "D"}], "maxAge": 1}, "quoteType": {"exchange": "BSE", "quoteType": "EQUITY", "symbol": "PHYTO.BO", "underlyingSymbol": "PHYTO.BO", "shortName": "PHYTO CHEM (INDIA) LTD.", "longName": "Phyto Chem (India) Limited", "firstTradeDateEpochUtc": "2001-07-17 09:15:00", "timeZoneFullName": "Asia/Kolkata", "timeZoneShortName": "IST", "uuid": "bd8f0c4e-89cf-3e0d-856d-488086964e7a", "gmtOffSetMilliseconds": 19800000, "maxAge": 1}, "incomeStatementHistory": {"incomeStatementHistory": [{"maxAge": 1, "endDate": "2020-03-31", "totalRevenue": 442228000, "costOfRevenue": 352175000, "grossProfit": 90053000, "researchDevelopment": {}, "sellingGeneralAdministrative": 35500000, "nonRecurring": {}, "otherOperatingExpenses": 21536000, "totalOperatingExpenses": 413307000, "operatingIncome": 28921000, "totalOtherIncomeExpenseNet": -24694000, "ebit": 28921000, "interestExpense": -24694000, "incomeBeforeTax": 4227000, "incomeTaxExpense": -231000, "minorityInterest": {}, "netIncomeFromContinuingOps": 4458000, "discontinuedOperations": {}, "extraordinaryItems": {}, "effectOfAccountingCharges": {}, "otherItems": {}, "netIncome": 4458000, "netIncomeApplicableToCommonShares": 4458000}, {"maxAge": 1, "endDate": "2019-03-31", "totalRevenue": 591083907, "costOfRevenue": 474136353, "grossProfit": 116947554, "researchDevelopment": {}, "sellingGeneralAdministrative": 33781958, "nonRecurring": {}, "otherOperatingExpenses": 42702250, "totalOperatingExpenses": 554667876, "operatingIncome": 36416031, "totalOtherIncomeExpenseNet": -27375476, "ebit": 36416031, "interestExpense": -20120843, "incomeBeforeTax": 9040555, "incomeTaxExpense": 1774131, "minorityInterest": {}, "netIncomeFromContinuingOps": 7266424, "discontinuedOperations": {}, "extraordinaryItems": {}, "effectOfAccountingCharges": {}, "otherItems": {}, "netIncome": 7266424, "netIncomeApplicableToCommonShares": 7266424}, {"maxAge": 1, "endDate": "2018-03-31", "totalRevenue": 590960535, "costOfRevenue": 449548108, "grossProfit": 141412427, "researchDevelopment": {}, "sellingGeneralAdministrative": 25919938, "nonRecurring": {}, "otherOperatingExpenses": 84764113, "totalOperatingExpenses": 563824721, "operatingIncome": 27135814, "totalOtherIncomeExpenseNet": -15051846, "ebit": 27135814, "interestExpense": -20596614, "incomeBeforeTax": 12083968, "incomeTaxExpense": 2901729, "minorityInterest": {}, "netIncomeFromContinuingOps": 9182239, "discontinuedOperations": {}, "extraordinaryItems": {}, "effectOfAccountingCharges": {}, "otherItems": {}, "netIncome": 9182239, "netIncomeApplicableToCommonShares": 9182239}, {"maxAge": 1, "endDate": "2017-03-31", "totalRevenue": 469698758, "costOfRevenue": 260415147, "grossProfit": 209283611, "researchDevelopment": {}, "sellingGeneralAdministrative": 26857467, "nonRecurring": {}, "otherOperatingExpenses": 149225069, "totalOperatingExpenses": 439614928, "operatingIncome": 30083830, "totalOtherIncomeExpenseNet": -18462143, "ebit": 30083830, "interestExpense": -16242245, "incomeBeforeTax": 11621687, "incomeTaxExpense": 3165466, "minorityInterest": {}, "netIncomeFromContinuingOps": 8456221, "discontinuedOperations": {}, "extraordinaryItems": {}, "effectOfAccountingCharges": {}, "otherItems": {}, "netIncome": 8456221, "netIncomeApplicableToCommonShares": 8456221}], "maxAge": 86400}, "fundOwnership": {"ownershipList": [], "maxAge": 1}, "summaryDetail": {"maxAge": 1, "priceHint": 2, "previousClose": 20.65, "open": 20.6, "dayLow": 19.8, "dayHigh": 20.6, "regularMarketPreviousClose": 20.65, "regularMarketOpen": 20.6, "regularMarketDayLow": 19.8, "regularMarketDayHigh": 20.6, "trailingPE": 11.418685, "volume": 1006, "regularMarketVolume": 1006, "averageVolume": 3708, "averageVolume10days": 2626, "averageDailyVolume10Day": 2626, "bid": 18.9, "ask": 19.8, "bidSize": 0, "askSize": 0, "marketCap": 85140000, "fiftyTwoWeekLow": 16.3, "fiftyTwoWeekHigh": 32.6, "fiftyDayAverage": 26.406061, "twoHundredDayAverage": 24.426641, "currency": "INR", "fromCurrency": null, "lastMarket": null, "algorithm": null, "tradeable": false}, "incomeStatementHistoryQuarterly": {"incomeStatementHistory": [{"maxAge": 1, "endDate": "2020-06-30", "totalRevenue": 146867000, "costOfRevenue": 137856000, "grossProfit": 9011000, "researchDevelopment": {}, "sellingGeneralAdministrative": 8061000, "nonRecurring": {}, "otherOperatingExpenses": 3744000, "totalOperatingExpenses": 150693000, "operatingIncome": -3826000, "totalOtherIncomeExpenseNet": -5947000, "ebit": -3826000, "interestExpense": -5947000, "incomeBeforeTax": -9773000, "incomeTaxExpense": 0, "minorityInterest": {}, "netIncomeFromContinuingOps": -9773000, "discontinuedOperations": {}, "extraordinaryItems": {}, "effectOfAccountingCharges": {}, "otherItems": {}, "netIncome": -9773000, "netIncomeApplicableToCommonShares": -9773000}, {"maxAge": 1, "endDate": "2020-03-31", "totalRevenue": 39662000, "costOfRevenue": 18300000, "grossProfit": 21362000, "researchDevelopment": {}, "sellingGeneralAdministrative": 8842000, "nonRecurring": {}, "otherOperatingExpenses": 7177000, "totalOperatingExpenses": 35360000, "operatingIncome": 4302000, "totalOtherIncomeExpenseNet": -8311000, "ebit": 4302000, "interestExpense": -8311000, "incomeBeforeTax": -4009000, "incomeTaxExpense": -2585000, "minorityInterest": {}, "netIncomeFromContinuingOps": -1424000, "discontinuedOperations": {}, "extraordinaryItems": {}, "effectOfAccountingCharges": {}, "otherItems": {}, "netIncome": -1424000, "netIncomeApplicableToCommonShares": -1424000}, {"maxAge": 1, "endDate": "2019-12-31", "totalRevenue": 174787000, "costOfRevenue": 154228000, "grossProfit": 20559000, "researchDevelopment": {}, "sellingGeneralAdministrative": 9049000, "nonRecurring": {}, "otherOperatingExpenses": 4033000, "totalOperatingExpenses": 168349000, "operatingIncome": 6438000, "totalOtherIncomeExpenseNet": -2249000, "ebit": 6438000, "interestExpense": -2249000, "incomeBeforeTax": 4189000, "incomeTaxExpense": 1050000, "minorityInterest": {}, "netIncomeFromContinuingOps": 3139000, "discontinuedOperations": {}, "extraordinaryItems": {}, "effectOfAccountingCharges": {}, "otherItems": {}, "netIncome": 3139000, "netIncomeApplicableToCommonShares": 3139000}, {"maxAge": 1, "endDate": "2019-09-30", "totalRevenue": 209178000, "costOfRevenue": 170218000, "grossProfit": 38960000, "researchDevelopment": {}, "sellingGeneralAdministrative": 9252000, "nonRecurring": {}, "otherOperatingExpenses": 5132000, "totalOperatingExpenses": 185644000, "operatingIncome": 23534000, "totalOtherIncomeExpenseNet": -7154000, "ebit": 23534000, "interestExpense": -6734000, "incomeBeforeTax": 16380000, "incomeTaxExpense": 884000, "minorityInterest": {}, "netIncomeFromContinuingOps": 15496000, "discontinuedOperations": {}, "extraordinaryItems": {}, "effectOfAccountingCharges": {}, "otherItems": {}, "netIncome": 15496000, "netIncomeApplicableToCommonShares": 15496000}], "maxAge": 86400}, "cashflowStatementHistoryQuarterly": {"cashflowStatements": [{"maxAge": 1, "endDate": "2020-06-30", "netIncome": -9773000, "changeToLiabilities": 0}, {"maxAge": 1, "endDate": "2020-03-31", "netIncome": -1424000, "changeToLiabilities": 0}, {"maxAge": 1, "endDate": "2019-12-31", "netIncome": 3139000, "changeToLiabilities": 0}, {"maxAge": 1, "endDate": "2019-09-30", "netIncome": 15496000, "changeToLiabilities": 0}], "maxAge": 86400}, "insiderHolders": {"holders": [{"maxAge": 1, "name": "Sreemannarayana (Y)", "relation": "UNREPORTED", "url": "", "transactionDescription": "Purchase", "latestTransDate": "2017-11-02", "positionDirect": 32600, "positionDirectDate": "2017-11-02"}, {"maxAge": 1, "name": "Yarlagadda (Nayudamma)", "relation": "Managing Director", "url": "", "transactionDescription": "Purchase", "latestTransDate": "2014-09-26", "positionDirect": 338306, "positionDirectDate": "2014-09-26"}], "maxAge": 1}, "calendarEvents": {"maxAge": 1, "earnings": {"earningsDate": ["2020-09-14 05:30:S"]}}, "upgradeDowngradeHistory": {"history": [], "maxAge": 86400}, "price": {"maxAge": 1, "regularMarketChangePercent": -0.04116224, "regularMarketChange": -0.8500004, "regularMarketTime": "2021-04-30 15:15:00", "priceHint": 2, "regularMarketPrice": 19.8, "regularMarketDayHigh": 20.6, "regularMarketDayLow": 19.8, "regularMarketVolume": 1006, "averageDailyVolume10Day": 2626, "averageDailyVolume3Month": 3708, "regularMarketPreviousClose": 20.65, "regularMarketSource": "FREE_REALTIME", "regularMarketOpen": 20.6, "exchange": "BSE", "exchangeName": "BSE", "exchangeDataDelayedBy": 0, "marketState": "CLOSED", "quoteType": "EQUITY", "symbol": "PHYTO.BO", "underlyingSymbol": null, "shortName": "PHYTO CHEM (INDIA) LTD.", "longName": "Phyto Chem (India) Limited", "currency": "INR", "quoteSourceName": "Delayed Quote", "currencySymbol": "\u20b9", "fromCurrency": null, "lastMarket": null, "marketCap": 85140000}, "balanceSheetHistory": {"balanceSheetStatements": [{"maxAge": 1, "endDate": "2020-03-31", "cash": 1805000, "netReceivables": 450737000, "inventory": 168337000, "totalCurrentAssets": 620879000, "longTermInvestments": 4717000, "propertyPlantEquipment": 46730000, "otherAssets": 3574000, "totalAssets": 675900000, "accountsPayable": 311308000, "otherCurrentLiab": 61432000, "longTermDebt": 23299000, "otherLiab": 11361000, "totalCurrentLiabilities": 542762000, "totalLiab": 577422000, "commonStock": 43002000, "treasuryStock": 55476000, "otherStockholderEquity": 55476000, "totalStockholderEquity": 98478000, "netTangibleAssets": 98478000}, {"maxAge": 1, "endDate": "2019-03-31", "cash": 565364, "shortTermInvestments": 7334524, "netReceivables": 496971189, "inventory": 168413965, "otherCurrentAssets": 1310561, "totalCurrentAssets": 674595603, "longTermInvestments": 1228443, "propertyPlantEquipment": 46305301, "otherAssets": 7509890, "totalAssets": 729639237, "accountsPayable": 369960677, "shortLongTermDebt": 2448000, "otherCurrentLiab": 32772714, "longTermDebt": 23891288, "otherLiab": 11082977, "totalCurrentLiabilities": 600439580, "totalLiab": 635413845, "commonStock": 43002000, "retainedEarnings": 52430124, "treasuryStock": -1206731, "otherStockholderEquity": -1206731, "totalStockholderEquity": 94225393, "netTangibleAssets": 94225393}, {"maxAge": 1, "endDate": "2018-03-31", "cash": 327776, "shortTermInvestments": 783619, "netReceivables": 378188211, "inventory": 145499954, "otherCurrentAssets": 1310561, "totalCurrentAssets": 526110121, "longTermInvestments": 2460186, "propertyPlantEquipment": 41925738, "otherAssets": 6273699, "totalAssets": 576769744, "accountsPayable": 221434321, "shortLongTermDebt": 2836418, "otherCurrentLiab": 42994111, "longTermDebt": 26668248, "otherLiab": 8059332, "totalCurrentLiabilities": 453876461, "totalLiab": 488604041, "commonStock": 43002000, "retainedEarnings": 45869344, "treasuryStock": -705641, "otherStockholderEquity": -705641, "totalStockholderEquity": 88165703, "netTangibleAssets": 88165703}, {"maxAge": 1, "endDate": "2017-03-31", "cash": 473070, "netReceivables": 266661841, "inventory": 112638513, "otherCurrentAssets": 1310561, "totalCurrentAssets": 381083985, "longTermInvestments": 2417286, "propertyPlantEquipment": 32512484, "otherAssets": 3997877, "totalAssets": 420011632, "accountsPayable": 114568466, "shortLongTermDebt": 506390, "otherCurrentLiab": 24876222, "longTermDebt": 15209501, "otherLiab": 7772996, "totalCurrentLiabilities": 313996482, "totalLiab": 336978979, "commonStock": 43002000, "retainedEarnings": 40779191, "treasuryStock": -748542, "otherStockholderEquity": -748542, "totalStockholderEquity": 83032649, "netTangibleAssets": 83032649}], "maxAge": 86400}, "financialData": {"maxAge": 86400, "currentPrice": 19.8, "recommendationKey": "none", "grossProfits": 90053000, "financialCurrency": "INR"}}}