{"PICCADIL.BO": {"recommendationTrend": {"trend": [{"period": "0m", "strongBuy": 0, "buy": 0, "hold": 0, "sell": 0, "strongSell": 0}, {"period": "-1m", "strongBuy": 0, "buy": 0, "hold": 0, "sell": 0, "strongSell": 0}, {"period": "-2m", "strongBuy": 0, "buy": 0, "hold": 0, "sell": 0, "strongSell": 0}, {"period": "-3m", "strongBuy": 0, "buy": 0, "hold": 0, "sell": 0, "strongSell": 0}], "maxAge": 86400}, "cashflowStatementHistory": {"cashflowStatements": [{"maxAge": 1, "endDate": "2020-03-31", "netIncome": 191259536, "depreciation": 131478678, "changeToNetincome": 92119598, "changeToAccountReceivables": 98912068, "changeToLiabilities": -336246070, "changeToInventory": -211795806, "changeToOperatingActivities": 32699213, "totalCashFromOperatingActivities": -1572783, "capitalExpenditures": -57241467, "investments": -40200863, "otherCashflowsFromInvestingActivities": 14487729, "totalCashflowsFromInvestingActivities": -82954601, "netBorrowings": 113112208, "otherCashflowsFromFinancingActivities": -148455510, "totalCashFromFinancingActivities": -35343302, "changeInCash": -119870685}, {"maxAge": 1, "endDate": "2019-03-31", "netIncome": 21290303, "depreciation": 125536244, "changeToNetincome": 171716284, "changeToAccountReceivables": -201339141, "changeToLiabilities": 364415379, "changeToInventory": 57723580, "changeToOperatingActivities": 39955080, "totalCashFromOperatingActivities": 579297729, "capitalExpenditures": -78176125, "investments": -4167995, "otherCashflowsFromInvestingActivities": 90905005, "totalCashflowsFromInvestingActivities": 8560885, "netBorrowings": -275717372, "otherCashflowsFromFinancingActivities": -165942268, "totalCashFromFinancingActivities": -441659640, "changeInCash": 146198975}, {"maxAge": 1, "endDate": "2018-03-31", "netIncome": 45704974, "depreciation": 127265956, "changeToNetincome": 90162970, "changeToAccountReceivables": -84201533, "changeToLiabilities": 514774332, "changeToInventory": -171814203, "changeToOperatingActivities": -113135337, "totalCashFromOperatingActivities": 408757159, "capitalExpenditures": -119138458, "investments": 475858, "otherCashflowsFromInvestingActivities": 19469087, "totalCashflowsFromInvestingActivities": -99669371, "netBorrowings": -136832034, "otherCashflowsFromFinancingActivities": -162426862, "totalCashFromFinancingActivities": -299258896, "changeInCash": 9828892}, {"maxAge": 1, "endDate": "2017-03-31", "netIncome": 79502168, "depreciation": 130194221, "changeToNetincome": 267354506, "changeToAccountReceivables": -27121928, "changeToLiabilities": 475869555, "changeToInventory": -138688520, "changeToOperatingActivities": 190724201, "totalCashFromOperatingActivities": 977834203, "capitalExpenditures": -365372564, "investments": -98363227, "otherCashflowsFromInvestingActivities": 2787138, "totalCashflowsFromInvestingActivities": -460948653, "netBorrowings": -342707490, "otherCashflowsFromFinancingActivities": -173453309, "totalCashFromFinancingActivities": -516160799, "changeInCash": 724751}], "maxAge": 86400}, "institutionOwnership": {"maxAge": 1, "ownershipList": []}, "balanceSheetHistoryQuarterly": {"balanceSheetStatements": [{"maxAge": 1, "endDate": "2020-06-30", "totalStockholderEquity": 1692739380, "netTangibleAssets": 1692739380}, {"maxAge": 1, "endDate": "2020-03-31", "cash": 44397912, "shortTermInvestments": 30829458, "netReceivables": 323084489, "inventory": 1476823226, "otherCurrentAssets": 110071263, "totalCurrentAssets": 1994466026, "longTermInvestments": 688894968, "propertyPlantEquipment": 1868479471, "otherAssets": 58512048, "totalAssets": 4610352513, "accountsPayable": 1265993438, "shortLongTermDebt": 155956587, "otherCurrentLiab": 126014357, "longTermDebt": 199343380, "otherLiab": 158211274, "totalCurrentLiabilities": 2560058479, "totalLiab": 2917613133, "commonStock": 943392800, "retainedEarnings": 537339516, "treasuryStock": 202285264, "capitalSurplus": 9721800, "otherStockholderEquity": 202285264, "totalStockholderEquity": 1692739380, "netTangibleAssets": 1692739380}, {"maxAge": 1, "endDate": "2019-12-31", "totalStockholderEquity": 1667081000, "netTangibleAssets": 1665651000}, {"maxAge": 1, "endDate": "2019-09-30", "cash": 41337000, "shortTermInvestments": 19740000, "netReceivables": 362152000, "inventory": 493764000, "otherCurrentAssets": 208367000, "totalCurrentAssets": 1125360000, "longTermInvestments": 710533000, "propertyPlantEquipment": 1918982000, "intangibleAssets": 1430000, "otherAssets": 55496000, "totalAssets": 3811801000, "accountsPayable": 361862000, "shortLongTermDebt": 522462000, "otherCurrentLiab": 177722000, "longTermDebt": 258077000, "otherLiab": 209885000, "totalCurrentLiabilities": 1676758000, "totalLiab": 2144720000, "commonStock": 946612000, "treasuryStock": 720469000, "otherStockholderEquity": 720469000, "totalStockholderEquity": 1667081000, "netTangibleAssets": 1665651000}], "maxAge": 86400}, "earningsHistory": {"history": [{"maxAge": 1, "epsActual": {}, "epsEstimate": {}, "epsDifference": {}, "surprisePercent": {}, "quarter": {}, "period": "-4q"}, {"maxAge": 1, "epsActual": {}, "epsEstimate": {}, "epsDifference": {}, "surprisePercent": {}, "quarter": {}, "period": "-3q"}, {"maxAge": 1, "epsActual": {}, "epsEstimate": {}, "epsDifference": {}, "surprisePercent": {}, "quarter": {}, "period": "-2q"}, {"maxAge": 1, "epsActual": {}, "epsEstimate": {}, "epsDifference": {}, "surprisePercent": {}, "quarter": {}, "period": "-1q"}], "maxAge": 86400}, "indexTrend": {"maxAge": 1, "symbol": "SP5", "peRatio": 19.7411, "pegRatio": 1.34172, "estimates": [{"period": "0q", "growth": 0.549}, {"period": "+1q", "growth": 0.431}, {"period": "0y", "growth": 0.305}, {"period": "+1y", "growth": 0.109}, {"period": "+5y", "growth": 0.120859005}, {"period": "-5y"}]}, "industryTrend": {"maxAge": 1, "symbol": null, "estimates": []}, "insiderTransactions": {"transactions": [{"maxAge": 1, "shares": 33671, "filerUrl": "", "transactionText": "", "filerName": "Vashishta (Siddhartha)", "filerRelation": "Managing Director", "moneyText": "", "startDate": "2010-04-16", "ownership": "D"}, {"maxAge": 1, "shares": 25240, "filerUrl": "", "transactionText": "", "filerName": "Vashishta (Siddhartha)", "filerRelation": "Managing Director", "moneyText": "", "startDate": "2010-04-15", "ownership": "D"}, {"maxAge": 1, "shares": 22500, "filerUrl": "", "transactionText": "", "filerName": "Vashishta (Siddhartha)", "filerRelation": "Managing Director", "moneyText": "", "startDate": "2010-04-13", "ownership": "D"}, {"maxAge": 1, "shares": 4585, "filerUrl": "", "transactionText": "", "filerName": "Soon N Sure Holding Ltd", "filerRelation": "Institution- Corporation", "moneyText": "", "startDate": "2010-03-30", "ownership": "D"}, {"maxAge": 1, "shares": 44593, "filerUrl": "", "transactionText": "", "filerName": "Soon N Sure Holding Ltd", "filerRelation": "Institution- Corporation", "moneyText": "", "startDate": "2010-03-29", "ownership": "D"}, {"maxAge": 1, "shares": 24359, "filerUrl": "", "transactionText": "", "filerName": "Soon N Sure Holding Ltd", "filerRelation": "Institution- Corporation", "moneyText": "", "startDate": "2010-03-26", "ownership": "D"}, {"maxAge": 1, "shares": 29174, "filerUrl": "", "transactionText": "", "filerName": "Soon N Sure Holding Ltd", "filerRelation": "Institution- Corporation", "moneyText": "", "startDate": "2010-03-25", "ownership": "D"}, {"maxAge": 1, "shares": 50000, "filerUrl": "", "transactionText": "", "filerName": "Soon N Sure Holding Ltd", "filerRelation": "Institution- Corporation", "moneyText": "", "startDate": "2010-03-23", "ownership": "D"}, {"maxAge": 1, "shares": 20826, "filerUrl": "", "transactionText": "", "filerName": "Soon N Sure Holding Ltd", "filerRelation": "Institution- Corporation", "moneyText": "", "startDate": "2010-03-22", "ownership": "D"}, {"maxAge": 1, "shares": 10734, "filerUrl": "", "transactionText": "", "filerName": "Soon N Sure Holding Ltd", "filerRelation": "Institution- Corporation", "moneyText": "", "startDate": "2010-03-05", "ownership": "D"}, {"maxAge": 1, "shares": 27691, "filerUrl": "", "transactionText": "", "filerName": "Soon N Sure Holding Ltd", "filerRelation": "Institution- Corporation", "moneyText": "", "startDate": "2010-03-04", "ownership": "D"}, {"maxAge": 1, "shares": 5000, "filerUrl": "", "transactionText": "", "filerName": "Soon N Sure Holding Ltd", "filerRelation": "Institution- Corporation", "moneyText": "", "startDate": "2010-02-24", "ownership": "D"}, {"maxAge": 1, "shares": 4000, "filerUrl": "", "transactionText": "", "filerName": "Soon N Sure Holding Ltd", "filerRelation": "Institution- Corporation", "moneyText": "", "startDate": "2010-02-23", "ownership": "D"}, {"maxAge": 1, "shares": 2175, "filerUrl": "", "transactionText": "", "filerName": "Soon N Sure Holding Ltd", "filerRelation": "Institution- Corporation", "moneyText": "", "startDate": "2010-02-22", "ownership": "D"}, {"maxAge": 1, "shares": 1200, "filerUrl": "", "transactionText": "", "filerName": "Soon N Sure Holding Ltd", "filerRelation": "Institution- Corporation", "moneyText": "", "startDate": "2010-02-19", "ownership": "D"}, {"maxAge": 1, "shares": 3833, "filerUrl": "", "transactionText": "", "filerName": "Soon N Sure Holding Ltd", "filerRelation": "Institution- Corporation", "moneyText": "", "startDate": "2010-02-05", "ownership": "D"}, {"maxAge": 1, "shares": 1676, "filerUrl": "", "transactionText": "", "filerName": "Vashishta (Siddhartha)", "filerRelation": "Managing Director", "moneyText": "", "startDate": "2009-12-18", "ownership": "D"}, {"maxAge": 1, "shares": 4491, "filerUrl": "", "transactionText": "", "filerName": "Vashishta (Siddhartha)", "filerRelation": "Managing Director", "moneyText": "", "startDate": "2009-12-17", "ownership": "D"}, {"maxAge": 1, "shares": 6999, "filerUrl": "", "transactionText": "", "filerName": "Vashishta (Siddhartha)", "filerRelation": "Managing Director", "moneyText": "", "startDate": "2009-12-16", "ownership": "D"}, {"maxAge": 1, "shares": 10396, "filerUrl": "", "transactionText": "", "filerName": "Vashishta (Siddhartha)", "filerRelation": "Managing Director", "moneyText": "", "startDate": "2009-12-15", "ownership": "D"}], "maxAge": 1}, "quoteType": {"exchange": "BSE", "quoteType": "EQUITY", "symbol": "PICCADIL.BO", "underlyingSymbol": "PICCADIL.BO", "shortName": "PICCADILY AGRO INDUSTRIES LTD.", "longName": "Piccadily Agro Industries Limited", "firstTradeDateEpochUtc": "2002-02-20 09:15:00", "timeZoneFullName": "Asia/Kolkata", "timeZoneShortName": "IST", "uuid": "2a2800c5-15bb-3564-a6cd-725383288667", "messageBoardId": null, "gmtOffSetMilliseconds": 19800000, "maxAge": 1}, "incomeStatementHistory": {"incomeStatementHistory": [{"maxAge": 1, "endDate": "2020-03-31", "totalRevenue": 3994060885, "costOfRevenue": 2687409830, "grossProfit": 1306651055, "researchDevelopment": {}, "sellingGeneralAdministrative": 180225032, "nonRecurring": {}, "otherOperatingExpenses": 722066424, "totalOperatingExpenses": 3721179964, "operatingIncome": 272880921, "totalOtherIncomeExpenseNet": -104882509, "ebit": 272880921, "interestExpense": -143462506, "incomeBeforeTax": 167998412, "incomeTaxExpense": -23261124, "minorityInterest": {}, "netIncomeFromContinuingOps": 191259536, "discontinuedOperations": {}, "extraordinaryItems": {}, "effectOfAccountingCharges": {}, "otherItems": {}, "netIncome": 191259536, "netIncomeApplicableToCommonShares": 191259536}, {"maxAge": 1, "endDate": "2019-03-31", "totalRevenue": 3713456347, "costOfRevenue": 2542215973, "grossProfit": 1171240374, "researchDevelopment": {}, "sellingGeneralAdministrative": 130381639, "nonRecurring": {}, "otherOperatingExpenses": 769292285, "totalOperatingExpenses": 3567426141, "operatingIncome": 146030206, "totalOtherIncomeExpenseNet": -111006390, "ebit": 146030206, "interestExpense": -161455643, "incomeBeforeTax": 35023816, "incomeTaxExpense": 13733513, "minorityInterest": {}, "netIncomeFromContinuingOps": 21290303, "discontinuedOperations": {}, "extraordinaryItems": {}, "effectOfAccountingCharges": {}, "otherItems": {}, "netIncome": 21290303, "netIncomeApplicableToCommonShares": 21290303}, {"maxAge": 1, "endDate": "2018-03-31", "totalRevenue": 3342989239, "costOfRevenue": 2245391664, "grossProfit": 1097597575, "researchDevelopment": {}, "sellingGeneralAdministrative": 129082188, "nonRecurring": {}, "otherOperatingExpenses": 708598329, "totalOperatingExpenses": 3210338137, "operatingIncome": 132651102, "totalOtherIncomeExpenseNet": -114226447, "ebit": 132651102, "interestExpense": -158403124, "incomeBeforeTax": 18424655, "incomeTaxExpense": -27280319, "minorityInterest": {}, "netIncomeFromContinuingOps": 45704974, "discontinuedOperations": {}, "extraordinaryItems": {}, "effectOfAccountingCharges": {}, "otherItems": {}, "netIncome": 45704974, "netIncomeApplicableToCommonShares": 45704974}, {"maxAge": 1, "endDate": "2017-03-31", "totalRevenue": 3294005167, "costOfRevenue": 1798936652, "grossProfit": 1495068515, "researchDevelopment": {}, "sellingGeneralAdministrative": 114155495, "nonRecurring": {}, "otherOperatingExpenses": 907204507, "totalOperatingExpenses": 2950490875, "operatingIncome": 343514292, "totalOtherIncomeExpenseNet": -159042045, "ebit": 343514292, "interestExpense": -169728626, "incomeBeforeTax": 184472247, "incomeTaxExpense": 104970079, "minorityInterest": {}, "netIncomeFromContinuingOps": 79502168, "discontinuedOperations": {}, "extraordinaryItems": {}, "effectOfAccountingCharges": {}, "otherItems": {}, "netIncome": 79502168, "netIncomeApplicableToCommonShares": 79502168}], "maxAge": 86400}, "fundOwnership": {"maxAge": 1, "ownershipList": []}, "summaryDetail": {"maxAge": 1, "priceHint": 2, "previousClose": 11.87, "open": 12.0, "dayLow": 11.61, "dayHigh": 13.8, "regularMarketPreviousClose": 11.87, "regularMarketOpen": 12.0, "regularMarketDayLow": 11.61, "regularMarketDayHigh": 13.8, "trailingPE": 8.806666, "volume": 439857, "regularMarketVolume": 439857, "averageVolume": 104594, "averageVolume10days": 63248, "averageDailyVolume10Day": 63248, "bid": 0.0, "ask": 13.37, "bidSize": 0, "askSize": 0, "marketCap": 1246222080, "fiftyTwoWeekLow": 4.81, "fiftyTwoWeekHigh": 16.0, "fiftyDayAverage": 12.543428, "twoHundredDayAverage": 10.546862, "trailingAnnualDividendRate": 0.2, "trailingAnnualDividendYield": 0.0168492, "currency": "INR", "fromCurrency": null, "toCurrency": null, "lastMarket": null, "algorithm": null, "tradeable": false}, "sectorTrend": {"maxAge": 1, "symbol": null, "estimates": []}, "incomeStatementHistoryQuarterly": {"incomeStatementHistory": [{"maxAge": 1, "endDate": "2020-06-30", "totalRevenue": 1401919000, "costOfRevenue": 1027260000, "grossProfit": 374659000, "researchDevelopment": {}, "sellingGeneralAdministrative": 36355000, "nonRecurring": {}, "otherOperatingExpenses": 142757000, "totalOperatingExpenses": 1239792000, "operatingIncome": 162127000, "totalOtherIncomeExpenseNet": -42679000, "ebit": 162127000, "interestExpense": -41525000, "incomeBeforeTax": 119448000, "incomeTaxExpense": 41267000, "minorityInterest": {}, "netIncomeFromContinuingOps": 78181000, "discontinuedOperations": {}, "extraordinaryItems": {}, "effectOfAccountingCharges": {}, "otherItems": {}, "netIncome": 78181000, "netIncomeApplicableToCommonShares": 78181000}, {"maxAge": 1, "endDate": "2020-03-31", "totalRevenue": 1452845885, "costOfRevenue": 812336830, "grossProfit": 640509055, "researchDevelopment": {}, "sellingGeneralAdministrative": 83033032, "nonRecurring": {}, "otherOperatingExpenses": 349707424, "totalOperatingExpenses": 1278142964, "operatingIncome": 174702921, "totalOtherIncomeExpenseNet": -199311509, "ebit": 174702921, "interestExpense": -30525506, "incomeBeforeTax": -24608588, "incomeTaxExpense": -38410124, "minorityInterest": {}, "netIncomeFromContinuingOps": 13801536, "discontinuedOperations": {}, "extraordinaryItems": {}, "effectOfAccountingCharges": {}, "otherItems": {}, "netIncome": 13801536, "netIncomeApplicableToCommonShares": 13801536}, {"maxAge": 1, "endDate": "2019-12-31", "totalRevenue": 745368000, "costOfRevenue": 474659000, "grossProfit": 270709000, "researchDevelopment": {}, "sellingGeneralAdministrative": 41463000, "nonRecurring": {}, "otherOperatingExpenses": 174610000, "totalOperatingExpenses": 724172000, "operatingIncome": 21196000, "totalOtherIncomeExpenseNet": 18599000, "ebit": 21196000, "interestExpense": -42674000, "incomeBeforeTax": 39795000, "incomeTaxExpense": -5411000, "minorityInterest": {}, "netIncomeFromContinuingOps": 45206000, "discontinuedOperations": {}, "extraordinaryItems": {}, "effectOfAccountingCharges": {}, "otherItems": {}, "netIncome": 45206000, "netIncomeApplicableToCommonShares": 45206000}, {"maxAge": 1, "endDate": "2019-09-30", "totalRevenue": 823423000, "costOfRevenue": 626780000, "grossProfit": 196643000, "researchDevelopment": {}, "sellingGeneralAdministrative": 25251000, "nonRecurring": {}, "otherOperatingExpenses": 103780000, "totalOperatingExpenses": 788505000, "operatingIncome": 34918000, "totalOtherIncomeExpenseNet": 23404000, "ebit": 34918000, "interestExpense": -39643000, "incomeBeforeTax": 58322000, "incomeTaxExpense": 20560000, "minorityInterest": {}, "netIncomeFromContinuingOps": 37762000, "discontinuedOperations": {}, "extraordinaryItems": {}, "effectOfAccountingCharges": {}, "otherItems": {}, "netIncome": 37762000, "netIncomeApplicableToCommonShares": 37762000}], "maxAge": 86400}, "cashflowStatementHistoryQuarterly": {"cashflowStatements": [{"maxAge": 1, "endDate": "2020-06-30", "netIncome": 78181000, "changeToLiabilities": 0}, {"maxAge": 1, "endDate": "2020-03-31", "netIncome": 13801536, "changeToLiabilities": 0}, {"maxAge": 1, "endDate": "2019-12-31", "netIncome": 45206000, "changeToLiabilities": 0}, {"maxAge": 1, "endDate": "2019-09-30", "netIncome": 37762000, "changeToLiabilities": 0}], "maxAge": 86400}, "insiderHolders": {"holders": [{"maxAge": 1, "name": "Soon N Sure Holding Ltd", "relation": "Institution- Corporation", "url": "", "transactionDescription": "Acquisition", "latestTransDate": "2010-03-30", "positionDirect": 7415571, "positionDirectDate": "2010-03-30"}, {"maxAge": 1, "name": "Vashishta (Siddhartha)", "relation": "Managing Director", "url": "", "transactionDescription": "Acquisition", "latestTransDate": "2010-04-16", "positionDirect": 3826209, "positionDirectDate": "2010-04-16"}], "maxAge": 1}, "earnings": {"maxAge": 86400, "earningsChart": {"quarterly": [], "earningsDate": []}, "financialsChart": {"yearly": [{"date": 2017, "revenue": 3294005167, "earnings": 79502168}, {"date": 2018, "revenue": 3342989239, "earnings": 45704974}, {"date": 2019, "revenue": 3713456347, "earnings": 21290303}, {"date": 2020, "revenue": 3994060885, "earnings": 191259536}], "quarterly": [{"date": "3Q2019", "revenue": 823423000, "earnings": 37762000}, {"date": "4Q2019", "revenue": 745368000, "earnings": 45206000}, {"date": "1Q2020", "revenue": 1452845885, "earnings": 13801536}, {"date": "2Q2020", "revenue": 1401919000, "earnings": 78181000}]}, "financialCurrency": "INR"}, "calendarEvents": {"maxAge": 1, "earnings": {"earningsDate": []}}, "price": {"maxAge": 1, "regularMarketChangePercent": 0.112889655, "regularMarketChange": 1.3400002, "regularMarketTime": "2021-04-30 15:59:22", "priceHint": 2, "regularMarketPrice": 13.21, "regularMarketDayHigh": 13.8, "regularMarketDayLow": 11.61, "regularMarketVolume": 439857, "averageDailyVolume10Day": 63248, "averageDailyVolume3Month": 104594, "regularMarketPreviousClose": 11.87, "regularMarketSource": "FREE_REALTIME", "regularMarketOpen": 12.0, "exchange": "BSE", "exchangeName": "BSE", "exchangeDataDelayedBy": 0, "marketState": "CLOSED", "quoteType": "EQUITY", "symbol": "PICCADIL.BO", "underlyingSymbol": null, "shortName": "PICCADILY AGRO INDUSTRIES LTD.", "longName": "Piccadily Agro Industries Limited", "currency": "INR", "quoteSourceName": "Delayed Quote", "currencySymbol": "\u20b9", "fromCurrency": null, "toCurrency": null, "lastMarket": null, "marketCap": 1246222080}, "balanceSheetHistory": {"balanceSheetStatements": [{"maxAge": 1, "endDate": "2020-03-31", "cash": 44397912, "shortTermInvestments": 30829458, "netReceivables": 323084489, "inventory": 1476823226, "otherCurrentAssets": 110071263, "totalCurrentAssets": 1994466026, "longTermInvestments": 688894968, "propertyPlantEquipment": 1868479471, "otherAssets": 58512048, "totalAssets": 4610352513, "accountsPayable": 1265993438, "shortLongTermDebt": 155956587, "otherCurrentLiab": 126014357, "longTermDebt": 199343380, "otherLiab": 158211274, "totalCurrentLiabilities": 2560058479, "totalLiab": 2917613133, "commonStock": 943392800, "retainedEarnings": 537339516, "treasuryStock": 202285264, "capitalSurplus": 9721800, "otherStockholderEquity": 202285264, "totalStockholderEquity": 1692739380, "netTangibleAssets": 1692739380}, {"maxAge": 1, "endDate": "2019-03-31", "cash": 165673013, "shortTermInvestments": 56893885, "netReceivables": 421826868, "inventory": 1264981920, "otherCurrentAssets": 116938750, "totalCurrentAssets": 2034252275, "longTermInvestments": 648694105, "propertyPlantEquipment": 1941235828, "intangibleAssets": 1429967, "otherAssets": 71878284, "totalAssets": 4697490459, "accountsPayable": 1493393706, "shortLongTermDebt": 253506772, "otherCurrentLiab": 81588341, "longTermDebt": 86231173, "otherLiab": 227152150, "totalCurrentLiabilities": 2882627292, "totalLiab": 3196010615, "commonStock": 943392800, "retainedEarnings": 346079980, "treasuryStock": 202285264, "capitalSurplus": 9721800, "otherStockholderEquity": 202285264, "totalStockholderEquity": 1501479844, "netTangibleAssets": 1500049877}, {"maxAge": 1, "endDate": "2018-03-31", "cash": 21917064, "shortTermInvestments": 21411640, "netReceivables": 222038476, "inventory": 1321337529, "otherCurrentAssets": 185723203, "totalCurrentAssets": 1782848814, "longTermInvestments": 644526110, "propertyPlantEquipment": 1988595947, "goodWill": 32271576, "intangibleAssets": 1429967, "otherAssets": 130757361, "totalAssets": 4580429775, "accountsPayable": 1079226136, "shortLongTermDebt": 233352909, "otherCurrentLiab": 103922699, "longTermDebt": 253988019, "otherLiab": 236015125, "totalCurrentLiabilities": 2506451114, "totalLiab": 2996454258, "commonStock": 943392800, "retainedEarnings": 324789677, "treasuryStock": 306071240, "capitalSurplus": 9721800, "otherStockholderEquity": 306071240, "totalStockholderEquity": 1583975517, "netTangibleAssets": 1550273974}, {"maxAge": 1, "endDate": "2017-03-31", "cash": 13360473, "shortTermInvestments": 20400015, "netReceivables": 137647676, "inventory": 1150639546, "otherCurrentAssets": 64694525, "totalCurrentAssets": 1405214414, "longTermInvestments": 645001968, "propertyPlantEquipment": 1996561364, "goodWill": 31795718, "intangibleAssets": 1429967, "otherAssets": 148786179, "totalAssets": 4228789610, "accountsPayable": 751613519, "shortLongTermDebt": 181060699, "otherCurrentLiab": 224986688, "longTermDebt": 390820053, "otherLiab": 277884172, "totalCurrentLiabilities": 2021814842, "totalLiab": 2690519067, "commonStock": 943392800, "retainedEarnings": 279084703, "treasuryStock": 306071240, "capitalSurplus": 9721800, "otherStockholderEquity": 306071240, "totalStockholderEquity": 1538270543, "netTangibleAssets": 1505044858}], "maxAge": 86400}, "earningsTrend": {"trend": [{"maxAge": 1, "period": "0q", "endDate": null, "growth": {}, "earningsEstimate": {"avg": 0.0, "low": 0.0, "high": 0.0, "yearAgoEps": {}, "numberOfAnalysts": 0, "growth": {}}, "revenueEstimate": {"avg": 0, "low": 0, "high": 0, "numberOfAnalysts": 0, "yearAgoRevenue": {}, "growth": {}}, "epsTrend": {"current": 0.0, "7daysAgo": 0.0, "30daysAgo": 0.0, "60daysAgo": 0.0, "90daysAgo": 0.0}, "epsRevisions": {"upLast7days": 0, "upLast30days": 0, "downLast30days": 0, "downLast90days": {}}}, {"maxAge": 1, "period": "+1q", "endDate": null, "growth": {}, "earningsEstimate": {"avg": 0.0, "low": 0.0, "high": 0.0, "yearAgoEps": {}, "numberOfAnalysts": 0, "growth": {}}, "revenueEstimate": {"avg": 0, "low": 0, "high": 0, "numberOfAnalysts": 0, "yearAgoRevenue": {}, "growth": {}}, "epsTrend": {"current": 0.0, "7daysAgo": 0.0, "30daysAgo": 0.0, "60daysAgo": 0.0, "90daysAgo": 0.0}, "epsRevisions": {"upLast7days": 0, "upLast30days": 0, "downLast30days": 0, "downLast90days": {}}}, {"maxAge": 1, "period": "0y", "endDate": null, "growth": {}, "earningsEstimate": {"avg": 0.0, "low": 0.0, "high": 0.0, "yearAgoEps": {}, "numberOfAnalysts": 0, "growth": {}}, "revenueEstimate": {"avg": 0, "low": 0, "high": 0, "numberOfAnalysts": 0, "yearAgoRevenue": {}, "growth": {}}, "epsTrend": {"current": 0.0, "7daysAgo": 0.0, "30daysAgo": 0.0, "60daysAgo": 0.0, "90daysAgo": 0.0}, "epsRevisions": {"upLast7days": 0, "upLast30days": 0, "downLast30days": 0, "downLast90days": {}}}, {"maxAge": 1, "period": "+1y", "endDate": null, "growth": {}, "earningsEstimate": {"avg": 0.0, "low": 0.0, "high": 0.0, "yearAgoEps": {}, "numberOfAnalysts": 0, "growth": {}}, "revenueEstimate": {"avg": 0, "low": 0, "high": 0, "numberOfAnalysts": 0, "yearAgoRevenue": {}, "growth": {}}, "epsTrend": {"current": 0.0, "7daysAgo": 0.0, "30daysAgo": 0.0, "60daysAgo": 0.0, "90daysAgo": 0.0}, "epsRevisions": {"upLast7days": 0, "upLast30days": 0, "downLast30days": 0, "downLast90days": {}}}, {"maxAge": 1, "period": "+5y", "endDate": null, "growth": {}, "earningsEstimate": {"avg": {}, "low": {}, "high": {}, "yearAgoEps": {}, "numberOfAnalysts": {}, "growth": {}}, "revenueEstimate": {"avg": {}, "low": {}, "high": {}, "numberOfAnalysts": {}, "yearAgoRevenue": {}, "growth": {}}, "epsTrend": {"current": {}, "7daysAgo": {}, "30daysAgo": {}, "60daysAgo": {}, "90daysAgo": {}}, "epsRevisions": {"upLast7days": {}, "upLast30days": {}, "downLast30days": {}, "downLast90days": {}}}, {"maxAge": 1, "period": "-5y", "endDate": null, "growth": {}, "earningsEstimate": {"avg": {}, "low": {}, "high": {}, "yearAgoEps": {}, "numberOfAnalysts": {}, "growth": {}}, "revenueEstimate": {"avg": {}, "low": {}, "high": {}, "numberOfAnalysts": {}, "yearAgoRevenue": {}, "growth": {}}, "epsTrend": {"current": {}, "7daysAgo": {}, "30daysAgo": {}, "60daysAgo": {}, "90daysAgo": {}}, "epsRevisions": {"upLast7days": {}, "upLast30days": {}, "downLast30days": {}, "downLast90days": {}}}], "maxAge": 1}, "financialData": {"maxAge": 86400, "currentPrice": 13.21, "targetHighPrice": 24.0, "targetLowPrice": 24.0, "targetMeanPrice": 24.0, "targetMedianPrice": 24.0, "recommendationKey": "none", "numberOfAnalystOpinions": 1, "grossProfits": 1306651055, "financialCurrency": "INR"}}}