{"PILANIINVS.BO": {"cashflowStatementHistory": {"cashflowStatements": [{"maxAge": 1, "endDate": "2020-03-31", "netIncome": 1749453000, "depreciation": 3970000, "changeToNetincome": -1368135000, "changeToAccountReceivables": -3193000, "changeToLiabilities": 181093000, "changeToOperatingActivities": -14440589000, "totalCashFromOperatingActivities": -13877401000, "capitalExpenditures": -6776000, "investments": 12841295000, "totalCashflowsFromInvestingActivities": 12834519000, "dividendsPaid": -198075000, "netBorrowings": 1750000000, "otherCashflowsFromFinancingActivities": -471368000, "totalCashFromFinancingActivities": 1080557000, "changeInCash": 37675000}, {"maxAge": 1, "endDate": "2019-03-31", "netIncome": 20172284000, "depreciation": 4673000, "changeToNetincome": -20055461000, "changeToAccountReceivables": -2749000, "changeToLiabilities": 55170000, "changeToOperatingActivities": -4313000, "totalCashFromOperatingActivities": 169604000, "capitalExpenditures": -69000, "investments": -2142957000, "totalCashflowsFromInvestingActivities": -2143026000, "dividendsPaid": -197430000, "netBorrowings": 2402082000, "otherCashflowsFromFinancingActivities": -229634000, "totalCashFromFinancingActivities": 1975018000, "changeInCash": 1596000}, {"maxAge": 1, "endDate": "2018-03-31", "netIncome": 1339696000, "depreciation": 5464000, "changeToNetincome": -1191027000, "changeToAccountReceivables": 275000, "changeToLiabilities": 4754000, "changeToOperatingActivities": 26308000, "totalCashFromOperatingActivities": 185486000, "capitalExpenditures": -60000, "investments": 25523000, "totalCashflowsFromInvestingActivities": 25463000, "dividendsPaid": -197687000, "netBorrowings": 26280000, "otherCashflowsFromFinancingActivities": -41088000, "totalCashFromFinancingActivities": -212495000, "changeInCash": -1546000}, {"maxAge": 1, "endDate": "2017-03-31", "netIncome": 427313000, "depreciation": 6370000, "changeToNetincome": -154023000, "changeToAccountReceivables": 1630000, "changeToLiabilities": 4190000, "changeToOperatingActivities": -1034680000, "totalCashFromOperatingActivities": 156530000, "capitalExpenditures": -60000, "investments": 78990000, "totalCashflowsFromInvestingActivities": 79150000, "dividendsPaid": -197660000, "netBorrowings": 26280000, "otherCashflowsFromFinancingActivities": -40250000, "totalCashFromFinancingActivities": -237910000, "changeInCash": -2230000}], "maxAge": 86400}, "institutionOwnership": {"maxAge": 1, "ownershipList": []}, "balanceSheetHistoryQuarterly": {"balanceSheetStatements": [{"maxAge": 1, "endDate": "2020-06-30", "totalStockholderEquity": 51109457000, "netTangibleAssets": 51109457000}, {"maxAge": 1, "endDate": "2020-03-31", "cash": 42202000, "netReceivables": 14113397000, "otherCurrentAssets": 54183000, "totalCurrentAssets": 44550108000, "longTermInvestments": 11519886000, "propertyPlantEquipment": 6278000, "otherAssets": 379564000, "totalAssets": 56455836000, "accountsPayable": 13311000, "otherCurrentLiab": 4204000, "longTermDebt": 1000000000, "otherLiab": 994045000, "totalCurrentLiabilities": 3352334000, "totalLiab": 5346379000, "commonStock": 79088000, "retainedEarnings": 23264914000, "treasuryStock": 27765455000, "otherStockholderEquity": 27765455000, "totalStockholderEquity": 51109457000, "netTangibleAssets": 51109457000}, {"maxAge": 1, "endDate": "2019-12-31", "totalStockholderEquity": 65750217000, "netTangibleAssets": 65750217000}, {"maxAge": 1, "endDate": "2019-09-30", "cash": 253815000, "netReceivables": 11454298000, "otherCurrentAssets": 155000, "totalCurrentAssets": 11708268000, "longTermInvestments": 59722960000, "propertyPlantEquipment": 886000, "otherAssets": 194231000, "deferredLongTermAssetCharges": 141326000, "totalAssets": 71626345000, "accountsPayable": 650000, "otherCurrentLiab": 1520841000, "longTermDebt": 4200000000, "otherLiab": 152685000, "totalCurrentLiabilities": 1523443000, "totalLiab": 5876128000, "commonStock": 79088000, "treasuryStock": 65671129000, "otherStockholderEquity": 65671129000, "totalStockholderEquity": 65750217000, "netTangibleAssets": 65750217000}], "maxAge": 86400}, "indexTrend": {"maxAge": 1, "symbol": "SP5", "peRatio": 19.7411, "pegRatio": 1.34172, "estimates": [{"period": "0q", "growth": 0.549}, {"period": "+1q", "growth": 0.431}, {"period": "0y", "growth": 0.305}, {"period": "+1y", "growth": 0.109}, {"period": "+5y", "growth": 0.120865}, {"period": "-5y"}]}, "insiderTransactions": {"transactions": [{"maxAge": 1, "shares": 8700, "filerUrl": "", "transactionText": "", "filerName": "Aditya Marketing & Manufacturing Company, Ltd.", "filerRelation": "Promoter", "moneyText": "", "startDate": "2018-09-28", "ownership": "D"}, {"maxAge": 1, "shares": 8700, "filerUrl": "", "transactionText": "", "filerName": "Manav Investment & Trading Company Ltd", "filerRelation": "Promoter", "moneyText": "", "startDate": "2018-09-28", "ownership": "D"}, {"maxAge": 1, "shares": 8500, "filerUrl": "", "transactionText": "", "filerName": "Manjushree Plantations Ltd", "filerRelation": "Promoter", "moneyText": "", "startDate": "2017-09-14", "ownership": "D"}, {"maxAge": 1, "shares": 8500, "filerUrl": "", "transactionText": "", "filerName": "Padmavati Investment Ltd", "filerRelation": "Promoter", "moneyText": "", "startDate": "2017-09-14", "ownership": "D"}], "maxAge": 1}, "quoteType": {"exchange": "BSE", "quoteType": "EQUITY", "symbol": "PILANIINVS.BO", "underlyingSymbol": "PILANIINVS.BO", "shortName": "Pilani Investment And Industri", "longName": "Pilani Investment and Industries Corporation Limited", "firstTradeDateEpochUtc": "2011-10-26 09:15:00", "timeZoneFullName": "Asia/Kolkata", "timeZoneShortName": "IST", "uuid": "abca9c46-17cc-3c4a-bb58-ddb946508b9b", "messageBoardId": null, "gmtOffSetMilliseconds": 19800000, "maxAge": 1}, "incomeStatementHistory": {"incomeStatementHistory": [{"maxAge": 1, "endDate": "2020-03-31", "totalRevenue": 1257959000, "costOfRevenue": 0, "grossProfit": 1257959000, "researchDevelopment": {}, "sellingGeneralAdministrative": 16587000, "nonRecurring": {}, "otherOperatingExpenses": 90476000, "totalOperatingExpenses": 111033000, "operatingIncome": 1146926000, "totalOtherIncomeExpenseNet": 778490000, "ebit": 1146926000, "interestExpense": -430726000, "incomeBeforeTax": 1925416000, "incomeTaxExpense": 175963000, "minorityInterest": {}, "netIncomeFromContinuingOps": 1749453000, "discontinuedOperations": {}, "extraordinaryItems": {}, "effectOfAccountingCharges": {}, "otherItems": {}, "netIncome": 1749453000, "netIncomeApplicableToCommonShares": 1749453000}, {"maxAge": 1, "endDate": "2019-03-31", "totalRevenue": 251799000, "costOfRevenue": 0, "grossProfit": 251799000, "researchDevelopment": {}, "sellingGeneralAdministrative": 13677000, "nonRecurring": {}, "otherOperatingExpenses": 19277000, "totalOperatingExpenses": 37627000, "operatingIncome": 214172000, "totalOtherIncomeExpenseNet": 19884030000, "ebit": 214172000, "interestExpense": -188992000, "incomeBeforeTax": 20098202000, "incomeTaxExpense": -74082000, "minorityInterest": {}, "netIncomeFromContinuingOps": 20172284000, "discontinuedOperations": {}, "extraordinaryItems": {}, "effectOfAccountingCharges": {}, "otherItems": {}, "netIncome": 20172284000, "netIncomeApplicableToCommonShares": 20172284000}, {"maxAge": 1, "endDate": "2018-03-31", "totalRevenue": 305502000, "costOfRevenue": 0, "grossProfit": 305502000, "researchDevelopment": {}, "sellingGeneralAdministrative": 13965000, "nonRecurring": {}, "otherOperatingExpenses": 26754000, "totalOperatingExpenses": 46183000, "operatingIncome": 259319000, "totalOtherIncomeExpenseNet": 1108951000, "ebit": 259319000, "interestExpense": -3469000, "incomeBeforeTax": 1368270000, "incomeTaxExpense": 28574000, "minorityInterest": {}, "netIncomeFromContinuingOps": 1339696000, "discontinuedOperations": {}, "extraordinaryItems": {}, "effectOfAccountingCharges": {}, "otherItems": {}, "netIncome": 1339696000, "netIncomeApplicableToCommonShares": 1339696000}, {"maxAge": 1, "endDate": "2017-03-31", "totalRevenue": 345800000, "costOfRevenue": 9324000, "grossProfit": 336476000, "researchDevelopment": {}, "sellingGeneralAdministrative": 10360000, "nonRecurring": {}, "otherOperatingExpenses": 16126000, "totalOperatingExpenses": 42180000, "operatingIncome": 303620000, "totalOtherIncomeExpenseNet": 150169000, "ebit": 303620000, "interestExpense": -3469000, "incomeBeforeTax": 453789000, "incomeTaxExpense": 26476000, "minorityInterest": {}, "netIncomeFromContinuingOps": 427313000, "discontinuedOperations": {}, "extraordinaryItems": {}, "effectOfAccountingCharges": {}, "otherItems": {}, "netIncome": 427313000, "netIncomeApplicableToCommonShares": 427313000}], "maxAge": 86400}, "fundOwnership": {"maxAge": 1, "ownershipList": []}, "summaryDetail": {"maxAge": 1, "priceHint": 2, "previousClose": 1723.25, "open": 1684.0, "dayLow": 1680.0, "dayHigh": 1719.95, "regularMarketPreviousClose": 1723.25, "regularMarketOpen": 1684.0, "regularMarketDayLow": 1680.0, "regularMarketDayHigh": 1719.95, "trailingPE": 7.9984174, "volume": 377, "regularMarketVolume": 377, "averageVolume": 1459, "averageVolume10days": 409, "averageDailyVolume10Day": 409, "bid": 1680.0, "ask": 1725.0, "bidSize": 0, "askSize": 0, "marketCap": 13322327040, "fiftyTwoWeekLow": 910.0, "fiftyTwoWeekHigh": 2557.15, "fiftyDayAverage": 1924.5929, "twoHundredDayAverage": 1847.0012, "trailingAnnualDividendRate": 25.0, "trailingAnnualDividendYield": 0.014507472, "currency": "INR", "fromCurrency": null, "toCurrency": null, "lastMarket": null, "algorithm": null, "tradeable": false}, "incomeStatementHistoryQuarterly": {"incomeStatementHistory": [{"maxAge": 1, "endDate": "2020-06-30", "totalRevenue": 374672000, "costOfRevenue": 1608000, "grossProfit": 373064000, "researchDevelopment": {}, "sellingGeneralAdministrative": 3409000, "nonRecurring": {}, "otherOperatingExpenses": 10448000, "totalOperatingExpenses": 16583000, "operatingIncome": 358089000, "totalOtherIncomeExpenseNet": -206792000, "ebit": 358089000, "interestExpense": -74319000, "incomeBeforeTax": 151297000, "incomeTaxExpense": 68798000, "minorityInterest": {}, "netIncomeFromContinuingOps": 82499000, "discontinuedOperations": {}, "extraordinaryItems": {}, "effectOfAccountingCharges": {}, "otherItems": {}, "netIncome": 82499000, "netIncomeApplicableToCommonShares": 82499000}, {"maxAge": 1, "endDate": "2020-03-31", "totalRevenue": 386252000, "costOfRevenue": 0, "grossProfit": 386252000, "researchDevelopment": {}, "sellingGeneralAdministrative": 6648000, "nonRecurring": {}, "otherOperatingExpenses": 68071000, "totalOperatingExpenses": 75828000, "operatingIncome": 310424000, "totalOtherIncomeExpenseNet": 164247000, "ebit": 310424000, "interestExpense": -107492000, "incomeBeforeTax": 474671000, "incomeTaxExpense": 95626000, "minorityInterest": {}, "netIncomeFromContinuingOps": 379045000, "discontinuedOperations": {}, "extraordinaryItems": {}, "effectOfAccountingCharges": {}, "otherItems": {}, "netIncome": 379045000, "netIncomeApplicableToCommonShares": 379045000}, {"maxAge": 1, "endDate": "2019-12-31", "totalRevenue": 327185000, "costOfRevenue": 0, "grossProfit": 327185000, "researchDevelopment": {}, "sellingGeneralAdministrative": 3420000, "nonRecurring": {}, "otherOperatingExpenses": 9023000, "totalOperatingExpenses": 13443000, "operatingIncome": 313742000, "totalOtherIncomeExpenseNet": 8370000, "ebit": 313742000, "interestExpense": -110429000, "incomeBeforeTax": 322112000, "incomeTaxExpense": 50947000, "minorityInterest": {}, "netIncomeFromContinuingOps": 271165000, "discontinuedOperations": {}, "extraordinaryItems": {}, "effectOfAccountingCharges": {}, "otherItems": {}, "netIncome": 271165000, "netIncomeApplicableToCommonShares": 271165000}, {"maxAge": 1, "endDate": "2019-09-30", "totalRevenue": 479564000, "costOfRevenue": 0, "grossProfit": 479564000, "researchDevelopment": {}, "sellingGeneralAdministrative": 3201000, "nonRecurring": {}, "otherOperatingExpenses": 8088000, "totalOperatingExpenses": 12211000, "operatingIncome": 467353000, "totalOtherIncomeExpenseNet": 106836000, "ebit": 467353000, "interestExpense": -113809000, "incomeBeforeTax": 574189000, "incomeTaxExpense": 21873000, "minorityInterest": {}, "netIncomeFromContinuingOps": 552316000, "discontinuedOperations": {}, "extraordinaryItems": {}, "effectOfAccountingCharges": {}, "otherItems": {}, "netIncome": 552316000, "netIncomeApplicableToCommonShares": 552316000}], "maxAge": 86400}, "cashflowStatementHistoryQuarterly": {"cashflowStatements": [{"maxAge": 1, "endDate": "2020-06-30", "netIncome": 82499000, "changeToLiabilities": 0}, {"maxAge": 1, "endDate": "2020-03-31", "netIncome": 379045000, "changeToLiabilities": 0}, {"maxAge": 1, "endDate": "2019-12-31", "netIncome": 271165000, "changeToLiabilities": 0}, {"maxAge": 1, "endDate": "2019-09-30", "netIncome": 552316000, "changeToLiabilities": 0}], "maxAge": 86400}, "insiderHolders": {"holders": [{"maxAge": 1, "name": "Aditya Marketing & Manufacturing Company, Ltd.", "relation": "Promoter", "url": "", "transactionDescription": "Acquisition", "latestTransDate": "2018-09-28", "positionDirect": 2744194, "positionDirectDate": "2018-09-28"}, {"maxAge": 1, "name": "Manav Investment & Trading Company Ltd", "relation": "Promoter", "url": "", "transactionDescription": "Sale", "latestTransDate": "2018-09-28", "positionDirect": 0, "positionDirectDate": "2018-09-28"}, {"maxAge": 1, "name": "Manjushree Plantations Ltd", "relation": "Promoter", "url": "", "transactionDescription": "Sale", "latestTransDate": "2017-09-14", "positionDirect": 0, "positionDirectDate": "2017-09-14"}, {"maxAge": 1, "name": "Padmavati Investment Ltd", "relation": "Promoter", "url": "", "transactionDescription": "Acquisition", "latestTransDate": "2017-09-14", "positionDirect": 1406986, "positionDirectDate": "2017-09-14"}], "maxAge": 1}, "calendarEvents": {"maxAge": 1, "earnings": {"earningsDate": []}}, "price": {"maxAge": 1, "regularMarketChangePercent": -0.02042649, "regularMarketChange": -35.19995, "regularMarketTime": "2021-04-30 15:28:35", "priceHint": 2, "regularMarketPrice": 1688.05, "regularMarketDayHigh": 1719.95, "regularMarketDayLow": 1680.0, "regularMarketVolume": 377, "averageDailyVolume10Day": 409, "averageDailyVolume3Month": 1459, "regularMarketPreviousClose": 1723.25, "regularMarketSource": "FREE_REALTIME", "regularMarketOpen": 1684.0, "exchange": "BSE", "exchangeName": "BSE", "exchangeDataDelayedBy": 0, "marketState": "CLOSED", "quoteType": "EQUITY", "symbol": "PILANIINVS.BO", "underlyingSymbol": null, "shortName": "Pilani Investment And Industri", "longName": "Pilani Investment and Industries Corporation Limited", "currency": "INR", "quoteSourceName": "Delayed Quote", "currencySymbol": "\u20b9", "fromCurrency": null, "toCurrency": null, "lastMarket": null, "marketCap": 13322327040}, "balanceSheetHistory": {"balanceSheetStatements": [{"maxAge": 1, "endDate": "2020-03-31", "cash": 42202000, "netReceivables": 14113397000, "otherCurrentAssets": 54183000, "totalCurrentAssets": 44550108000, "longTermInvestments": 11519886000, "propertyPlantEquipment": 6278000, "otherAssets": 379564000, "totalAssets": 56455836000, "accountsPayable": 13311000, "otherCurrentLiab": 4204000, "longTermDebt": 1000000000, "otherLiab": 994045000, "totalCurrentLiabilities": 3352334000, "totalLiab": 5346379000, "commonStock": 79088000, "retainedEarnings": 23264914000, "treasuryStock": 27765455000, "otherStockholderEquity": 27765455000, "totalStockholderEquity": 51109457000, "netTangibleAssets": 51109457000}, {"maxAge": 1, "endDate": "2019-03-31", "cash": 4527000, "shortTermInvestments": 4000000, "netReceivables": 5204000, "otherCurrentAssets": 12428000, "totalCurrentAssets": 42749436000, "longTermInvestments": 10906091000, "propertyPlantEquipment": 90000, "otherAssets": 89900000, "deferredLongTermAssetCharges": 44047000, "totalAssets": 53745517000, "accountsPayable": 1620000, "otherCurrentLiab": 130111000, "longTermDebt": 1000000000, "otherLiab": 65718000, "totalCurrentLiabilities": 1600000000, "totalLiab": 2665718000, "commonStock": 79088000, "retainedEarnings": 9713301000, "treasuryStock": 41287410000, "otherStockholderEquity": 41287410000, "totalStockholderEquity": 51079799000, "netTangibleAssets": 51079799000}, {"maxAge": 1, "endDate": "2018-03-31", "cash": 2931000, "netReceivables": 2549000, "otherCurrentAssets": 52009000, "totalCurrentAssets": 50499799000, "longTermInvestments": 8419338000, "propertyPlantEquipment": 46000, "otherAssets": 50390000, "totalAssets": 58969573000, "accountsPayable": 6059000, "otherCurrentLiab": 4271000, "otherLiab": 85350000, "totalCurrentLiabilities": 55178000, "totalLiab": 140528000, "commonStock": 79088000, "retainedEarnings": 6830708000, "treasuryStock": 51919249000, "otherStockholderEquity": 51919249000, "totalStockholderEquity": 58829045000, "netTangibleAssets": 58829045000}, {"maxAge": 1, "endDate": "2017-03-31", "cash": 35720000, "shortTermInvestments": 1337530000, "netReceivables": 4310000, "otherCurrentAssets": 3510000, "totalCurrentAssets": 1381090000, "longTermInvestments": 10754091000, "propertyPlantEquipment": 26470000, "otherAssets": 73699000, "totalAssets": 12235350000, "accountsPayable": 4530000, "otherCurrentLiab": 7894000, "longTermDebt": 21900000, "otherLiab": 230000, "deferredLongTermLiab": 20000, "totalCurrentLiabilities": 27210000, "totalLiab": 49340000, "commonStock": 79088000, "retainedEarnings": 8640911000, "treasuryStock": 3466011000, "otherStockholderEquity": 3466011000, "totalStockholderEquity": 12186010000, "netTangibleAssets": 12186010000}], "maxAge": 86400}, "financialData": {"maxAge": 86400, "currentPrice": 1688.05, "recommendationKey": "none", "grossProfits": 1257959000, "financialCurrency": "INR"}}}