{"PILITA.NS": {"assetProfile": {"address1": "Kodiyat Road", "address2": "Sisarma", "city": "Udaipur", "zip": "313031", "country": "India", "phone": "91 29 4243 2271", "fax": "91 29 4243 0411", "website": "http://www.italicafurniture.com", "industry": "Furnishings, Fixtures & Appliances", "sector": "Consumer Cyclical", "longBusinessSummary": "Pil Italica Lifestyle Limited manufactures and sells plastic molded furniture and other articles in India and internationally. It operates through three segments: Manufacturing, Trading, and Finance. The company offers plastic chairs, tables, patla/stools, trolleys, sun loungers, storage and waste bins, and crates under the ITALICA brand. Its products are used in homes, offices, stadiums, gardens, playgrounds, beaches, and others. The company also provides outdoor plastic and garden furniture; finance and investment activities; and consultancy and other services. It sells its products through a network of distributors and dealers. The company was formerly known as Peacock Industries Limited and changed its name to Pil Italica Lifestyle Limited in August 2015. The company was founded in 1992 and is based in Udaipur, India. Pil Italica Lifestyle Limited is a subsidiary of Dawood Investment Private Limited.", "fullTimeEmployees": 155, "companyOfficers": [{"maxAge": 1, "name": "Mr. Daud Ali Dawood", "age": 60, "title": "MD & Exec. Director", "yearBorn": 1960, "fiscalYear": 2020, "totalPay": 4704000, "exercisedValue": 0, "unexercisedValue": 0}, {"maxAge": 1, "name": "Mr. Narendra  Bhanawat", "age": 53, "title": "CFO & Whole Time Director", "yearBorn": 1967, "fiscalYear": 2020, "totalPay": 496000, "exercisedValue": 0, "unexercisedValue": 0}, {"maxAge": 1, "name": "Ms. Aditi  Parmar", "title": "Company Sec. & Compliance Officer", "fiscalYear": 2020, "totalPay": 302670, "exercisedValue": 0, "unexercisedValue": 0}, {"maxAge": 1, "name": "Mr. R. K. Head", "title": "VP of Operations", "exercisedValue": 0, "unexercisedValue": 0}], "compensationAsOfEpochDate": "2020-12-31 05:30:00", "maxAge": 86400}, "recommendationTrend": {"trend": [{"period": "0m", "strongBuy": 0, "buy": 0, "hold": 0, "sell": 0, "strongSell": 0}, {"period": "-1m", "strongBuy": 0, "buy": 0, "hold": 0, "sell": 0, "strongSell": 0}, {"period": "-2m", "strongBuy": 0, "buy": 0, "hold": 0, "sell": 0, "strongSell": 0}, {"period": "-3m", "strongBuy": 0, "buy": 0, "hold": 0, "sell": 0, "strongSell": 0}], "maxAge": 86400}, "cashflowStatementHistory": {"cashflowStatements": [{"maxAge": 1, "endDate": "2020-03-31", "netIncome": 7991000, "depreciation": 3946000, "changeToNetincome": 7462000, "changeToAccountReceivables": -11752000, "changeToLiabilities": 11462000, "changeToInventory": -23381000, "changeToOperatingActivities": -33287000, "totalCashFromOperatingActivities": -37528000, "capitalExpenditures": -22256000, "totalCashflowsFromInvestingActivities": -22256000, "netBorrowings": 37823000, "otherCashflowsFromFinancingActivities": 23236000, "totalCashFromFinancingActivities": 61059000, "changeInCash": 1275000}, {"maxAge": 1, "endDate": "2019-03-31", "netIncome": 31428000, "depreciation": 3244000, "changeToNetincome": -29650000, "changeToAccountReceivables": 21468000, "changeToLiabilities": -18801000, "changeToInventory": -4960000, "changeToOperatingActivities": -40081000, "totalCashFromOperatingActivities": -37323000, "capitalExpenditures": -6744000, "totalCashflowsFromInvestingActivities": -6744000, "netBorrowings": 37823000, "otherCashflowsFromFinancingActivities": 25375000, "totalCashFromFinancingActivities": 25375000, "changeInCash": -18692000}, {"maxAge": 1, "endDate": "2018-03-31", "netIncome": 107971000, "depreciation": 3198000, "changeToNetincome": -88480000, "changeToAccountReceivables": 40309000, "changeToLiabilities": -43002000, "changeToInventory": 4611000, "changeToOperatingActivities": -271153000, "totalCashFromOperatingActivities": -246530000, "capitalExpenditures": -2511000, "totalCashflowsFromInvestingActivities": -2511000, "netBorrowings": 37823000, "otherCashflowsFromFinancingActivities": -30238000, "totalCashFromFinancingActivities": 230762000, "changeInCash": -18279000, "issuanceOfStock": 261000000}, {"maxAge": 1, "endDate": "2017-03-31", "netIncome": 91368000, "depreciation": 3081000, "changeToNetincome": 520000, "changeToAccountReceivables": -85458000, "changeToLiabilities": 83918000, "changeToInventory": -33375000, "changeToOperatingActivities": -181750000, "totalCashFromOperatingActivities": -121690000, "capitalExpenditures": -2050000, "investments": -100000, "totalCashflowsFromInvestingActivities": -2150000, "netBorrowings": -22406000, "otherCashflowsFromFinancingActivities": -520000, "totalCashFromFinancingActivities": 156324000, "changeInCash": 32484000, "issuanceOfStock": 179250000}], "maxAge": 86400}, "indexTrend": {"maxAge": 1, "symbol": "SP5", "peRatio": 19.7411, "pegRatio": 1.34172, "estimates": [{"period": "0q", "growth": 0.549}, {"period": "+1q", "growth": 0.431}, {"period": "0y", "growth": 0.305}, {"period": "+1y", "growth": 0.109}, {"period": "+5y", "growth": 0.120865}, {"period": "-5y"}]}, "defaultKeyStatistics": {"maxAge": 1, "priceHint": 2, "enterpriseValue": 3115096064, "profitMargins": 0.02226, "floatShares": 51290135, "sharesOutstanding": 235000000, "heldPercentInsiders": 0.74337, "heldPercentInstitutions": 0.0, "beta": 1.636363, "category": null, "bookValue": 2.076, "priceToBook": 6.430636, "fundFamily": null, "legalType": null, "lastFiscalYearEnd": "2020-03-31 05:30:00", "nextFiscalYearEnd": "2022-03-31 05:30:00", "mostRecentQuarter": "2020-12-31 05:30:00", "earningsQuarterlyGrowth": 2.078, "netIncomeToCommon": 10999000, "trailingEps": 0.043, "lastSplitFactor": "4:1", "lastSplitDate": "2016-08-24 05:30:00", "enterpriseToRevenue": 6.305, "enterpriseToEbitda": 58.042}, "industryTrend": {"maxAge": 1, "symbol": null, "estimates": []}, "quoteType": {"exchange": "NSI", "quoteType": "EQUITY", "symbol": "PILITA.NS", "underlyingSymbol": "PILITA.NS", "shortName": "PIL ITALICA LIFEST", "longName": "Pil Italica Lifestyle Limited", "firstTradeDateEpochUtc": "2002-08-12 09:15:00", "timeZoneFullName": "Asia/Kolkata", "timeZoneShortName": "IST", "uuid": "1aa96a13-b64c-3d10-81c3-6d6e560a8ecc", "gmtOffSetMilliseconds": 19800000, "maxAge": 1}, "incomeStatementHistory": {"incomeStatementHistory": [{"maxAge": 1, "endDate": "2020-03-31", "totalRevenue": 485716000, "costOfRevenue": 299544000, "grossProfit": 186172000, "researchDevelopment": {}, "sellingGeneralAdministrative": 70717000, "nonRecurring": {}, "otherOperatingExpenses": 66294000, "totalOperatingExpenses": 440532000, "operatingIncome": 45184000, "totalOtherIncomeExpenseNet": -1902000, "ebit": 45184000, "interestExpense": -1902000, "incomeBeforeTax": 43282000, "incomeTaxExpense": 35291000, "minorityInterest": {}, "netIncomeFromContinuingOps": 7991000, "discontinuedOperations": {}, "extraordinaryItems": {}, "effectOfAccountingCharges": {}, "otherItems": {}, "netIncome": 7991000, "netIncomeApplicableToCommonShares": 7991000}, {"maxAge": 1, "endDate": "2019-03-31", "totalRevenue": 532455000, "costOfRevenue": 387514000, "grossProfit": 144941000, "researchDevelopment": {}, "sellingGeneralAdministrative": 61062000, "nonRecurring": {}, "otherOperatingExpenses": 49388000, "totalOperatingExpenses": 501237000, "operatingIncome": 31218000, "totalOtherIncomeExpenseNet": 6010000, "ebit": 31218000, "interestExpense": -1499000, "incomeBeforeTax": 37228000, "incomeTaxExpense": 5800000, "minorityInterest": {}, "netIncomeFromContinuingOps": 31428000, "discontinuedOperations": {}, "extraordinaryItems": {}, "effectOfAccountingCharges": {}, "otherItems": {}, "netIncome": 31428000, "netIncomeApplicableToCommonShares": 31428000}, {"maxAge": 1, "endDate": "2018-03-31", "totalRevenue": 720371000, "costOfRevenue": 568258000, "grossProfit": 152113000, "researchDevelopment": {}, "sellingGeneralAdministrative": 54175000, "nonRecurring": {}, "otherOperatingExpenses": 52557000, "totalOperatingExpenses": 678204000, "operatingIncome": 42167000, "totalOtherIncomeExpenseNet": 18603000, "ebit": 42167000, "interestExpense": -1612000, "incomeBeforeTax": 60770000, "incomeTaxExpense": -47201000, "minorityInterest": {}, "netIncomeFromContinuingOps": 107971000, "discontinuedOperations": {}, "extraordinaryItems": {}, "effectOfAccountingCharges": {}, "otherItems": {}, "netIncome": 107971000, "netIncomeApplicableToCommonShares": 107971000}, {"maxAge": 1, "endDate": "2017-03-31", "totalRevenue": 587329000, "costOfRevenue": 431315000, "grossProfit": 156014000, "researchDevelopment": {}, "sellingGeneralAdministrative": 51233000, "nonRecurring": {}, "otherOperatingExpenses": 76303000, "totalOperatingExpenses": 561937000, "operatingIncome": 25392000, "totalOtherIncomeExpenseNet": 65976000, "ebit": 25392000, "interestExpense": -5209000, "incomeBeforeTax": 91368000, "incomeTaxExpense": 0, "minorityInterest": {}, "netIncomeFromContinuingOps": 91368000, "discontinuedOperations": {}, "extraordinaryItems": {}, "effectOfAccountingCharges": {}, "otherItems": {}, "netIncome": 91368000, "netIncomeApplicableToCommonShares": 91368000}], "maxAge": 86400}, "fundOwnership": {"ownershipList": [], "maxAge": 1}, "summaryDetail": {"maxAge": 1, "priceHint": 2, "previousClose": 13.65, "open": 14.0, "dayLow": 13.1, "dayHigh": 14.0, "regularMarketPreviousClose": 13.65, "regularMarketOpen": 14.0, "regularMarketDayLow": 13.1, "regularMarketDayHigh": 14.0, "payoutRatio": 0.0, "beta": 1.636363, "trailingPE": 310.46512, "volume": 92996, "regularMarketVolume": 92996, "averageVolume": 355354, "averageVolume10days": 310751, "averageDailyVolume10Day": 310751, "bid": 0.0, "ask": 0.0, "bidSize": 0, "askSize": 0, "marketCap": 3148744448, "fiftyTwoWeekLow": 3.1, "fiftyTwoWeekHigh": 19.2, "priceToSalesTrailing12Months": 6.3729835, "fiftyDayAverage": 15.814706, "twoHundredDayAverage": 10.48617, "currency": "INR", "fromCurrency": null, "lastMarket": null, "algorithm": null, "tradeable": false}, "insiderHolders": {"holders": [{"maxAge": 1, "name": "Dawood Investments Pvt Ltd", "relation": "Promoter", "url": "", "transactionDescription": "Other", "latestTransDate": "2017-08-10", "positionDirect": 155057200, "positionDirectDate": "2017-08-10"}, {"maxAge": 1, "name": "Park Continental Ltd", "relation": "Institution- Corporation", "url": "", "transactionDescription": "Acquisition", "latestTransDate": "2013-03-15", "positionDirect": 3004000, "positionDirectDate": "2013-03-15"}], "maxAge": 1}, "calendarEvents": {"maxAge": 1, "earnings": {"earningsDate": []}}, "upgradeDowngradeHistory": {"history": [], "maxAge": 86400}, "price": {"maxAge": 1, "regularMarketChangePercent": -0.021977967, "regularMarketChange": -0.29999924, "regularMarketTime": "2021-04-30 15:29:43", "priceHint": 2, "regularMarketPrice": 13.35, "regularMarketDayHigh": 14.0, "regularMarketDayLow": 13.1, "regularMarketVolume": 92996, "averageDailyVolume10Day": 310751, "averageDailyVolume3Month": 355354, "regularMarketPreviousClose": 13.65, "regularMarketSource": "FREE_REALTIME", "regularMarketOpen": 14.0, "exchange": "NSI", "exchangeName": "NSE", "exchangeDataDelayedBy": 15, "marketState": "CLOSED", "quoteType": "EQUITY", "symbol": "PILITA.NS", "underlyingSymbol": null, "shortName": "PIL ITALICA LIFEST", "longName": "Pil Italica Lifestyle Limited", "currency": "INR", "quoteSourceName": "Delayed Quote", "currencySymbol": "\u20b9", "fromCurrency": null, "lastMarket": null, "marketCap": 3148744448}, "balanceSheetHistory": {"balanceSheetStatements": [{"maxAge": 1, "endDate": "2020-03-31", "cash": 2116000, "netReceivables": 462593000, "inventory": 111685000, "otherCurrentAssets": 26496000, "totalCurrentAssets": 603571000, "longTermInvestments": 100000, "propertyPlantEquipment": 61816000, "intangibleAssets": 178000, "otherAssets": 31734000, "deferredLongTermAssetCharges": 26570000, "totalAssets": 697399000, "accountsPayable": 45452000, "otherCurrentLiab": 9927000, "totalCurrentLiabilities": 94400000, "totalLiab": 94400000, "commonStock": 235000000, "retainedEarnings": -35601000, "capitalSurplus": 403600000, "totalStockholderEquity": 602999000, "netTangibleAssets": 602821000}, {"maxAge": 1, "endDate": "2019-03-31", "cash": 841000, "netReceivables": 431438000, "inventory": 88304000, "otherCurrentAssets": 16144000, "totalCurrentAssets": 537022000, "longTermInvestments": 100000, "propertyPlantEquipment": 43593000, "intangibleAssets": 122000, "otherAssets": 66199000, "deferredLongTermAssetCharges": 61860000, "totalAssets": 647036000, "accountsPayable": 33990000, "otherCurrentLiab": 15426000, "totalCurrentLiabilities": 52028000, "totalLiab": 52028000, "commonStock": 235000000, "retainedEarnings": -43592000, "treasuryStock": 360008000, "capitalSurplus": 403600000, "otherStockholderEquity": 360008000, "totalStockholderEquity": 595008000, "netTangibleAssets": 594886000}, {"maxAge": 1, "endDate": "2018-03-31", "cash": 2967000, "shortTermInvestments": 16566000, "netReceivables": 451210000, "inventory": 83344000, "otherCurrentAssets": 10948000, "totalCurrentAssets": 565327000, "longTermInvestments": 100000, "propertyPlantEquipment": 40126000, "intangibleAssets": 118000, "otherAssets": 63723000, "deferredLongTermAssetCharges": 59828000, "totalAssets": 669394000, "accountsPayable": 52791000, "shortLongTermDebt": 7269000, "otherCurrentLiab": 32059000, "totalCurrentLiabilities": 105814000, "totalLiab": 105814000, "commonStock": 235000000, "retainedEarnings": -75020000, "capitalSurplus": 403600000, "totalStockholderEquity": 563580000, "netTangibleAssets": 563462000}, {"maxAge": 1, "endDate": "2017-03-31", "cash": 22343000, "shortTermInvestments": 15469000, "netReceivables": 269416000, "inventory": 87955000, "otherCurrentAssets": 1179000, "totalCurrentAssets": 396670000, "longTermInvestments": 100000, "propertyPlantEquipment": 40871000, "intangibleAssets": 76000, "otherAssets": 3541000, "totalAssets": 441258000, "accountsPayable": 95793000, "shortLongTermDebt": 7255000, "otherCurrentLiab": 56331000, "otherLiab": 7255000, "totalCurrentLiabilities": 173667000, "totalLiab": 180922000, "commonStock": 217600000, "retainedEarnings": -182514000, "treasuryStock": 65250000, "capitalSurplus": 160000000, "otherStockholderEquity": 65250000, "totalStockholderEquity": 260336000, "netTangibleAssets": 260260000}], "maxAge": 86400}, "earningsTrend": {"trend": [{"maxAge": 1, "period": "0q", "endDate": null, "growth": {}, "earningsEstimate": {"avg": 0.0, "low": 0.0, "high": 0.0, "yearAgoEps": {}, "numberOfAnalysts": 0, "growth": {}}, "revenueEstimate": {"avg": 0, "low": 0, "high": 0, "numberOfAnalysts": 0, "yearAgoRevenue": {}, "growth": {}}, "epsTrend": {"current": 0.0, "7daysAgo": 0.0, "30daysAgo": 0.0, "60daysAgo": 0.0, "90daysAgo": 0.0}, "epsRevisions": {"upLast7days": 0, "upLast30days": 0, "downLast30days": 0, "downLast90days": {}}}, {"maxAge": 1, "period": "+1q", "endDate": null, "growth": {}, "earningsEstimate": {"avg": 0.0, "low": 0.0, "high": 0.0, "yearAgoEps": {}, "numberOfAnalysts": 0, "growth": {}}, "revenueEstimate": {"avg": 0, "low": 0, "high": 0, "numberOfAnalysts": 0, "yearAgoRevenue": {}, "growth": {}}, "epsTrend": {"current": 0.0, "7daysAgo": 0.0, "30daysAgo": 0.0, "60daysAgo": 0.0, "90daysAgo": 0.0}, "epsRevisions": {"upLast7days": 0, "upLast30days": 0, "downLast30days": 0, "downLast90days": {}}}, {"maxAge": 1, "period": "0y", "endDate": null, "growth": {}, "earningsEstimate": {"avg": 0.0, "low": 0.0, "high": 0.0, "yearAgoEps": {}, "numberOfAnalysts": 0, "growth": {}}, "revenueEstimate": {"avg": 0, "low": 0, "high": 0, "numberOfAnalysts": 0, "yearAgoRevenue": {}, "growth": {}}, "epsTrend": {"current": 0.0, "7daysAgo": 0.0, "30daysAgo": 0.0, "60daysAgo": 0.0, "90daysAgo": 0.0}, "epsRevisions": {"upLast7days": 0, "upLast30days": 0, "downLast30days": 0, "downLast90days": {}}}, {"maxAge": 1, "period": "+1y", "endDate": null, "growth": {}, "earningsEstimate": {"avg": 0.0, "low": 0.0, "high": 0.0, "yearAgoEps": {}, "numberOfAnalysts": 0, "growth": {}}, "revenueEstimate": {"avg": 0, "low": 0, "high": 0, "numberOfAnalysts": 0, "yearAgoRevenue": {}, "growth": {}}, "epsTrend": {"current": 0.0, "7daysAgo": 0.0, "30daysAgo": 0.0, "60daysAgo": 0.0, "90daysAgo": 0.0}, "epsRevisions": {"upLast7days": 0, "upLast30days": 0, "downLast30days": 0, "downLast90days": {}}}, {"maxAge": 1, "period": "+5y", "endDate": null, "growth": {}, "earningsEstimate": {"avg": {}, "low": {}, "high": {}, "yearAgoEps": {}, "numberOfAnalysts": {}, "growth": {}}, "revenueEstimate": {"avg": {}, "low": {}, "high": {}, "numberOfAnalysts": {}, "yearAgoRevenue": {}, "growth": {}}, "epsTrend": {"current": {}, "7daysAgo": {}, "30daysAgo": {}, "60daysAgo": {}, "90daysAgo": {}}, "epsRevisions": {"upLast7days": {}, "upLast30days": {}, "downLast30days": {}, "downLast90days": {}}}, {"maxAge": 1, "period": "-5y", "endDate": null, "growth": {}, "earningsEstimate": {"avg": {}, "low": {}, "high": {}, "yearAgoEps": {}, "numberOfAnalysts": {}, "growth": {}}, "revenueEstimate": {"avg": {}, "low": {}, "high": {}, "numberOfAnalysts": {}, "yearAgoRevenue": {}, "growth": {}}, "epsTrend": {"current": {}, "7daysAgo": {}, "30daysAgo": {}, "60daysAgo": {}, "90daysAgo": {}}, "epsRevisions": {"upLast7days": {}, "upLast30days": {}, "downLast30days": {}, "downLast90days": {}}}], "maxAge": 1}, "institutionOwnership": {"ownershipList": [], "maxAge": 1}, "majorHoldersBreakdown": {"maxAge": 1, "insidersPercentHeld": 0.74337, "institutionsPercentHeld": 0.0, "institutionsFloatPercentHeld": 0.0, "institutionsCount": 0}, "balanceSheetHistoryQuarterly": {"balanceSheetStatements": [{"maxAge": 1, "endDate": "2020-12-31", "totalStockholderEquity": 608239000, "netTangibleAssets": 608073000}, {"maxAge": 1, "endDate": "2020-09-30", "cash": 4558000, "netReceivables": 453577000, "inventory": 123667000, "otherCurrentAssets": 21258000, "totalCurrentAssets": 603060000, "propertyPlantEquipment": 74379000, "intangibleAssets": 166000, "otherAssets": 31734000, "deferredLongTermAssetCharges": 26570000, "totalAssets": 709339000, "accountsPayable": 38635000, "otherCurrentLiab": 16048000, "totalCurrentLiabilities": 101100000, "totalLiab": 101100000, "commonStock": 235000000, "treasuryStock": 373239000, "otherStockholderEquity": 373239000, "totalStockholderEquity": 608239000, "netTangibleAssets": 608073000}, {"maxAge": 1, "endDate": "2020-06-30", "totalStockholderEquity": 602999000, "netTangibleAssets": 602821000}, {"maxAge": 1, "endDate": "2020-03-31", "cash": 2116000, "netReceivables": 462593000, "inventory": 111685000, "otherCurrentAssets": 26496000, "totalCurrentAssets": 603571000, "longTermInvestments": 100000, "propertyPlantEquipment": 61816000, "intangibleAssets": 178000, "otherAssets": 31734000, "deferredLongTermAssetCharges": 26570000, "totalAssets": 697399000, "accountsPayable": 45452000, "otherCurrentLiab": 9927000, "totalCurrentLiabilities": 94400000, "totalLiab": 94400000, "commonStock": 235000000, "retainedEarnings": -35601000, "capitalSurplus": 403600000, "totalStockholderEquity": 602999000, "netTangibleAssets": 602821000}], "maxAge": 86400}, "earningsHistory": {"history": [{"maxAge": 1, "epsActual": {}, "epsEstimate": {}, "epsDifference": {}, "surprisePercent": {}, "quarter": {}, "period": "-4q"}, {"maxAge": 1, "epsActual": {}, "epsEstimate": {}, "epsDifference": {}, "surprisePercent": {}, "quarter": {}, "period": "-3q"}, {"maxAge": 1, "epsActual": {}, "epsEstimate": {}, "epsDifference": {}, "surprisePercent": {}, "quarter": {}, "period": "-2q"}, {"maxAge": 1, "epsActual": {}, "epsEstimate": {}, "epsDifference": {}, "surprisePercent": {}, "quarter": {}, "period": "-1q"}], "maxAge": 86400}, "summaryProfile": {"address1": "Kodiyat Road", "address2": "Sisarma", "city": "Udaipur", "zip": "313031", "country": "India", "phone": "91 29 4243 2271", "fax": "91 29 4243 0411", "website": "http://www.italicafurniture.com", "industry": "Furnishings, Fixtures & Appliances", "sector": "Consumer Cyclical", "longBusinessSummary": "Pil Italica Lifestyle Limited manufactures and sells plastic molded furniture and other articles in India and internationally. It operates through three segments: Manufacturing, Trading, and Finance. The company offers plastic chairs, tables, patla/stools, trolleys, sun loungers, storage and waste bins, and crates under the ITALICA brand. Its products are used in homes, offices, stadiums, gardens, playgrounds, beaches, and others. The company also provides outdoor plastic and garden furniture; finance and investment activities; and consultancy and other services. It sells its products through a network of distributors and dealers. The company was formerly known as Peacock Industries Limited and changed its name to Pil Italica Lifestyle Limited in August 2015. The company was founded in 1992 and is based in Udaipur, India. Pil Italica Lifestyle Limited is a subsidiary of Dawood Investment Private Limited.", "fullTimeEmployees": 155, "companyOfficers": [], "maxAge": 86400}, "netSharePurchaseActivity": {"maxAge": 1, "period": "6m", "buyInfoCount": 0, "buyInfoShares": 0, "sellInfoCount": 0, "netInfoCount": 0, "netInfoShares": 0, "netPercentInsiderShares": 0.0, "totalInsiderShares": 167431696}, "insiderTransactions": {"transactions": [{"maxAge": 1, "shares": 7400000, "filerUrl": "", "transactionText": "", "filerName": "Dawood Investments Pvt Ltd", "filerRelation": "Promoter", "moneyText": "", "startDate": "2017-08-10", "ownership": "D"}, {"maxAge": 1, "shares": 111992900, "filerUrl": "", "transactionText": "", "filerName": "Dawood Investments Pvt Ltd", "filerRelation": "Promoter", "moneyText": "", "startDate": "2017-05-06", "ownership": "D"}, {"maxAge": 1, "shares": 34656700, "filerUrl": "", "transactionText": "", "filerName": "Dawood Investments Pvt Ltd", "filerRelation": "Promoter", "moneyText": "", "startDate": "2014-08-13", "ownership": "D"}, {"maxAge": 1, "shares": 349000, "filerUrl": "", "transactionText": "", "filerName": "Park Continental Ltd", "filerRelation": "Institution- Corporation", "moneyText": "", "startDate": "2013-03-15", "ownership": "D"}, {"maxAge": 1, "shares": 318137, "filerUrl": "", "transactionText": "", "filerName": "Park Continental Ltd", "filerRelation": "Institution- Corporation", "moneyText": "", "startDate": "2013-02-07", "ownership": "D"}, {"maxAge": 1, "shares": 121899, "filerUrl": "", "transactionText": "", "filerName": "Park Continental Ltd", "filerRelation": "Institution- Corporation", "moneyText": "", "startDate": "2012-06-20", "ownership": "D"}, {"maxAge": 1, "shares": 156700, "filerUrl": "", "transactionText": "", "filerName": "Dawood Investments Pvt Ltd", "filerRelation": "Promoter", "moneyText": "", "startDate": "2012-03-16", "ownership": "D"}, {"maxAge": 1, "shares": 271000, "filerUrl": "", "transactionText": "", "filerName": "Dawood Investments Pvt Ltd", "filerRelation": "Promoter", "moneyText": "", "startDate": "2012-03-16", "ownership": "D"}, {"maxAge": 1, "shares": 613014, "filerUrl": "", "transactionText": "", "filerName": "Park Continental Ltd", "filerRelation": "Institution- Corporation", "moneyText": "", "startDate": "2010-03-31", "ownership": "D"}, {"maxAge": 1, "shares": 153750, "filerUrl": "", "transactionText": "", "filerName": "Park Continental Ltd", "filerRelation": "Institution- Corporation", "moneyText": "", "startDate": "2009-06-30", "ownership": "D"}, {"maxAge": 1, "shares": 700000, "filerUrl": "", "transactionText": "", "filerName": "Park Continental Ltd", "filerRelation": "Institution- Corporation", "moneyText": "", "startDate": "2009-03-26", "ownership": "D"}, {"maxAge": 1, "shares": 700000, "filerUrl": "", "transactionText": "", "filerName": "Dawood Investments Pvt Ltd", "filerRelation": "Promoter", "moneyText": "", "startDate": "2009-03-26", "ownership": "D"}], "maxAge": 1}, "sectorTrend": {"maxAge": 1, "symbol": null, "estimates": []}, "incomeStatementHistoryQuarterly": {"incomeStatementHistory": [{"maxAge": 1, "endDate": "2020-12-31", "totalRevenue": 187271000, "costOfRevenue": 117076000, "grossProfit": 70195000, "researchDevelopment": {}, "sellingGeneralAdministrative": 16320000, "nonRecurring": {}, "otherOperatingExpenses": 31307000, "totalOperatingExpenses": 165775000, "operatingIncome": 21496000, "totalOtherIncomeExpenseNet": -1225000, "ebit": 21496000, "interestExpense": -1225000, "incomeBeforeTax": 20271000, "incomeTaxExpense": 0, "minorityInterest": {}, "netIncomeFromContinuingOps": 20271000, "discontinuedOperations": {}, "extraordinaryItems": {}, "effectOfAccountingCharges": {}, "otherItems": {}, "netIncome": 20271000, "netIncomeApplicableToCommonShares": 20271000}, {"maxAge": 1, "endDate": "2020-09-30", "totalRevenue": 135014000, "costOfRevenue": 81988000, "grossProfit": 53026000, "researchDevelopment": {}, "sellingGeneralAdministrative": 11519000, "nonRecurring": {}, "otherOperatingExpenses": 28057000, "totalOperatingExpenses": 122652000, "operatingIncome": 12362000, "totalOtherIncomeExpenseNet": -641000, "ebit": 12362000, "interestExpense": -641000, "incomeBeforeTax": 11721000, "incomeTaxExpense": 0, "minorityInterest": {}, "netIncomeFromContinuingOps": 11721000, "discontinuedOperations": {}, "extraordinaryItems": {}, "effectOfAccountingCharges": {}, "otherItems": {}, "netIncome": 11721000, "netIncomeApplicableToCommonShares": 11721000}, {"maxAge": 1, "endDate": "2020-06-30", "totalRevenue": 61587000, "costOfRevenue": 36788000, "grossProfit": 24799000, "researchDevelopment": {}, "sellingGeneralAdministrative": 11396000, "nonRecurring": {}, "otherOperatingExpenses": 18277000, "totalOperatingExpenses": 67548000, "operatingIncome": -5961000, "totalOtherIncomeExpenseNet": -522000, "ebit": -5961000, "interestExpense": -522000, "incomeBeforeTax": -6483000, "incomeTaxExpense": 0, "minorityInterest": {}, "netIncomeFromContinuingOps": -6483000, "discontinuedOperations": {}, "extraordinaryItems": {}, "effectOfAccountingCharges": {}, "otherItems": {}, "netIncome": -6483000, "netIncomeApplicableToCommonShares": -6483000}, {"maxAge": 1, "endDate": "2020-03-31", "totalRevenue": 110205000, "costOfRevenue": 50640000, "grossProfit": 59565000, "researchDevelopment": {}, "sellingGeneralAdministrative": 42001000, "nonRecurring": {}, "otherOperatingExpenses": -5002000, "totalOperatingExpenses": 88905000, "operatingIncome": 21300000, "totalOtherIncomeExpenseNet": -519000, "ebit": 21300000, "interestExpense": -519000, "incomeBeforeTax": 20781000, "incomeTaxExpense": 35291000, "minorityInterest": {}, "netIncomeFromContinuingOps": -14510000, "discontinuedOperations": {}, "extraordinaryItems": {}, "effectOfAccountingCharges": {}, "otherItems": {}, "netIncome": -14510000, "netIncomeApplicableToCommonShares": -14510000}], "maxAge": 86400}, "cashflowStatementHistoryQuarterly": {"cashflowStatements": [{"maxAge": 1, "endDate": "2020-12-31", "netIncome": 20271000, "changeToLiabilities": 0}, {"maxAge": 1, "endDate": "2020-09-30", "netIncome": 11721000, "changeToLiabilities": 0}, {"maxAge": 1, "endDate": "2020-06-30", "netIncome": -6483000, "changeToLiabilities": 0}, {"maxAge": 1, "endDate": "2020-03-31", "netIncome": -14510000, "changeToLiabilities": 0}], "maxAge": 86400}, "earnings": {"maxAge": 86400, "earningsChart": {"quarterly": [], "earningsDate": []}, "financialsChart": {"yearly": [{"date": 2017, "revenue": 587329000, "earnings": 91368000}, {"date": 2018, "revenue": 720371000, "earnings": 107971000}, {"date": 2019, "revenue": 532455000, "earnings": 31428000}, {"date": 2020, "revenue": 485716000, "earnings": 7991000}], "quarterly": [{"date": "1Q2020", "revenue": 110205000, "earnings": -14510000}, {"date": "2Q2020", "revenue": 61587000, "earnings": -6483000}, {"date": "3Q2020", "revenue": 135014000, "earnings": 11721000}, {"date": "4Q2020", "revenue": 187271000, "earnings": 20271000}]}, "financialCurrency": "INR"}, "financialData": {"maxAge": 86400, "currentPrice": 13.35, "recommendationKey": "none", "totalCash": 4558000, "totalCashPerShare": 0.02, "ebitda": 53669500, "totalDebt": 45219000, "totalRevenue": 494076992, "debtToEquity": 7.434, "revenuePerShare": 2.022, "grossProfits": 186172000, "earningsGrowth": 2.0, "revenueGrowth": 0.493, "grossMargins": 0.42014998, "ebitdaMargins": 0.10863, "operatingMargins": 0.09957, "profitMargins": 0.02226, "financialCurrency": "INR"}}}