{"PIONEEREMB.BO": {"cashflowStatementHistory": {"cashflowStatements": [{"maxAge": 1, "endDate": "2020-03-31", "netIncome": 82114000, "depreciation": 86450000, "changeToNetincome": 38087000, "changeToAccountReceivables": 173760000, "changeToLiabilities": -98707000, "changeToInventory": -26099000, "totalCashFromOperatingActivities": 256276000, "capitalExpenditures": -22853000, "investments": 405000, "otherCashflowsFromInvestingActivities": 1757000, "totalCashflowsFromInvestingActivities": 31493000, "netBorrowings": -218460000, "otherCashflowsFromFinancingActivities": -60539000, "totalCashFromFinancingActivities": -278999000, "changeInCash": 8770000}, {"maxAge": 1, "endDate": "2019-03-31", "netIncome": 39606000, "depreciation": 86483000, "changeToNetincome": 76943000, "changeToAccountReceivables": -25445000, "changeToLiabilities": 8033000, "changeToInventory": 7866000, "totalCashFromOperatingActivities": 194418000, "capitalExpenditures": -47594000, "investments": 405000, "otherCashflowsFromInvestingActivities": 2071000, "totalCashflowsFromInvestingActivities": -44092000, "netBorrowings": -81942000, "otherCashflowsFromFinancingActivities": -77513000, "totalCashFromFinancingActivities": -159455000, "changeInCash": -9129000}, {"maxAge": 1, "endDate": "2018-03-31", "netIncome": -59286000, "depreciation": 84195000, "changeToNetincome": 82440000, "changeToAccountReceivables": -59638000, "changeToLiabilities": 36131000, "changeToInventory": 81753000, "totalCashFromOperatingActivities": 166680000, "capitalExpenditures": -89552000, "investments": 405000, "otherCashflowsFromInvestingActivities": 3393000, "totalCashflowsFromInvestingActivities": -68055000, "netBorrowings": -10504000, "otherCashflowsFromFinancingActivities": -97209000, "totalCashFromFinancingActivities": -97713000, "changeInCash": 912000, "issuanceOfStock": 10000000}, {"maxAge": 1, "endDate": "2017-03-31", "netIncome": -193098000, "depreciation": 81025000, "changeToNetincome": 289320000, "changeToAccountReceivables": 135648000, "changeToLiabilities": 151620000, "changeToInventory": -104805000, "totalCashFromOperatingActivities": 360575000, "capitalExpenditures": -239331000, "investments": 405000, "otherCashflowsFromInvestingActivities": 3112000, "totalCashflowsFromInvestingActivities": -202238000, "netBorrowings": -173413000, "otherCashflowsFromFinancingActivities": -135734000, "totalCashFromFinancingActivities": -162147000, "changeInCash": -3811000, "issuanceOfStock": 147000000}], "maxAge": 86400}, "institutionOwnership": {"maxAge": 1, "ownershipList": []}, "balanceSheetHistoryQuarterly": {"balanceSheetStatements": [{"maxAge": 1, "endDate": "2020-06-30", "totalStockholderEquity": 860087000, "netTangibleAssets": 856835000}, {"maxAge": 1, "endDate": "2020-03-31", "cash": 14488000, "netReceivables": 263857000, "inventory": 376064000, "otherCurrentAssets": 178059000, "totalCurrentAssets": 837053000, "longTermInvestments": 5749000, "propertyPlantEquipment": 850543000, "intangibleAssets": 3252000, "otherAssets": 30090000, "totalAssets": 1726687000, "accountsPayable": 234308000, "shortLongTermDebt": 70714000, "otherCurrentLiab": 142327000, "longTermDebt": 126470000, "otherLiab": 46130000, "minorityInterest": 13504000, "totalCurrentLiabilities": 673708000, "totalLiab": 853096000, "commonStock": 249479000, "retainedEarnings": 197507000, "treasuryStock": 36360000, "capitalSurplus": 376741000, "otherStockholderEquity": 36360000, "totalStockholderEquity": 860087000, "netTangibleAssets": 856835000}, {"maxAge": 1, "endDate": "2019-12-31", "totalStockholderEquity": 806836000, "netTangibleAssets": 803249000}, {"maxAge": 1, "endDate": "2019-09-30", "cash": 16977000, "shortTermInvestments": 141514000, "netReceivables": 278152000, "inventory": 366712000, "otherCurrentAssets": 131756000, "totalCurrentAssets": 935111000, "longTermInvestments": 21768000, "propertyPlantEquipment": 915615000, "intangibleAssets": 3587000, "otherAssets": 1139000, "totalAssets": 1877220000, "accountsPayable": 294082000, "otherCurrentLiab": 365658000, "longTermDebt": 163169000, "otherLiab": 40915000, "minorityInterest": 14375000, "totalCurrentLiabilities": 841553000, "totalLiab": 1056009000, "commonStock": 249479000, "treasuryStock": 557357000, "otherStockholderEquity": 557357000, "totalStockholderEquity": 806836000, "netTangibleAssets": 803249000}], "maxAge": 86400}, "indexTrend": {"maxAge": 1, "symbol": "SP5", "peRatio": 19.7411, "pegRatio": 1.34172, "estimates": [{"period": "0q", "growth": 0.549}, {"period": "+1q", "growth": 0.431}, {"period": "0y", "growth": 0.305}, {"period": "+1y", "growth": 0.109}, {"period": "+5y", "growth": 0.120865}, {"period": "-5y"}]}, "insiderTransactions": {"transactions": [{"maxAge": 1, "shares": 100000, "filerUrl": "", "transactionText": "", "filerName": "Sekhani (Raj Kumar)", "filerRelation": "Promoter", "moneyText": "", "startDate": "2019-11-29", "ownership": "D"}, {"maxAge": 1, "shares": 101000, "filerUrl": "", "transactionText": "", "filerName": "Sekhani (Raj Kumar)", "filerRelation": "Promoter", "moneyText": "", "startDate": "2019-11-28", "ownership": "D"}], "maxAge": 1}, "quoteType": {"exchange": "BSE", "quoteType": "EQUITY", "symbol": "PIONEEREMB.BO", "underlyingSymbol": "PIONEEREMB.BO", "shortName": "PIONEER EMBROIDERIES LTD.", "longName": "Pioneer Embroideries Limited", "firstTradeDateEpochUtc": "2000-10-27 09:15:00", "timeZoneFullName": "Asia/Kolkata", "timeZoneShortName": "IST", "uuid": "872f899d-7102-3727-a499-30c783c3694e", "messageBoardId": null, "gmtOffSetMilliseconds": 19800000, "maxAge": 1}, "incomeStatementHistory": {"incomeStatementHistory": [{"maxAge": 1, "endDate": "2020-03-31", "totalRevenue": 2383716000, "costOfRevenue": 1351857000, "grossProfit": 1031859000, "researchDevelopment": {}, "sellingGeneralAdministrative": 323501000, "nonRecurring": {}, "otherOperatingExpenses": 516029000, "totalOperatingExpenses": 2278508000, "operatingIncome": 105208000, "totalOtherIncomeExpenseNet": -22315000, "ebit": 105208000, "interestExpense": -54092000, "incomeBeforeTax": 82893000, "incomeTaxExpense": 0, "minorityInterest": 13504000, "netIncomeFromContinuingOps": 82893000, "discontinuedOperations": -2361000, "extraordinaryItems": {}, "effectOfAccountingCharges": {}, "otherItems": {}, "netIncome": 82114000, "netIncomeApplicableToCommonShares": 82114000}, {"maxAge": 1, "endDate": "2019-03-31", "totalRevenue": 2739670000, "costOfRevenue": 1635173000, "grossProfit": 1104497000, "researchDevelopment": {}, "sellingGeneralAdministrative": 346913000, "nonRecurring": {}, "otherOperatingExpenses": 563108000, "totalOperatingExpenses": 2632579000, "operatingIncome": 107091000, "totalOtherIncomeExpenseNet": -67024000, "ebit": 107091000, "interestExpense": -66103000, "incomeBeforeTax": 40067000, "incomeTaxExpense": 0, "minorityInterest": 15086000, "netIncomeFromContinuingOps": 40067000, "discontinuedOperations": -2361000, "extraordinaryItems": {}, "effectOfAccountingCharges": {}, "otherItems": {}, "netIncome": 39606000, "netIncomeApplicableToCommonShares": 39606000}, {"maxAge": 1, "endDate": "2018-03-31", "totalRevenue": 2570290000, "costOfRevenue": 1509635000, "grossProfit": 1060655000, "researchDevelopment": {}, "sellingGeneralAdministrative": 345006000, "nonRecurring": {}, "otherOperatingExpenses": 618271000, "totalOperatingExpenses": 2558162000, "operatingIncome": 12128000, "totalOtherIncomeExpenseNet": -70004000, "ebit": 12128000, "interestExpense": -68241000, "incomeBeforeTax": -57876000, "incomeTaxExpense": 312000, "minorityInterest": 15421000, "netIncomeFromContinuingOps": -58188000, "discontinuedOperations": -2361000, "extraordinaryItems": {}, "effectOfAccountingCharges": {}, "otherItems": {}, "netIncome": -59286000, "netIncomeApplicableToCommonShares": -59286000}, {"maxAge": 1, "endDate": "2017-03-31", "totalRevenue": 2359881000, "costOfRevenue": 1352024000, "grossProfit": 1007857000, "researchDevelopment": {}, "sellingGeneralAdministrative": 319565000, "nonRecurring": {}, "otherOperatingExpenses": 521391000, "totalOperatingExpenses": 2274840000, "operatingIncome": 85041000, "totalOtherIncomeExpenseNet": -278153000, "ebit": 85041000, "interestExpense": -90940000, "incomeBeforeTax": -193112000, "incomeTaxExpense": 4000, "minorityInterest": 17254000, "netIncomeFromContinuingOps": -193116000, "discontinuedOperations": -2361000, "extraordinaryItems": {}, "effectOfAccountingCharges": {}, "otherItems": {}, "netIncome": -193098000, "netIncomeApplicableToCommonShares": -193098000}], "maxAge": 86400}, "fundOwnership": {"maxAge": 1, "ownershipList": []}, "summaryDetail": {"maxAge": 1, "priceHint": 2, "previousClose": 46.8, "open": 46.65, "dayLow": 45.35, "dayHigh": 47.65, "regularMarketPreviousClose": 46.8, "regularMarketOpen": 46.65, "regularMarketDayLow": 45.35, "regularMarketDayHigh": 47.65, "trailingPE": 21.927767, "volume": 16386, "regularMarketVolume": 16386, "averageVolume": 11216, "averageVolume10days": 11548, "averageDailyVolume10Day": 11548, "bid": 46.4, "ask": 46.9, "bidSize": 0, "askSize": 0, "marketCap": 1166314368, "fiftyTwoWeekLow": 14.65, "fiftyTwoWeekHigh": 48.9, "fiftyDayAverage": 40.710293, "twoHundredDayAverage": 27.786764, "currency": "INR", "fromCurrency": null, "toCurrency": null, "lastMarket": null, "algorithm": null, "tradeable": false}, "incomeStatementHistoryQuarterly": {"incomeStatementHistory": [{"maxAge": 1, "endDate": "2020-06-30", "totalRevenue": 245857000, "costOfRevenue": 112708000, "grossProfit": 133149000, "researchDevelopment": {}, "sellingGeneralAdministrative": 52190000, "nonRecurring": {}, "otherOperatingExpenses": 67562000, "totalOperatingExpenses": 252231000, "operatingIncome": -6374000, "totalOtherIncomeExpenseNet": -10418000, "ebit": -6374000, "interestExpense": -12133000, "incomeBeforeTax": -16792000, "incomeTaxExpense": 0, "minorityInterest": {}, "netIncomeFromContinuingOps": -16792000, "discontinuedOperations": -590000, "extraordinaryItems": {}, "effectOfAccountingCharges": {}, "otherItems": {}, "netIncome": -17044000, "netIncomeApplicableToCommonShares": -17044000}, {"maxAge": 1, "endDate": "2020-03-31", "totalRevenue": 515274000, "costOfRevenue": 284582000, "grossProfit": 230692000, "researchDevelopment": {}, "sellingGeneralAdministrative": 80926000, "nonRecurring": {}, "otherOperatingExpenses": 104681000, "totalOperatingExpenses": 489888000, "operatingIncome": 25386000, "totalOtherIncomeExpenseNet": -9547000, "ebit": 25386000, "interestExpense": -5919000, "incomeBeforeTax": 15839000, "incomeTaxExpense": 0, "minorityInterest": 13504000, "netIncomeFromContinuingOps": 15839000, "discontinuedOperations": -590000, "extraordinaryItems": {}, "effectOfAccountingCharges": {}, "otherItems": {}, "netIncome": 16158000, "netIncomeApplicableToCommonShares": 16158000}, {"maxAge": 1, "endDate": "2019-12-31", "totalRevenue": 581798000, "costOfRevenue": 310782000, "grossProfit": 271016000, "researchDevelopment": {}, "sellingGeneralAdministrative": 81375000, "nonRecurring": {}, "otherOperatingExpenses": 137389000, "totalOperatingExpenses": 551827000, "operatingIncome": 29971000, "totalOtherIncomeExpenseNet": 9965000, "ebit": 29971000, "interestExpense": -13915000, "incomeBeforeTax": 39936000, "incomeTaxExpense": 0, "minorityInterest": 13504000, "netIncomeFromContinuingOps": 39936000, "discontinuedOperations": -591000, "extraordinaryItems": {}, "effectOfAccountingCharges": {}, "otherItems": {}, "netIncome": 39308000, "netIncomeApplicableToCommonShares": 39308000}, {"maxAge": 1, "endDate": "2019-09-30", "totalRevenue": 612202000, "costOfRevenue": 351994000, "grossProfit": 260208000, "researchDevelopment": {}, "sellingGeneralAdministrative": 78493000, "nonRecurring": {}, "otherOperatingExpenses": 133437000, "totalOperatingExpenses": 587473000, "operatingIncome": 24729000, "totalOtherIncomeExpenseNet": -10313000, "ebit": 24729000, "interestExpense": -16916000, "incomeBeforeTax": 14416000, "incomeTaxExpense": 0, "minorityInterest": 14375000, "netIncomeFromContinuingOps": 14416000, "discontinuedOperations": -591000, "extraordinaryItems": {}, "effectOfAccountingCharges": {}, "otherItems": {}, "netIncome": 14181000, "netIncomeApplicableToCommonShares": 14181000}], "maxAge": 86400}, "cashflowStatementHistoryQuarterly": {"cashflowStatements": [{"maxAge": 1, "endDate": "2020-06-30", "netIncome": -17044000, "changeToLiabilities": 0}, {"maxAge": 1, "endDate": "2020-03-31", "netIncome": 16158000, "changeToLiabilities": 0}, {"maxAge": 1, "endDate": "2019-12-31", "netIncome": 39308000, "changeToLiabilities": 0}, {"maxAge": 1, "endDate": "2019-09-30", "netIncome": 14181000, "changeToLiabilities": 0}], "maxAge": 86400}, "insiderHolders": {"holders": [{"maxAge": 1, "name": "Sekhani (Raj Kumar)", "relation": "Promoter", "url": "", "transactionDescription": "Other", "latestTransDate": "2019-11-29", "positionDirect": 2278760, "positionDirectDate": "2019-11-29"}], "maxAge": 1}, "calendarEvents": {"maxAge": 1, "earnings": {"earningsDate": []}}, "price": {"maxAge": 1, "regularMarketChangePercent": -0.0010683598, "regularMarketChange": -0.049999237, "regularMarketTime": "2021-04-30 15:24:16", "priceHint": 2, "regularMarketPrice": 46.75, "regularMarketDayHigh": 47.65, "regularMarketDayLow": 45.35, "regularMarketVolume": 16386, "averageDailyVolume10Day": 11548, "averageDailyVolume3Month": 11216, "regularMarketPreviousClose": 46.8, "regularMarketSource": "FREE_REALTIME", "regularMarketOpen": 46.65, "exchange": "BSE", "exchangeName": "BSE", "exchangeDataDelayedBy": 0, "marketState": "CLOSED", "quoteType": "EQUITY", "symbol": "PIONEEREMB.BO", "underlyingSymbol": null, "shortName": "PIONEER EMBROIDERIES LTD.", "longName": "Pioneer Embroideries Limited", "currency": "INR", "quoteSourceName": "Delayed Quote", "currencySymbol": "\u20b9", "fromCurrency": null, "toCurrency": null, "lastMarket": null, "marketCap": 1166314368}, "balanceSheetHistory": {"balanceSheetStatements": [{"maxAge": 1, "endDate": "2020-03-31", "cash": 14488000, "netReceivables": 263857000, "inventory": 376064000, "otherCurrentAssets": 178059000, "totalCurrentAssets": 837053000, "longTermInvestments": 5749000, "propertyPlantEquipment": 850543000, "intangibleAssets": 3252000, "otherAssets": 30090000, "totalAssets": 1726687000, "accountsPayable": 234308000, "shortLongTermDebt": 70714000, "otherCurrentLiab": 142327000, "longTermDebt": 126470000, "otherLiab": 46130000, "minorityInterest": 13504000, "totalCurrentLiabilities": 673708000, "totalLiab": 853096000, "commonStock": 249479000, "retainedEarnings": 197507000, "treasuryStock": 36360000, "capitalSurplus": 376741000, "otherStockholderEquity": 36360000, "totalStockholderEquity": 860087000, "netTangibleAssets": 856835000}, {"maxAge": 1, "endDate": "2019-03-31", "cash": 5719000, "shortTermInvestments": 148415000, "netReceivables": 378607000, "inventory": 349965000, "otherCurrentAssets": 241268000, "totalCurrentAssets": 979546000, "longTermInvestments": 7277000, "propertyPlantEquipment": 947644000, "intangibleAssets": 3923000, "otherAssets": 17317000, "totalAssets": 1955707000, "accountsPayable": 321776000, "shortLongTermDebt": 170554000, "otherCurrentLiab": 157816000, "longTermDebt": 218863000, "otherLiab": 40420000, "minorityInterest": 15086000, "totalCurrentLiabilities": 901969000, "totalLiab": 1161252000, "commonStock": 249479000, "retainedEarnings": 109814000, "treasuryStock": 43335000, "capitalSurplus": 376741000, "otherStockholderEquity": 43335000, "totalStockholderEquity": 779369000, "netTangibleAssets": 775446000}, {"maxAge": 1, "endDate": "2018-03-31", "cash": 14848000, "shortTermInvestments": 221000, "netReceivables": 361467000, "inventory": 357831000, "otherCurrentAssets": 233301000, "totalCurrentAssets": 971514000, "longTermInvestments": 8287000, "propertyPlantEquipment": 984162000, "intangibleAssets": 4855000, "otherAssets": 27407000, "totalAssets": 1996225000, "accountsPayable": 307452000, "shortLongTermDebt": 131064000, "otherCurrentLiab": 182383000, "longTermDebt": 365795000, "otherLiab": 35409000, "minorityInterest": 15421000, "totalCurrentLiabilities": 839907000, "totalLiab": 1241111000, "commonStock": 241173000, "retainedEarnings": 71772000, "treasuryStock": 41701000, "capitalSurplus": 355185000, "otherStockholderEquity": 41701000, "totalStockholderEquity": 709831000, "netTangibleAssets": 704976000}, {"maxAge": 1, "endDate": "2017-03-31", "cash": 13936000, "netReceivables": 338687000, "inventory": 439584000, "otherCurrentAssets": 117223000, "totalCurrentAssets": 911300000, "longTermInvestments": 6925000, "propertyPlantEquipment": 1075365000, "intangibleAssets": 2978000, "otherAssets": 36228000, "totalAssets": 2032796000, "accountsPayable": 297125000, "shortLongTermDebt": 165851000, "otherCurrentLiab": 178708000, "longTermDebt": 362511000, "otherLiab": 33946000, "minorityInterest": 17254000, "totalCurrentLiabilities": 876492000, "totalLiab": 1272949000, "commonStock": 215491000, "retainedEarnings": 65317000, "treasuryStock": 39740000, "capitalSurplus": 273614000, "otherStockholderEquity": 39740000, "totalStockholderEquity": 594162000, "netTangibleAssets": 591184000}], "maxAge": 86400}, "financialData": {"maxAge": 86400, "currentPrice": 46.75, "recommendationKey": "none", "grossProfits": 1031859000, "financialCurrency": "INR"}}}