{"PIONEEREMB.NS": {"assetProfile": {"address1": "Orient House", "address2": "Unit No. 21 to 25, 2nd Floor 3-A Udyog Nagar Off S.V. Road, Goregaon (West)", "city": "Mumbai", "zip": "400062", "country": "India", "phone": "91 22 4223 2323", "fax": "91 22 4223 2313", "website": "http://www.pelhakoba.com", "industry": "Textile Manufacturing", "sector": "Consumer Cyclical", "longBusinessSummary": "Pioneer Embroideries Limited, together with its subsidiaries, manufactures and sells embroideries, torchon/bobbin laces, raschel laces, and other garment accessories in India. Its products include dope dyed polyester yarns; embroidered laces-fabric and guipure, and embroidered dress materials; braided laces; embroidered fabrics, allover fabrics, and laces; and apparel. The company also provides elastics, flat bed knitted laces, and motifs/collars/necks. In addition, the company engages in the retail of embroidered clothing under the Hakoba brand. It also exports its products. Pioneer Embroideries Limited was founded in 1991 and is based in Mumbai, India.", "fullTimeEmployees": 961, "companyOfficers": [{"maxAge": 1, "name": "Mr. Raj Kumar Sekhani", "age": 61, "title": "Exec. Chairman", "yearBorn": 1959, "fiscalYear": 2020, "totalPay": 6039600, "exercisedValue": 0, "unexercisedValue": 0}, {"maxAge": 1, "name": "Mr. Harsh Vardhan Bassi", "age": 46, "title": "MD & Exec. Director", "yearBorn": 1974, "fiscalYear": 2020, "totalPay": 4117422, "exercisedValue": 0, "unexercisedValue": 0}, {"maxAge": 1, "name": "Mr. Deepak  Sipani", "title": "Chief Financial Officer", "fiscalYear": 2020, "totalPay": 1869000, "exercisedValue": 0, "unexercisedValue": 0}, {"maxAge": 1, "name": "Ms. Ami  Thakkar", "title": "Compliance Officer & Company Sec.", "fiscalYear": 2020, "totalPay": 600000, "exercisedValue": 0, "unexercisedValue": 0}, {"maxAge": 1, "name": "Mr. Gangadharan Kandam Rama Panicker", "age": 66, "title": "Exec. Director", "yearBorn": 1954, "fiscalYear": 2020, "totalPay": 2064648, "exercisedValue": 0, "unexercisedValue": 0}], "compensationAsOfEpochDate": "2020-12-31 05:30:00", "maxAge": 86400}, "cashflowStatementHistory": {"cashflowStatements": [{"maxAge": 1, "endDate": "2020-03-31", "netIncome": 82114000, "depreciation": 86450000, "changeToNetincome": 38087000, "changeToAccountReceivables": 173760000, "changeToLiabilities": -98707000, "changeToInventory": -26099000, "totalCashFromOperatingActivities": 256276000, "capitalExpenditures": -22853000, "investments": 405000, "otherCashflowsFromInvestingActivities": 1757000, "totalCashflowsFromInvestingActivities": 31493000, "netBorrowings": -218460000, "otherCashflowsFromFinancingActivities": -60539000, "totalCashFromFinancingActivities": -278999000, "changeInCash": 8770000}, {"maxAge": 1, "endDate": "2019-03-31", "netIncome": 39606000, "depreciation": 86483000, "changeToNetincome": 76943000, "changeToAccountReceivables": -25445000, "changeToLiabilities": 8033000, "changeToInventory": 7866000, "totalCashFromOperatingActivities": 194418000, "capitalExpenditures": -47594000, "investments": 405000, "otherCashflowsFromInvestingActivities": 2071000, "totalCashflowsFromInvestingActivities": -44092000, "netBorrowings": -81942000, "otherCashflowsFromFinancingActivities": -77513000, "totalCashFromFinancingActivities": -159455000, "changeInCash": -9129000}, {"maxAge": 1, "endDate": "2018-03-31", "netIncome": -59286000, "depreciation": 84195000, "changeToNetincome": 82440000, "changeToAccountReceivables": -59638000, "changeToLiabilities": 36131000, "changeToInventory": 81753000, "totalCashFromOperatingActivities": 166680000, "capitalExpenditures": -89552000, "investments": 405000, "otherCashflowsFromInvestingActivities": 3393000, "totalCashflowsFromInvestingActivities": -68055000, "netBorrowings": -10504000, "otherCashflowsFromFinancingActivities": -97209000, "totalCashFromFinancingActivities": -97713000, "changeInCash": 912000, "issuanceOfStock": 10000000}, {"maxAge": 1, "endDate": "2017-03-31", "netIncome": -193098000, "depreciation": 81025000, "changeToNetincome": 289320000, "changeToAccountReceivables": 135648000, "changeToLiabilities": 151620000, "changeToInventory": -104805000, "totalCashFromOperatingActivities": 360575000, "capitalExpenditures": -239331000, "investments": 405000, "otherCashflowsFromInvestingActivities": 3112000, "totalCashflowsFromInvestingActivities": -202238000, "netBorrowings": -173413000, "otherCashflowsFromFinancingActivities": -135734000, "totalCashFromFinancingActivities": -162147000, "changeInCash": -3811000, "issuanceOfStock": 147000000}], "maxAge": 86400}, "institutionOwnership": {"ownershipList": [], "maxAge": 1}, "majorHoldersBreakdown": {"maxAge": 1, "insidersPercentHeld": 0.65014, "institutionsPercentHeld": 0.03759, "institutionsFloatPercentHeld": 0.10745, "institutionsCount": 2}, "balanceSheetHistoryQuarterly": {"balanceSheetStatements": [{"maxAge": 1, "endDate": "2020-12-31", "totalStockholderEquity": 866452000, "netTangibleAssets": 863536000}, {"maxAge": 1, "endDate": "2020-09-30", "cash": 14389000, "shortTermInvestments": 98736000, "netReceivables": 263599000, "inventory": 318868000, "otherCurrentAssets": 126526000, "totalCurrentAssets": 822118000, "longTermInvestments": 21758000, "propertyPlantEquipment": 813588000, "intangibleAssets": 2916000, "otherAssets": 18540000, "totalAssets": 1678920000, "accountsPayable": 237145000, "otherCurrentLiab": 293810000, "longTermDebt": 125170000, "otherLiab": 49825000, "minorityInterest": 12828000, "totalCurrentLiabilities": 620189000, "totalLiab": 799640000, "commonStock": 249479000, "treasuryStock": 616973000, "otherStockholderEquity": 616973000, "totalStockholderEquity": 866452000, "netTangibleAssets": 863536000}, {"maxAge": 1, "endDate": "2020-06-30", "totalStockholderEquity": 860087000, "netTangibleAssets": 856835000}, {"maxAge": 1, "endDate": "2020-03-31", "cash": 14488000, "netReceivables": 263857000, "inventory": 376064000, "otherCurrentAssets": 178059000, "totalCurrentAssets": 837053000, "longTermInvestments": 5749000, "propertyPlantEquipment": 850543000, "intangibleAssets": 3252000, "otherAssets": 30090000, "totalAssets": 1726687000, "accountsPayable": 234308000, "shortLongTermDebt": 70714000, "otherCurrentLiab": 142327000, "longTermDebt": 126470000, "otherLiab": 46130000, "minorityInterest": 13504000, "totalCurrentLiabilities": 673708000, "totalLiab": 853096000, "commonStock": 249479000, "retainedEarnings": 197507000, "treasuryStock": 36360000, "capitalSurplus": 376741000, "otherStockholderEquity": 36360000, "totalStockholderEquity": 860087000, "netTangibleAssets": 856835000}], "maxAge": 86400}, "indexTrend": {"maxAge": 1, "symbol": "SP5", "peRatio": 19.7411, "pegRatio": 1.34172, "estimates": [{"period": "0q", "growth": 0.549}, {"period": "+1q", "growth": 0.431}, {"period": "0y", "growth": 0.305}, {"period": "+1y", "growth": 0.109}, {"period": "+5y", "growth": 0.120865}, {"period": "-5y"}]}, "defaultKeyStatistics": {"maxAge": 1, "priceHint": 2, "enterpriseValue": 1285358080, "profitMargins": 0.052020002, "floatShares": 11298517, "sharesOutstanding": 26590900, "heldPercentInsiders": 0.65014, "heldPercentInstitutions": 0.03759, "beta": 1.264047, "category": null, "bookValue": 34.145, "priceToBook": 1.3720895, "fundFamily": null, "legalType": null, "lastFiscalYearEnd": "2020-03-31 05:30:00", "nextFiscalYearEnd": "2022-03-31 05:30:00", "mostRecentQuarter": "2020-12-31 05:30:00", "earningsQuarterlyGrowth": 1.031, "netIncomeToCommon": 105401000, "trailingEps": 4.111, "lastSplitFactor": "3:2", "lastSplitDate": "2005-10-14 05:30:00", "enterpriseToRevenue": 0.649, "enterpriseToEbitda": 5.868}, "summaryProfile": {"address1": "Orient House", "address2": "Unit No. 21 to 25, 2nd Floor 3-A Udyog Nagar Off S.V. Road, Goregaon (West)", "city": "Mumbai", "zip": "400062", "country": "India", "phone": "91 22 4223 2323", "fax": "91 22 4223 2313", "website": "http://www.pelhakoba.com", "industry": "Textile Manufacturing", "sector": "Consumer Cyclical", "longBusinessSummary": "Pioneer Embroideries Limited, together with its subsidiaries, manufactures and sells embroideries, torchon/bobbin laces, raschel laces, and other garment accessories in India. Its products include dope dyed polyester yarns; embroidered laces-fabric and guipure, and embroidered dress materials; braided laces; embroidered fabrics, allover fabrics, and laces; and apparel. The company also provides elastics, flat bed knitted laces, and motifs/collars/necks. In addition, the company engages in the retail of embroidered clothing under the Hakoba brand. It also exports its products. Pioneer Embroideries Limited was founded in 1991 and is based in Mumbai, India.", "fullTimeEmployees": 961, "companyOfficers": [], "maxAge": 86400}, "netSharePurchaseActivity": {"maxAge": 1, "period": "6m", "buyInfoCount": 0, "buyInfoShares": 0, "sellInfoCount": 0, "netInfoCount": 0, "netInfoShares": 0, "netPercentInsiderShares": 0.0, "totalInsiderShares": 16267562}, "insiderTransactions": {"transactions": [{"maxAge": 1, "shares": 1034766, "value": 305669, "filerUrl": "", "transactionText": "Acquisition at price 0.30 per share.", "filerName": "Pioneer E-Com Fashions Ltd", "filerRelation": "Institution- Corporation", "moneyText": "", "startDate": "2020-11-14", "ownership": "D"}, {"maxAge": 1, "shares": 1000, "filerUrl": "", "transactionText": "", "filerName": "BK Advance Research L.L.P", "filerRelation": "Promoter", "moneyText": "", "startDate": "2020-02-13", "ownership": "D"}, {"maxAge": 1, "shares": 100000, "filerUrl": "", "transactionText": "", "filerName": "Sekhani (Raj Kumar)", "filerRelation": "Promoter", "moneyText": "", "startDate": "2019-11-29", "ownership": "D"}, {"maxAge": 1, "shares": 101000, "filerUrl": "", "transactionText": "", "filerName": "Sekhani (Raj Kumar)", "filerRelation": "Promoter", "moneyText": "", "startDate": "2019-11-28", "ownership": "D"}, {"maxAge": 1, "shares": 500000, "filerUrl": "", "transactionText": "", "filerName": "Pioneer E-Com Fashions Ltd", "filerRelation": "Promoter", "moneyText": "", "startDate": "2017-01-31", "ownership": "D"}, {"maxAge": 1, "shares": 780000, "filerUrl": "", "transactionText": "", "filerName": "Pioneer E-Com Fashions Ltd", "filerRelation": "Promoter", "moneyText": "", "startDate": "2017-01-19", "ownership": "D"}, {"maxAge": 1, "shares": 700000, "filerUrl": "", "transactionText": "", "filerName": "Pioneer E-Com Fashions Ltd", "filerRelation": "Promoter", "moneyText": "", "startDate": "2016-09-28", "ownership": "D"}, {"maxAge": 1, "shares": 0, "filerUrl": "", "transactionText": "", "filerName": "Pioneer E-Com Fashions Ltd", "filerRelation": "Promoter", "moneyText": "", "startDate": "2016-03-28", "ownership": "I"}, {"maxAge": 1, "shares": 6481726, "filerUrl": "", "transactionText": "", "filerName": "Pioneer E-Com Fashions Ltd", "filerRelation": "Promoter", "moneyText": "", "startDate": "2016-03-28", "ownership": "D"}, {"maxAge": 1, "shares": 4783929, "filerUrl": "", "transactionText": "", "filerName": "Pioneer E-Com Fashions Ltd", "filerRelation": "Promoter", "moneyText": "", "startDate": "2013-03-15", "ownership": "D"}], "maxAge": 1}, "quoteType": {"exchange": "NSI", "quoteType": "EQUITY", "symbol": "PIONEEREMB.NS", "underlyingSymbol": "PIONEEREMB.NS", "shortName": "PIONEER EMBROID LT", "longName": "Pioneer Embroideries Limited", "firstTradeDateEpochUtc": "2006-05-16 09:15:00", "timeZoneFullName": "Asia/Kolkata", "timeZoneShortName": "IST", "uuid": "438d2944-ba84-3fb1-9b6c-588fdd87d6fe", "gmtOffSetMilliseconds": 19800000, "maxAge": 1}, "incomeStatementHistory": {"incomeStatementHistory": [{"maxAge": 1, "endDate": "2020-03-31", "totalRevenue": 2383716000, "costOfRevenue": 1351857000, "grossProfit": 1031859000, "researchDevelopment": {}, "sellingGeneralAdministrative": 323501000, "nonRecurring": {}, "otherOperatingExpenses": 516029000, "totalOperatingExpenses": 2278508000, "operatingIncome": 105208000, "totalOtherIncomeExpenseNet": -22315000, "ebit": 105208000, "interestExpense": -54092000, "incomeBeforeTax": 82893000, "incomeTaxExpense": 0, "minorityInterest": 13504000, "netIncomeFromContinuingOps": 82893000, "discontinuedOperations": -2361000, "extraordinaryItems": {}, "effectOfAccountingCharges": {}, "otherItems": {}, "netIncome": 82114000, "netIncomeApplicableToCommonShares": 82114000}, {"maxAge": 1, "endDate": "2019-03-31", "totalRevenue": 2739670000, "costOfRevenue": 1635173000, "grossProfit": 1104497000, "researchDevelopment": {}, "sellingGeneralAdministrative": 346913000, "nonRecurring": {}, "otherOperatingExpenses": 563108000, "totalOperatingExpenses": 2632579000, "operatingIncome": 107091000, "totalOtherIncomeExpenseNet": -67024000, "ebit": 107091000, "interestExpense": -66103000, "incomeBeforeTax": 40067000, "incomeTaxExpense": 0, "minorityInterest": 15086000, "netIncomeFromContinuingOps": 40067000, "discontinuedOperations": -2361000, "extraordinaryItems": {}, "effectOfAccountingCharges": {}, "otherItems": {}, "netIncome": 39606000, "netIncomeApplicableToCommonShares": 39606000}, {"maxAge": 1, "endDate": "2018-03-31", "totalRevenue": 2570290000, "costOfRevenue": 1509635000, "grossProfit": 1060655000, "researchDevelopment": {}, "sellingGeneralAdministrative": 345006000, "nonRecurring": {}, "otherOperatingExpenses": 618271000, "totalOperatingExpenses": 2558162000, "operatingIncome": 12128000, "totalOtherIncomeExpenseNet": -70004000, "ebit": 12128000, "interestExpense": -68241000, "incomeBeforeTax": -57876000, "incomeTaxExpense": 312000, "minorityInterest": 15421000, "netIncomeFromContinuingOps": -58188000, "discontinuedOperations": -2361000, "extraordinaryItems": {}, "effectOfAccountingCharges": {}, "otherItems": {}, "netIncome": -59286000, "netIncomeApplicableToCommonShares": -59286000}, {"maxAge": 1, "endDate": "2017-03-31", "totalRevenue": 2359881000, "costOfRevenue": 1352024000, "grossProfit": 1007857000, "researchDevelopment": {}, "sellingGeneralAdministrative": 319565000, "nonRecurring": {}, "otherOperatingExpenses": 521391000, "totalOperatingExpenses": 2274840000, "operatingIncome": 85041000, "totalOtherIncomeExpenseNet": -278153000, "ebit": 85041000, "interestExpense": -90940000, "incomeBeforeTax": -193112000, "incomeTaxExpense": 4000, "minorityInterest": 17254000, "netIncomeFromContinuingOps": -193116000, "discontinuedOperations": -2361000, "extraordinaryItems": {}, "effectOfAccountingCharges": {}, "otherItems": {}, "netIncome": -193098000, "netIncomeApplicableToCommonShares": -193098000}], "maxAge": 86400}, "fundOwnership": {"ownershipList": [], "maxAge": 1}, "summaryDetail": {"maxAge": 1, "priceHint": 2, "previousClose": 46.7, "open": 46.0, "dayLow": 45.1, "dayHigh": 47.75, "regularMarketPreviousClose": 46.7, "regularMarketOpen": 46.0, "regularMarketDayLow": 45.1, "regularMarketDayHigh": 47.75, "exDividendDate": "2007-09-24 05:30:00", "payoutRatio": 0.0, "beta": 1.264047, "trailingPE": 11.396254, "volume": 148282, "regularMarketVolume": 148282, "averageVolume": 67461, "averageVolume10days": 47939, "averageDailyVolume10Day": 47939, "bid": 0.0, "ask": 0.0, "bidSize": 0, "askSize": 0, "marketCap": 1248454016, "fiftyTwoWeekLow": 15.65, "fiftyTwoWeekHigh": 48.65, "priceToSalesTrailing12Months": 0.6302879, "fiftyDayAverage": 39.52647, "twoHundredDayAverage": 31.775532, "currency": "INR", "fromCurrency": null, "lastMarket": null, "algorithm": null, "tradeable": false}, "incomeStatementHistoryQuarterly": {"incomeStatementHistory": [{"maxAge": 1, "endDate": "2020-12-31", "totalRevenue": 692333000, "costOfRevenue": 327676000, "grossProfit": 364657000, "researchDevelopment": {}, "sellingGeneralAdministrative": 81756000, "nonRecurring": {}, "otherOperatingExpenses": 174838000, "totalOperatingExpenses": 604386000, "operatingIncome": 87947000, "totalOtherIncomeExpenseNet": -7886000, "ebit": 87947000, "interestExpense": -10772000, "incomeBeforeTax": 80061000, "incomeTaxExpense": 0, "minorityInterest": {}, "netIncomeFromContinuingOps": 80061000, "discontinuedOperations": -591000, "extraordinaryItems": {}, "effectOfAccountingCharges": {}, "otherItems": {}, "netIncome": 79819000, "netIncomeApplicableToCommonShares": 79819000}, {"maxAge": 1, "endDate": "2020-09-30", "totalRevenue": 527304000, "costOfRevenue": 258406000, "grossProfit": 268898000, "researchDevelopment": {}, "sellingGeneralAdministrative": 75393000, "nonRecurring": {}, "otherOperatingExpenses": 138408000, "totalOperatingExpenses": 493309000, "operatingIncome": 33995000, "totalOtherIncomeExpenseNet": -9636000, "ebit": 33995000, "interestExpense": -12073000, "incomeBeforeTax": 24359000, "incomeTaxExpense": 0, "minorityInterest": 12828000, "netIncomeFromContinuingOps": 24359000, "discontinuedOperations": -590000, "extraordinaryItems": {}, "effectOfAccountingCharges": {}, "otherItems": {}, "netIncome": 24107000, "netIncomeApplicableToCommonShares": 24107000}, {"maxAge": 1, "endDate": "2020-06-30", "totalRevenue": 245857000, "costOfRevenue": 112708000, "grossProfit": 133149000, "researchDevelopment": {}, "sellingGeneralAdministrative": 52190000, "nonRecurring": {}, "otherOperatingExpenses": 67562000, "totalOperatingExpenses": 252231000, "operatingIncome": -6374000, "totalOtherIncomeExpenseNet": -10418000, "ebit": -6374000, "interestExpense": -12133000, "incomeBeforeTax": -16792000, "incomeTaxExpense": 0, "minorityInterest": 12828000, "netIncomeFromContinuingOps": -16792000, "discontinuedOperations": -590000, "extraordinaryItems": {}, "effectOfAccountingCharges": {}, "otherItems": {}, "netIncome": -17044000, "netIncomeApplicableToCommonShares": -17044000}, {"maxAge": 1, "endDate": "2020-03-31", "totalRevenue": 515274000, "costOfRevenue": 284582000, "grossProfit": 230692000, "researchDevelopment": {}, "sellingGeneralAdministrative": 80926000, "nonRecurring": {}, "otherOperatingExpenses": 104681000, "totalOperatingExpenses": 489888000, "operatingIncome": 25386000, "totalOtherIncomeExpenseNet": -9547000, "ebit": 25386000, "interestExpense": -5919000, "incomeBeforeTax": 15839000, "incomeTaxExpense": 0, "minorityInterest": 13504000, "netIncomeFromContinuingOps": 15839000, "discontinuedOperations": -590000, "extraordinaryItems": {}, "effectOfAccountingCharges": {}, "otherItems": {}, "netIncome": 16158000, "netIncomeApplicableToCommonShares": 16158000}], "maxAge": 86400}, "cashflowStatementHistoryQuarterly": {"cashflowStatements": [{"maxAge": 1, "endDate": "2020-12-31", "netIncome": 79819000, "changeToLiabilities": 0}, {"maxAge": 1, "endDate": "2020-09-30", "netIncome": 24107000, "changeToLiabilities": 0}, {"maxAge": 1, "endDate": "2020-06-30", "netIncome": -17044000, "changeToLiabilities": 0}, {"maxAge": 1, "endDate": "2020-03-31", "netIncome": 16158000, "changeToLiabilities": 0}], "maxAge": 86400}, "insiderHolders": {"holders": [{"maxAge": 1, "name": "BK Advance Research L.L.P", "relation": "Promoter", "url": "", "transactionDescription": "Other", "latestTransDate": "2020-02-13", "positionDirect": 33768, "positionDirectDate": "2020-02-13"}, {"maxAge": 1, "name": "Pioneer E-Com Fashions Ltd", "relation": "Institution- Corporation", "url": "", "transactionDescription": "Acquisition", "latestTransDate": "2020-11-14", "positionDirect": 5536492, "positionDirectDate": "2020-11-14"}, {"maxAge": 1, "name": "Sekhani (Raj Kumar)", "relation": "Promoter", "url": "", "transactionDescription": "Other", "latestTransDate": "2019-11-29", "positionDirect": 2278760, "positionDirectDate": "2019-11-29"}], "maxAge": 1}, "calendarEvents": {"maxAge": 1, "earnings": {"earningsDate": []}, "exDividendDate": "2007-09-24 05:30:00"}, "upgradeDowngradeHistory": {"history": [], "maxAge": 86400}, "price": {"maxAge": 1, "regularMarketChangePercent": 0.0032119423, "regularMarketChange": 0.14999771, "regularMarketTime": "2021-04-30 15:30:01", "priceHint": 2, "regularMarketPrice": 46.85, "regularMarketDayHigh": 47.75, "regularMarketDayLow": 45.1, "regularMarketVolume": 148282, "averageDailyVolume10Day": 47939, "averageDailyVolume3Month": 67461, "regularMarketPreviousClose": 46.7, "regularMarketSource": "FREE_REALTIME", "regularMarketOpen": 46.0, "exchange": "NSI", "exchangeName": "NSE", "exchangeDataDelayedBy": 15, "marketState": "CLOSED", "quoteType": "EQUITY", "symbol": "PIONEEREMB.NS", "underlyingSymbol": null, "shortName": "PIONEER EMBROID LT", "longName": "Pioneer Embroideries Limited", "currency": "INR", "quoteSourceName": "Delayed Quote", "currencySymbol": "\u20b9", "fromCurrency": null, "lastMarket": null, "marketCap": 1248454016}, "balanceSheetHistory": {"balanceSheetStatements": [{"maxAge": 1, "endDate": "2020-03-31", "cash": 14488000, "netReceivables": 263857000, "inventory": 376064000, "otherCurrentAssets": 178059000, "totalCurrentAssets": 837053000, "longTermInvestments": 5749000, "propertyPlantEquipment": 850543000, "intangibleAssets": 3252000, "otherAssets": 30090000, "totalAssets": 1726687000, "accountsPayable": 234308000, "shortLongTermDebt": 70714000, "otherCurrentLiab": 142327000, "longTermDebt": 126470000, "otherLiab": 46130000, "minorityInterest": 13504000, "totalCurrentLiabilities": 673708000, "totalLiab": 853096000, "commonStock": 249479000, "retainedEarnings": 197507000, "treasuryStock": 36360000, "capitalSurplus": 376741000, "otherStockholderEquity": 36360000, "totalStockholderEquity": 860087000, "netTangibleAssets": 856835000}, {"maxAge": 1, "endDate": "2019-03-31", "cash": 5719000, "shortTermInvestments": 148415000, "netReceivables": 378607000, "inventory": 349965000, "otherCurrentAssets": 241268000, "totalCurrentAssets": 979546000, "longTermInvestments": 7277000, "propertyPlantEquipment": 947644000, "intangibleAssets": 3923000, "otherAssets": 17317000, "totalAssets": 1955707000, "accountsPayable": 321776000, "shortLongTermDebt": 170554000, "otherCurrentLiab": 157816000, "longTermDebt": 218863000, "otherLiab": 40420000, "minorityInterest": 15086000, "totalCurrentLiabilities": 901969000, "totalLiab": 1161252000, "commonStock": 249479000, "retainedEarnings": 109814000, "treasuryStock": 43335000, "capitalSurplus": 376741000, "otherStockholderEquity": 43335000, "totalStockholderEquity": 779369000, "netTangibleAssets": 775446000}, {"maxAge": 1, "endDate": "2018-03-31", "cash": 14848000, "shortTermInvestments": 221000, "netReceivables": 361467000, "inventory": 357831000, "otherCurrentAssets": 233301000, "totalCurrentAssets": 971514000, "longTermInvestments": 8287000, "propertyPlantEquipment": 984162000, "intangibleAssets": 4855000, "otherAssets": 27407000, "totalAssets": 1996225000, "accountsPayable": 307452000, "shortLongTermDebt": 131064000, "otherCurrentLiab": 182383000, "longTermDebt": 365795000, "otherLiab": 35409000, "minorityInterest": 15421000, "totalCurrentLiabilities": 839907000, "totalLiab": 1241111000, "commonStock": 241173000, "retainedEarnings": 71772000, "treasuryStock": 41701000, "capitalSurplus": 355185000, "otherStockholderEquity": 41701000, "totalStockholderEquity": 709831000, "netTangibleAssets": 704976000}, {"maxAge": 1, "endDate": "2017-03-31", "cash": 13936000, "netReceivables": 338687000, "inventory": 439584000, "otherCurrentAssets": 117223000, "totalCurrentAssets": 911300000, "longTermInvestments": 6925000, "propertyPlantEquipment": 1075365000, "intangibleAssets": 2978000, "otherAssets": 36228000, "totalAssets": 2032796000, "accountsPayable": 297125000, "shortLongTermDebt": 165851000, "otherCurrentLiab": 178708000, "longTermDebt": 362511000, "otherLiab": 33946000, "minorityInterest": 17254000, "totalCurrentLiabilities": 876492000, "totalLiab": 1272949000, "commonStock": 215491000, "retainedEarnings": 65317000, "treasuryStock": 39740000, "capitalSurplus": 273614000, "otherStockholderEquity": 39740000, "totalStockholderEquity": 594162000, "netTangibleAssets": 591184000}], "maxAge": 86400}, "financialData": {"maxAge": 86400, "currentPrice": 46.85, "recommendationKey": "none", "totalCash": 113125000, "totalCashPerShare": 4.521, "ebitda": 219061504, "totalDebt": 217144992, "totalRevenue": 1980768000, "debtToEquity": 24.696, "revenuePerShare": 79.2, "grossProfits": 1031859000, "earningsGrowth": 1.013, "revenueGrowth": 0.19, "grossMargins": 0.50354, "ebitdaMargins": 0.11059, "operatingMargins": 0.07116, "profitMargins": 0.052020002, "financialCurrency": "INR"}}}