{"PIONRINV.BO": {"recommendationTrend": {"trend": [{"period": "0m", "strongBuy": 0, "buy": 0, "hold": 0, "sell": 0, "strongSell": 0}, {"period": "-1m", "strongBuy": 0, "buy": 0, "hold": 0, "sell": 0, "strongSell": 0}, {"period": "-2m", "strongBuy": 0, "buy": 0, "hold": 0, "sell": 0, "strongSell": 0}, {"period": "-3m", "strongBuy": 0, "buy": 0, "hold": 0, "sell": 0, "strongSell": 0}], "maxAge": 86400}, "cashflowStatementHistory": {"cashflowStatements": [{"maxAge": 1, "endDate": "2020-03-31", "netIncome": 31115000, "depreciation": 12415000, "changeToNetincome": 79677000, "changeToAccountReceivables": -263891000, "changeToLiabilities": 0, "changeToInventory": 479892000, "changeToOperatingActivities": -16625000, "totalCashFromOperatingActivities": 322583000, "capitalExpenditures": -17833000, "investments": 73738000, "otherCashflowsFromInvestingActivities": 4379000, "totalCashflowsFromInvestingActivities": 60284000, "netBorrowings": -326678000, "otherCashflowsFromFinancingActivities": -106106000, "totalCashFromFinancingActivities": -432784000, "changeInCash": -49917000}, {"maxAge": 1, "endDate": "2019-03-31", "netIncome": 19349142, "depreciation": 5864329, "changeToNetincome": 57933728, "changeToAccountReceivables": -192935251, "changeToLiabilities": -6698755, "changeToInventory": 479892000, "changeToOperatingActivities": -16625000, "totalCashFromOperatingActivities": -116447355, "capitalExpenditures": -7009059, "investments": -4298473, "otherCashflowsFromInvestingActivities": 4633329, "totalCashflowsFromInvestingActivities": -6674203, "netBorrowings": 272149384, "otherCashflowsFromFinancingActivities": -76403762, "totalCashFromFinancingActivities": 195745622, "changeInCash": 72624064}, {"maxAge": 1, "endDate": "2018-03-31", "netIncome": 3210795, "depreciation": 5681679, "changeToNetincome": 17637332, "changeToAccountReceivables": 243786849, "changeToLiabilities": -101562682, "changeToInventory": 479892000, "changeToOperatingActivities": -16625000, "totalCashFromOperatingActivities": 168753973, "capitalExpenditures": -22872688, "investments": 8698104, "otherCashflowsFromInvestingActivities": 3284867, "totalCashflowsFromInvestingActivities": -10569717, "netBorrowings": -45725427, "otherCashflowsFromFinancingActivities": -71360760, "totalCashFromFinancingActivities": -117086187, "changeInCash": 41098068}, {"maxAge": 1, "endDate": "2017-03-31", "netIncome": 178047372, "depreciation": 5369879, "changeToNetincome": 116168208, "changeToAccountReceivables": -319610591, "changeToLiabilities": 122266266, "changeToInventory": 479892000, "changeToOperatingActivities": -16625000, "totalCashFromOperatingActivities": 102241134, "capitalExpenditures": -9794370, "investments": -113696800, "otherCashflowsFromInvestingActivities": 8336452, "totalCashflowsFromInvestingActivities": -114744718, "netBorrowings": 160711729, "otherCashflowsFromFinancingActivities": -134361646, "totalCashFromFinancingActivities": 26350083, "changeInCash": 13846499}], "maxAge": 86400}, "institutionOwnership": {"maxAge": 1, "ownershipList": []}, "balanceSheetHistoryQuarterly": {"balanceSheetStatements": [{"maxAge": 1, "endDate": "2020-06-30", "totalStockholderEquity": 1302980000, "netTangibleAssets": 1302290000}, {"maxAge": 1, "endDate": "2020-03-31", "cash": 127187000, "netReceivables": 1332799000, "inventory": 12336000, "totalCurrentAssets": 1472322000, "longTermInvestments": 231084000, "propertyPlantEquipment": 62035000, "intangibleAssets": 690000, "otherAssets": 55273000, "deferredLongTermAssetCharges": 39500000, "totalAssets": 1821404000, "accountsPayable": 30571000, "longTermDebt": 404215000, "otherLiab": 83638000, "totalCurrentLiabilities": 30571000, "totalLiab": 518424000, "commonStock": 122969000, "treasuryStock": 1180011000, "otherStockholderEquity": 1180011000, "totalStockholderEquity": 1302980000, "netTangibleAssets": 1302290000}, {"maxAge": 1, "endDate": "2019-12-31", "totalStockholderEquity": 1801448000, "netTangibleAssets": 1798754000}, {"maxAge": 1, "endDate": "2019-09-30", "cash": 94864000, "netReceivables": 1076456000, "otherCurrentAssets": -1000, "totalCurrentAssets": 1171319000, "longTermInvestments": 2058433000, "propertyPlantEquipment": 56080000, "intangibleAssets": 2694000, "otherAssets": 151519000, "deferredLongTermAssetCharges": 43407000, "totalAssets": 3440045000, "accountsPayable": 21961000, "otherCurrentLiab": 1093000, "longTermDebt": 1462207000, "otherLiab": 153336000, "totalCurrentLiabilities": 23054000, "totalLiab": 1638597000, "commonStock": 122969000, "treasuryStock": 1678479000, "otherStockholderEquity": 1678479000, "totalStockholderEquity": 1801448000, "netTangibleAssets": 1798754000}], "maxAge": 86400}, "earningsHistory": {"history": [{"maxAge": 1, "epsActual": {}, "epsEstimate": {}, "epsDifference": {}, "surprisePercent": {}, "quarter": {}, "period": "-4q"}, {"maxAge": 1, "epsActual": {}, "epsEstimate": {}, "epsDifference": {}, "surprisePercent": {}, "quarter": {}, "period": "-3q"}, {"maxAge": 1, "epsActual": {}, "epsEstimate": {}, "epsDifference": {}, "surprisePercent": {}, "quarter": {}, "period": "-2q"}, {"maxAge": 1, "epsActual": {}, "epsEstimate": {}, "epsDifference": {}, "surprisePercent": {}, "quarter": {}, "period": "-1q"}], "maxAge": 86400}, "indexTrend": {"maxAge": 1, "symbol": "SP5", "peRatio": 19.7411, "pegRatio": 1.34172, "estimates": [{"period": "0q", "growth": 0.549}, {"period": "+1q", "growth": 0.431}, {"period": "0y", "growth": 0.305}, {"period": "+1y", "growth": 0.109}, {"period": "+5y", "growth": 0.120859005}, {"period": "-5y"}]}, "industryTrend": {"maxAge": 1, "symbol": null, "estimates": []}, "insiderTransactions": {"transactions": [{"maxAge": 1, "shares": 9800, "filerUrl": "", "transactionText": "", "filerName": "Gandhi (Gaurang Manhar)", "filerRelation": "Promoter", "moneyText": "", "startDate": "2020-03-31", "ownership": "D"}, {"maxAge": 1, "shares": 500, "filerUrl": "", "transactionText": "", "filerName": "Gandhi (Gaurang Manhar)", "filerRelation": "Promoter", "moneyText": "", "startDate": "2020-03-30", "ownership": "D"}, {"maxAge": 1, "shares": 200, "filerUrl": "", "transactionText": "", "filerName": "Gandhi (Gaurang Manhar)", "filerRelation": "Promoter", "moneyText": "", "startDate": "2020-03-27", "ownership": "D"}, {"maxAge": 1, "shares": 1629, "filerUrl": "", "transactionText": "", "filerName": "Gandhi (Gaurang Manhar)", "filerRelation": "Promoter", "moneyText": "", "startDate": "2020-03-26", "ownership": "D"}, {"maxAge": 1, "shares": 5335, "filerUrl": "", "transactionText": "", "filerName": "Gandhi (Gaurang Manhar)", "filerRelation": "Promoter", "moneyText": "", "startDate": "2020-03-25", "ownership": "D"}, {"maxAge": 1, "shares": 2170, "filerUrl": "", "transactionText": "", "filerName": "Gandhi (Gaurang Manhar)", "filerRelation": "Promoter", "moneyText": "", "startDate": "2020-03-24", "ownership": "D"}, {"maxAge": 1, "shares": 645, "filerUrl": "", "transactionText": "", "filerName": "Gandhi (Gaurang Manhar)", "filerRelation": "Promoter", "moneyText": "", "startDate": "2020-03-23", "ownership": "D"}, {"maxAge": 1, "shares": 0, "filerUrl": "", "transactionText": "", "filerName": "Gandhi (Gaurang Manhar)", "filerRelation": "Promoter", "moneyText": "", "startDate": "2020-03-20", "ownership": "I"}, {"maxAge": 1, "shares": 1100, "filerUrl": "", "transactionText": "", "filerName": "Gandhi (Gaurang Manhar)", "filerRelation": "Promoter", "moneyText": "", "startDate": "2020-03-20", "ownership": "D"}, {"maxAge": 1, "shares": 2087, "filerUrl": "", "transactionText": "", "filerName": "Gandhi (Gaurang Manhar)", "filerRelation": "Promoter", "moneyText": "", "startDate": "2020-03-19", "ownership": "D"}, {"maxAge": 1, "shares": 22350, "filerUrl": "", "transactionText": "", "filerName": "Gandhi (Gaurang Manhar)", "filerRelation": "Promoter", "moneyText": "", "startDate": "2020-03-12", "ownership": "D"}, {"maxAge": 1, "shares": 54294, "filerUrl": "", "transactionText": "", "filerName": "Gandhi (Gaurang Manhar)", "filerRelation": "Promoter", "moneyText": "", "startDate": "2020-03-11", "ownership": "D"}, {"maxAge": 1, "shares": 43161, "filerUrl": "", "transactionText": "", "filerName": "Gandhi (Gaurang Manhar)", "filerRelation": "Promoter", "moneyText": "", "startDate": "2019-12-31", "ownership": "D"}, {"maxAge": 1, "shares": 3376428, "filerUrl": "", "transactionText": "", "filerName": "Gandhi (Gaurang Manhar)", "filerRelation": "Promoter", "moneyText": "", "startDate": "2018-10-31", "ownership": "D"}], "maxAge": 1}, "quoteType": {"exchange": "BSE", "quoteType": "EQUITY", "symbol": "PIONRINV.BO", "underlyingSymbol": "PIONRINV.BO", "shortName": "PIONEER INVESTCORP LTD.", "longName": "Pioneer Investcorp Limited", "firstTradeDateEpochUtc": "2002-05-24 09:15:00", "timeZoneFullName": "Asia/Kolkata", "timeZoneShortName": "IST", "uuid": "6c25468d-a081-3665-90cf-03d02900160b", "messageBoardId": null, "gmtOffSetMilliseconds": 19800000, "maxAge": 1}, "incomeStatementHistory": {"incomeStatementHistory": [{"maxAge": 1, "endDate": "2020-03-31", "totalRevenue": 322729000, "costOfRevenue": 0, "grossProfit": 322729000, "researchDevelopment": {}, "sellingGeneralAdministrative": 173667000, "nonRecurring": {}, "otherOperatingExpenses": 86780000, "totalOperatingExpenses": 272862000, "operatingIncome": 49867000, "totalOtherIncomeExpenseNet": 0, "ebit": 0, "interestExpense": {}, "incomeBeforeTax": 49867000, "incomeTaxExpense": 18752000, "minorityInterest": {}, "netIncomeFromContinuingOps": 31115000, "discontinuedOperations": {}, "extraordinaryItems": {}, "effectOfAccountingCharges": {}, "otherItems": {}, "netIncome": 31115000, "netIncomeApplicableToCommonShares": 31115000}, {"maxAge": 1, "endDate": "2019-03-31", "totalRevenue": 309520073, "costOfRevenue": 5102682, "grossProfit": 304417391, "researchDevelopment": {}, "sellingGeneralAdministrative": 215838921, "nonRecurring": {}, "otherOperatingExpenses": 55025007, "totalOperatingExpenses": 281870391, "operatingIncome": 27649682, "totalOtherIncomeExpenseNet": -9051671, "ebit": 0, "interestExpense": {}, "incomeBeforeTax": 18598011, "incomeTaxExpense": -751131, "minorityInterest": {}, "netIncomeFromContinuingOps": 19349142, "discontinuedOperations": {}, "extraordinaryItems": {}, "effectOfAccountingCharges": {}, "otherItems": {}, "netIncome": 19349142, "netIncomeApplicableToCommonShares": 19349142}, {"maxAge": 1, "endDate": "2018-03-31", "totalRevenue": 335931365, "costOfRevenue": 5209545, "grossProfit": 330721820, "researchDevelopment": {}, "sellingGeneralAdministrative": 237328489, "nonRecurring": {}, "otherOperatingExpenses": 65121757, "totalOperatingExpenses": 313341470, "operatingIncome": 22589895, "totalOtherIncomeExpenseNet": -10127214, "ebit": 0, "interestExpense": {}, "incomeBeforeTax": 12462681, "incomeTaxExpense": 9251886, "minorityInterest": {}, "netIncomeFromContinuingOps": 3210795, "discontinuedOperations": {}, "extraordinaryItems": {}, "effectOfAccountingCharges": {}, "otherItems": {}, "netIncome": 3210795, "netIncomeApplicableToCommonShares": 3210795}, {"maxAge": 1, "endDate": "2017-03-31", "totalRevenue": 509686523, "costOfRevenue": 5144146, "grossProfit": 504542377, "researchDevelopment": {}, "sellingGeneralAdministrative": 161003695, "nonRecurring": {}, "otherOperatingExpenses": 72128414, "totalOperatingExpenses": 243646134, "operatingIncome": 266040389, "totalOtherIncomeExpenseNet": -12919923, "ebit": 0, "interestExpense": {}, "incomeBeforeTax": 253120466, "incomeTaxExpense": 75073094, "minorityInterest": {}, "netIncomeFromContinuingOps": 178047372, "discontinuedOperations": {}, "extraordinaryItems": {}, "effectOfAccountingCharges": {}, "otherItems": {}, "netIncome": 178047372, "netIncomeApplicableToCommonShares": 178047372}], "maxAge": 86400}, "fundOwnership": {"maxAge": 1, "ownershipList": []}, "summaryDetail": {"maxAge": 1, "priceHint": 2, "previousClose": 28.55, "open": 28.5, "dayLow": 27.1, "dayHigh": 28.5, "regularMarketPreviousClose": 28.55, "regularMarketOpen": 28.5, "regularMarketDayLow": 27.1, "regularMarketDayHigh": 28.5, "trailingPE": 13.817388, "volume": 590, "regularMarketVolume": 590, "averageVolume": 2315, "averageVolume10days": 846, "averageDailyVolume10Day": 846, "bid": 27.25, "ask": 28.45, "bidSize": 0, "askSize": 0, "marketCap": 349846816, "fiftyTwoWeekLow": 19.75, "fiftyTwoWeekHigh": 39.9, "fiftyDayAverage": 28.584286, "twoHundredDayAverage": 30.39635, "currency": "INR", "fromCurrency": null, "toCurrency": null, "lastMarket": null, "algorithm": null, "tradeable": false}, "sectorTrend": {"maxAge": 1, "symbol": null, "estimates": []}, "incomeStatementHistoryQuarterly": {"incomeStatementHistory": [{"maxAge": 1, "endDate": "2020-06-30", "totalRevenue": 38456000, "costOfRevenue": 0, "grossProfit": 38456000, "researchDevelopment": {}, "sellingGeneralAdministrative": 29444000, "nonRecurring": {}, "otherOperatingExpenses": 5574000, "totalOperatingExpenses": 38193000, "operatingIncome": 263000, "totalOtherIncomeExpenseNet": -5000, "ebit": 0, "interestExpense": {}, "incomeBeforeTax": 258000, "incomeTaxExpense": 1963000, "minorityInterest": {}, "netIncomeFromContinuingOps": -1705000, "discontinuedOperations": {}, "extraordinaryItems": {}, "effectOfAccountingCharges": {}, "otherItems": {}, "netIncome": -1705000, "netIncomeApplicableToCommonShares": -1705000}, {"maxAge": 1, "endDate": "2020-03-31", "totalRevenue": 179101000, "costOfRevenue": 0, "grossProfit": 179101000, "researchDevelopment": {}, "sellingGeneralAdministrative": 84861000, "nonRecurring": {}, "otherOperatingExpenses": 54363000, "totalOperatingExpenses": 145876000, "operatingIncome": 33225000, "totalOtherIncomeExpenseNet": 0, "ebit": 0, "interestExpense": {}, "incomeBeforeTax": 33225000, "incomeTaxExpense": 13580000, "minorityInterest": {}, "netIncomeFromContinuingOps": 19645000, "discontinuedOperations": {}, "extraordinaryItems": {}, "effectOfAccountingCharges": {}, "otherItems": {}, "netIncome": 19645000, "netIncomeApplicableToCommonShares": 19645000}, {"maxAge": 1, "endDate": "2019-12-31", "totalRevenue": 73663000, "costOfRevenue": 0, "grossProfit": 73663000, "researchDevelopment": {}, "sellingGeneralAdministrative": 45101000, "nonRecurring": {}, "otherOperatingExpenses": 18518000, "totalOperatingExpenses": 66264000, "operatingIncome": 7399000, "totalOtherIncomeExpenseNet": 0, "ebit": 0, "interestExpense": {}, "incomeBeforeTax": 7399000, "incomeTaxExpense": 3445000, "minorityInterest": {}, "netIncomeFromContinuingOps": 3954000, "discontinuedOperations": {}, "extraordinaryItems": {}, "effectOfAccountingCharges": {}, "otherItems": {}, "netIncome": 3954000, "netIncomeApplicableToCommonShares": 3954000}, {"maxAge": 1, "endDate": "2019-09-30", "totalRevenue": 75340000, "costOfRevenue": 0, "grossProfit": 75340000, "researchDevelopment": {}, "sellingGeneralAdministrative": 43209000, "nonRecurring": {}, "otherOperatingExpenses": 19499000, "totalOperatingExpenses": 65347000, "operatingIncome": 9993000, "totalOtherIncomeExpenseNet": 0, "ebit": 0, "interestExpense": {}, "incomeBeforeTax": 9993000, "incomeTaxExpense": 2759000, "minorityInterest": {}, "netIncomeFromContinuingOps": 7234000, "discontinuedOperations": {}, "extraordinaryItems": {}, "effectOfAccountingCharges": {}, "otherItems": {}, "netIncome": 7234000, "netIncomeApplicableToCommonShares": 7234000}], "maxAge": 86400}, "cashflowStatementHistoryQuarterly": {"cashflowStatements": [{"maxAge": 1, "endDate": "2020-06-30", "netIncome": -1705000, "changeToLiabilities": 0}, {"maxAge": 1, "endDate": "2020-03-31", "netIncome": 19645000, "changeToLiabilities": 0}, {"maxAge": 1, "endDate": "2019-12-31", "netIncome": 3954000, "changeToLiabilities": 0}, {"maxAge": 1, "endDate": "2019-09-30", "netIncome": 7234000, "changeToLiabilities": 0}], "maxAge": 86400}, "insiderHolders": {"holders": [{"maxAge": 1, "name": "Gandhi (Gaurang Manhar)", "relation": "Promoter", "url": "", "transactionDescription": "Acquisition", "latestTransDate": "2020-03-31", "positionDirect": 7519699, "positionDirectDate": "2020-03-31"}], "maxAge": 1}, "earnings": {"maxAge": 86400, "earningsChart": {"quarterly": [], "earningsDate": []}, "financialsChart": {"yearly": [{"date": 2017, "revenue": 509686523, "earnings": 178047372}, {"date": 2018, "revenue": 335931365, "earnings": 3210795}, {"date": 2019, "revenue": 309520073, "earnings": 19349142}, {"date": 2020, "revenue": 322729000, "earnings": 31115000}], "quarterly": [{"date": "3Q2019", "revenue": 75340000, "earnings": 7234000}, {"date": "4Q2019", "revenue": 73663000, "earnings": 3954000}, {"date": "1Q2020", "revenue": 179101000, "earnings": 19645000}, {"date": "2Q2020", "revenue": 38456000, "earnings": -1705000}]}, "financialCurrency": "INR"}, "calendarEvents": {"maxAge": 1, "earnings": {"earningsDate": []}}, "price": {"maxAge": 1, "regularMarketChangePercent": -0.0035025736, "regularMarketChange": -0.099998474, "regularMarketTime": "2021-04-30 15:28:30", "priceHint": 2, "regularMarketPrice": 28.45, "regularMarketDayHigh": 28.5, "regularMarketDayLow": 27.1, "regularMarketVolume": 590, "averageDailyVolume10Day": 846, "averageDailyVolume3Month": 2315, "regularMarketPreviousClose": 28.55, "regularMarketSource": "FREE_REALTIME", "regularMarketOpen": 28.5, "exchange": "BSE", "exchangeName": "BSE", "exchangeDataDelayedBy": 0, "marketState": "CLOSED", "quoteType": "EQUITY", "symbol": "PIONRINV.BO", "underlyingSymbol": null, "shortName": "PIONEER INVESTCORP LTD.", "longName": "Pioneer Investcorp Limited", "currency": "INR", "quoteSourceName": "Delayed Quote", "currencySymbol": "\u20b9", "fromCurrency": null, "toCurrency": null, "lastMarket": null, "marketCap": 349846816}, "balanceSheetHistory": {"balanceSheetStatements": [{"maxAge": 1, "endDate": "2020-03-31", "cash": 127187000, "netReceivables": 1332799000, "inventory": 12336000, "totalCurrentAssets": 1472322000, "longTermInvestments": 231084000, "propertyPlantEquipment": 62035000, "intangibleAssets": 690000, "otherAssets": 55273000, "deferredLongTermAssetCharges": 39500000, "totalAssets": 1821404000, "accountsPayable": 30571000, "longTermDebt": 404215000, "otherLiab": 83638000, "totalCurrentLiabilities": 30571000, "totalLiab": 518424000, "commonStock": 122969000, "treasuryStock": 1180011000, "otherStockholderEquity": 1180011000, "totalStockholderEquity": 1302980000, "netTangibleAssets": 1302290000}, {"maxAge": 1, "endDate": "2019-03-31", "cash": 177103952, "netReceivables": 1060182580, "otherCurrentAssets": 31078684, "totalCurrentAssets": 1759597445, "longTermInvestments": 167849982, "propertyPlantEquipment": 43751853, "intangibleAssets": 1964831, "otherAssets": 97314347, "deferredLongTermAssetCharges": 43406974, "totalAssets": 2070478458, "accountsPayable": 6808085, "shortLongTermDebt": 11667677, "otherCurrentLiab": 87789, "longTermDebt": 149399000, "otherLiab": 51418909, "totalCurrentLiabilities": 623460705, "totalLiab": 824278614, "commonStock": 122969080, "retainedEarnings": 721445232, "treasuryStock": 290593079, "capitalSurplus": 111192453, "otherStockholderEquity": 290593079, "totalStockholderEquity": 1246199844, "netTangibleAssets": 1244235013}, {"maxAge": 1, "endDate": "2018-03-31", "cash": 104479884, "netReceivables": 1025927306, "otherCurrentAssets": 17832161, "totalCurrentAssets": 1456087407, "longTermInvestments": 162559967, "propertyPlantEquipment": 43507123, "intangibleAssets": 1104283, "otherAssets": 122419903, "deferredLongTermAssetCharges": 43979131, "totalAssets": 1785678683, "accountsPayable": 24967414, "shortLongTermDebt": 2003887, "longTermDebt": 23652092, "otherLiab": 54245949, "totalCurrentLiabilities": 480929943, "totalLiab": 558827984, "commonStock": 122969080, "retainedEarnings": 732096088, "treasuryStock": 260593078, "capitalSurplus": 111192453, "otherStockholderEquity": 260593078, "totalStockholderEquity": 1226850699, "netTangibleAssets": 1225746416}, {"maxAge": 1, "endDate": "2017-03-31", "cash": 63381812, "netReceivables": 1002173566, "otherCurrentAssets": 23195708, "totalCurrentAssets": 1673802044, "longTermInvestments": 150464259, "propertyPlantEquipment": 26442680, "intangibleAssets": 1104283, "otherAssets": 116444688, "deferredLongTermAssetCharges": 59019344, "totalAssets": 1968257954, "accountsPayable": 32252832, "shortLongTermDebt": 1462747, "otherCurrentLiab": 85232804, "longTermDebt": 7329663, "otherLiab": 53668189, "totalCurrentLiabilities": 645118239, "totalLiab": 706116091, "commonStock": 122969080, "retainedEarnings": 767387252, "treasuryStock": 260593078, "capitalSurplus": 111192453, "otherStockholderEquity": 260593078, "totalStockholderEquity": 1262141863, "netTangibleAssets": 1261037580}], "maxAge": 86400}, "earningsTrend": {"trend": [{"maxAge": 1, "period": "0q", "endDate": null, "growth": {}, "earningsEstimate": {"avg": 0.0, "low": 0.0, "high": 0.0, "yearAgoEps": {}, "numberOfAnalysts": 0, "growth": {}}, "revenueEstimate": {"avg": 0, "low": 0, "high": 0, "numberOfAnalysts": 0, "yearAgoRevenue": {}, "growth": {}}, "epsTrend": {"current": 0.0, "7daysAgo": 0.0, "30daysAgo": 0.0, "60daysAgo": 0.0, "90daysAgo": 0.0}, "epsRevisions": {"upLast7days": 0, "upLast30days": 0, "downLast30days": 0, "downLast90days": {}}}, {"maxAge": 1, "period": "+1q", "endDate": null, "growth": {}, "earningsEstimate": {"avg": 0.0, "low": 0.0, "high": 0.0, "yearAgoEps": {}, "numberOfAnalysts": 0, "growth": {}}, "revenueEstimate": {"avg": 0, "low": 0, "high": 0, "numberOfAnalysts": 0, "yearAgoRevenue": {}, "growth": {}}, "epsTrend": {"current": 0.0, "7daysAgo": 0.0, "30daysAgo": 0.0, "60daysAgo": 0.0, "90daysAgo": 0.0}, "epsRevisions": {"upLast7days": 0, "upLast30days": 0, "downLast30days": 0, "downLast90days": {}}}, {"maxAge": 1, "period": "0y", "endDate": null, "growth": {}, "earningsEstimate": {"avg": 0.0, "low": 0.0, "high": 0.0, "yearAgoEps": {}, "numberOfAnalysts": 0, "growth": {}}, "revenueEstimate": {"avg": 0, "low": 0, "high": 0, "numberOfAnalysts": 0, "yearAgoRevenue": {}, "growth": {}}, "epsTrend": {"current": 0.0, "7daysAgo": 0.0, "30daysAgo": 0.0, "60daysAgo": 0.0, "90daysAgo": 0.0}, "epsRevisions": {"upLast7days": 0, "upLast30days": 0, "downLast30days": 0, "downLast90days": {}}}, {"maxAge": 1, "period": "+1y", "endDate": null, "growth": {}, "earningsEstimate": {"avg": 0.0, "low": 0.0, "high": 0.0, "yearAgoEps": {}, "numberOfAnalysts": 0, "growth": {}}, "revenueEstimate": {"avg": 0, "low": 0, "high": 0, "numberOfAnalysts": 0, "yearAgoRevenue": {}, "growth": {}}, "epsTrend": {"current": 0.0, "7daysAgo": 0.0, "30daysAgo": 0.0, "60daysAgo": 0.0, "90daysAgo": 0.0}, "epsRevisions": {"upLast7days": 0, "upLast30days": 0, "downLast30days": 0, "downLast90days": {}}}, {"maxAge": 1, "period": "+5y", "endDate": null, "growth": {}, "earningsEstimate": {"avg": {}, "low": {}, "high": {}, "yearAgoEps": {}, "numberOfAnalysts": {}, "growth": {}}, "revenueEstimate": {"avg": {}, "low": {}, "high": {}, "numberOfAnalysts": {}, "yearAgoRevenue": {}, "growth": {}}, "epsTrend": {"current": {}, "7daysAgo": {}, "30daysAgo": {}, "60daysAgo": {}, "90daysAgo": {}}, "epsRevisions": {"upLast7days": {}, "upLast30days": {}, "downLast30days": {}, "downLast90days": {}}}, {"maxAge": 1, "period": "-5y", "endDate": null, "growth": {}, "earningsEstimate": {"avg": {}, "low": {}, "high": {}, "yearAgoEps": {}, "numberOfAnalysts": {}, "growth": {}}, "revenueEstimate": {"avg": {}, "low": {}, "high": {}, "numberOfAnalysts": {}, "yearAgoRevenue": {}, "growth": {}}, "epsTrend": {"current": {}, "7daysAgo": {}, "30daysAgo": {}, "60daysAgo": {}, "90daysAgo": {}}, "epsRevisions": {"upLast7days": {}, "upLast30days": {}, "downLast30days": {}, "downLast90days": {}}}], "maxAge": 1}, "financialData": {"maxAge": 86400, "currentPrice": 28.45, "recommendationKey": "none", "grossProfits": 322729000, "financialCurrency": "INR"}}}