{"PITTIENG.NS": {"assetProfile": {"address1": "6-3-648/401", "address2": "4th Floor Padmaja Landmark Somajiguda", "city": "Hyderabad", "zip": "500082", "country": "India", "phone": "91 40 2331 2774", "fax": "91 40 2339 3985", "website": "http://www.pitti.in", "industry": "Metal Fabrication", "sector": "Industrials", "longBusinessSummary": "Pitti Engineering Limited manufactures and sells electrical steel laminations, stampings, motor cores, sub-assemblies, die-cast rotors, and press tools in India and internationally. The company manufactures laminations for use in home appliances, aerospace, railways, power generation, medical equipment, consumer motors, industrial motors, special purpose motors, etc., as well as rotor aluminum die-casting and rotor shaft insertion products. It also offers jigs and fixtures, and pressure die casting products, as well as metal scraps. In addition, the company offers windmills castings, assembled laminations stacks, compressor castings, stator frames, transmission housings, and parts for off highway vehicles; and ductile iron, grey iron, and plain carbon steel grades, as well as components for various industries, including railways off highway vehicles, earthmoving equipment, compressors, windmills, power sector, transmission parts, oil and gas, etc. It also exports its products. The company was formerly known as Pitti Laminations Limited and changed its name to Pitti Engineering Limited in May 2018. Pitti Engineering Limited was founded in 1983 and is based in Hyderabad, India.", "fullTimeEmployees": 933, "companyOfficers": [{"maxAge": 1, "name": "Mr. Sharad B. Pitti", "age": 63, "title": "Chairman & MD", "yearBorn": 1957, "fiscalYear": 2020, "totalPay": 6972000, "exercisedValue": 0, "unexercisedValue": 0}, {"maxAge": 1, "name": "Mr. Akshay S. Pitti", "age": 35, "title": "Vice Chairman & MD", "yearBorn": 1985, "fiscalYear": 2020, "totalPay": 6807000, "exercisedValue": 0, "unexercisedValue": 0}, {"maxAge": 1, "name": "Mr. Nand Kishore Khandelwal", "title": "CFO & Pres of Corp. Resources", "fiscalYear": 2020, "totalPay": 6808000, "exercisedValue": 0, "unexercisedValue": 0}, {"maxAge": 1, "name": "Ms. Mary Monica Braganza", "title": "Company Sec. & Compliance Officer", "fiscalYear": 2020, "totalPay": 1778000, "exercisedValue": 0, "unexercisedValue": 0}], "compensationAsOfEpochDate": "2020-12-31 05:30:00", "maxAge": 86400}, "cashflowStatementHistory": {"cashflowStatements": [{"maxAge": 1, "endDate": "2020-03-31", "netIncome": 170950000, "depreciation": 257460000, "changeToNetincome": 283221000, "changeToAccountReceivables": 414505000, "changeToLiabilities": -165782000, "changeToInventory": -262284000, "totalCashFromOperatingActivities": 714810000, "capitalExpenditures": -232357000, "investments": 109000, "otherCashflowsFromInvestingActivities": -261362000, "totalCashflowsFromInvestingActivities": -455925000, "netBorrowings": -26847000, "otherCashflowsFromFinancingActivities": -379185000, "totalCashFromFinancingActivities": -206032000, "changeInCash": 52853000, "issuanceOfStock": 200000000}, {"maxAge": 1, "endDate": "2019-03-31", "netIncome": 237196000, "depreciation": 224138000, "changeToNetincome": 414513000, "changeToAccountReceivables": -439429000, "changeToLiabilities": -18917000, "changeToInventory": 288905000, "totalCashFromOperatingActivities": 706406000, "capitalExpenditures": -487284000, "investments": 9342000, "otherCashflowsFromInvestingActivities": 10427000, "totalCashflowsFromInvestingActivities": -464743000, "netBorrowings": -108809000, "otherCashflowsFromFinancingActivities": -152873000, "totalCashFromFinancingActivities": -261682000, "changeInCash": -20018000, "issuanceOfStock": 200000000}, {"maxAge": 1, "endDate": "2018-03-31", "netIncome": 112796000, "depreciation": 176321000, "changeToNetincome": 299825000, "changeToAccountReceivables": -405205000, "changeToLiabilities": 126909000, "changeToInventory": -26119000, "totalCashFromOperatingActivities": 284527000, "capitalExpenditures": -1151794000, "investments": 9000, "otherCashflowsFromInvestingActivities": 9391000, "totalCashflowsFromInvestingActivities": -1128611000, "netBorrowings": 784166000, "otherCashflowsFromFinancingActivities": -184690000, "totalCashFromFinancingActivities": 855476000, "changeInCash": 11392000, "issuanceOfStock": 256000000}, {"maxAge": 1, "endDate": "2017-03-31", "netIncome": 43103000, "depreciation": 161740000, "changeToNetincome": 145486000, "changeToAccountReceivables": 259783000, "changeToLiabilities": 373837000, "changeToInventory": -255028000, "totalCashFromOperatingActivities": 728921000, "capitalExpenditures": -580482000, "investments": 9000, "otherCashflowsFromInvestingActivities": 13394000, "totalCashflowsFromInvestingActivities": -563549000, "netBorrowings": -48574000, "otherCashflowsFromFinancingActivities": -152153000, "totalCashFromFinancingActivities": -200727000, "changeInCash": -35355000, "issuanceOfStock": 256000000}], "maxAge": 86400}, "institutionOwnership": {"ownershipList": [], "maxAge": 1}, "majorHoldersBreakdown": {"maxAge": 1, "insidersPercentHeld": 0.66524005, "institutionsPercentHeld": 0.0, "institutionsFloatPercentHeld": 0.0, "institutionsCount": 0}, "balanceSheetHistoryQuarterly": {"balanceSheetStatements": [{"maxAge": 1, "endDate": "2020-12-31", "totalStockholderEquity": 2082654000, "netTangibleAssets": 1980707000}, {"maxAge": 1, "endDate": "2020-09-30", "cash": 116671000, "shortTermInvestments": 14423000, "netReceivables": 1536900000, "inventory": 1358317000, "otherCurrentAssets": 567721000, "totalCurrentAssets": 3594032000, "longTermInvestments": 206647000, "propertyPlantEquipment": 2630209000, "intangibleAssets": 101947000, "otherAssets": 91573000, "totalAssets": 6624408000, "accountsPayable": 1012907000, "shortLongTermDebt": 338653000, "otherCurrentLiab": 79941000, "longTermDebt": 337387000, "otherLiab": 189673000, "totalCurrentLiabilities": 3458347000, "totalLiab": 4541754000, "commonStock": 160292000, "treasuryStock": 1922362000, "otherStockholderEquity": 1922362000, "totalStockholderEquity": 2082654000, "netTangibleAssets": 1980707000}, {"maxAge": 1, "endDate": "2020-06-30", "totalStockholderEquity": 2078006000, "netTangibleAssets": 1964658000}, {"maxAge": 1, "endDate": "2020-03-31", "cash": 148562000, "shortTermInvestments": 96000, "netReceivables": 1444827000, "inventory": 1390974000, "otherCurrentAssets": 176063000, "totalCurrentAssets": 3183127000, "longTermInvestments": 180119000, "propertyPlantEquipment": 2442249000, "intangibleAssets": 23693000, "otherAssets": 131711000, "totalAssets": 5960899000, "accountsPayable": 967140000, "shortLongTermDebt": 175717000, "otherCurrentLiab": 106884000, "longTermDebt": 438619000, "otherLiab": 328570000, "deferredLongTermLiab": 89655000, "totalCurrentLiabilities": 2883635000, "totalLiab": 3882893000, "commonStock": 160250000, "retainedEarnings": 1107068000, "treasuryStock": 42000, "capitalSurplus": 810646000, "otherStockholderEquity": 42000, "totalStockholderEquity": 2078006000, "netTangibleAssets": 2054313000}], "maxAge": 86400}, "indexTrend": {"maxAge": 1, "symbol": "SP5", "peRatio": 19.7411, "pegRatio": 1.34172, "estimates": [{"period": "0q", "growth": 0.549}, {"period": "+1q", "growth": 0.431}, {"period": "0y", "growth": 0.305}, {"period": "+1y", "growth": 0.109}, {"period": "+5y", "growth": 0.120865}, {"period": "-5y"}]}, "defaultKeyStatistics": {"maxAge": 1, "priceHint": 2, "enterpriseValue": 5148099072, "profitMargins": 0.01973, "floatShares": 10183274, "sharesOutstanding": 32050100, "heldPercentInsiders": 0.66524005, "heldPercentInstitutions": 0.0, "beta": 1.154865, "category": null, "bookValue": 65.006, "priceToBook": 0.9868321, "fundFamily": null, "legalType": null, "lastFiscalYearEnd": "2020-03-31 05:30:00", "nextFiscalYearEnd": "2022-03-31 05:30:00", "mostRecentQuarter": "2020-12-31 05:30:00", "earningsQuarterlyGrowth": 0.785, "netIncomeToCommon": 90923000, "trailingEps": 2.843, "lastSplitFactor": "2:1", "lastSplitDate": "2015-04-16 05:30:00", "enterpriseToRevenue": 1.117, "enterpriseToEbitda": 7.837}, "summaryProfile": {"address1": "6-3-648/401", "address2": "4th Floor Padmaja Landmark Somajiguda", "city": "Hyderabad", "zip": "500082", "country": "India", "phone": "91 40 2331 2774", "fax": "91 40 2339 3985", "website": "http://www.pitti.in", "industry": "Metal Fabrication", "sector": "Industrials", "longBusinessSummary": "Pitti Engineering Limited manufactures and sells electrical steel laminations, stampings, motor cores, sub-assemblies, die-cast rotors, and press tools in India and internationally. The company manufactures laminations for use in home appliances, aerospace, railways, power generation, medical equipment, consumer motors, industrial motors, special purpose motors, etc., as well as rotor aluminum die-casting and rotor shaft insertion products. It also offers jigs and fixtures, and pressure die casting products, as well as metal scraps. In addition, the company offers windmills castings, assembled laminations stacks, compressor castings, stator frames, transmission housings, and parts for off highway vehicles; and ductile iron, grey iron, and plain carbon steel grades, as well as components for various industries, including railways off highway vehicles, earthmoving equipment, compressors, windmills, power sector, transmission parts, oil and gas, etc. It also exports its products. The company was formerly known as Pitti Laminations Limited and changed its name to Pitti Engineering Limited in May 2018. Pitti Engineering Limited was founded in 1983 and is based in Hyderabad, India.", "fullTimeEmployees": 933, "companyOfficers": [], "maxAge": 86400}, "netSharePurchaseActivity": {"maxAge": 1, "period": "6m", "buyInfoCount": 0, "buyInfoShares": 0, "sellInfoCount": 0, "netInfoCount": 0, "netInfoShares": 0, "netPercentInsiderShares": 0.0, "totalInsiderShares": 21327714}, "insiderTransactions": {"transactions": [{"maxAge": 1, "shares": 2298903, "filerUrl": "", "transactionText": "", "filerName": "Pitti (Akshay S)", "filerRelation": "Executive Vice Chairman", "moneyText": "", "startDate": "2020-09-14", "ownership": "D"}, {"maxAge": 1, "shares": 2390377, "filerUrl": "", "transactionText": "", "filerName": "Pitti (Sharad B)", "filerRelation": "Executive Chairman", "moneyText": "", "startDate": "2020-09-14", "ownership": "D"}, {"maxAge": 1, "shares": 2749100, "filerUrl": "", "transactionText": "", "filerName": "Pitti (Akshay S)", "filerRelation": "Executive Vice Chairman", "moneyText": "", "startDate": "2019-06-24", "ownership": "D"}, {"maxAge": 1, "shares": 1111111, "filerUrl": "", "transactionText": "", "filerName": "Pitti Electrical Equipment Pvt Ltd", "filerRelation": "Promoter", "moneyText": "", "startDate": "2019-06-24", "ownership": "D"}, {"maxAge": 1, "shares": 1288889, "filerUrl": "", "transactionText": "", "filerName": "Pitti (Sharad B)", "filerRelation": "Executive Chairman", "moneyText": "", "startDate": "2018-02-14", "ownership": "D"}, {"maxAge": 1, "shares": 1111111, "filerUrl": "", "transactionText": "", "filerName": "Pitti Electrical Equipment Pvt Ltd", "filerRelation": "Promoter", "moneyText": "", "startDate": "2018-02-14", "ownership": "D"}, {"maxAge": 1, "shares": 6424445, "filerUrl": "", "transactionText": "", "filerName": "Pitti Electrical Equipment Pvt Ltd", "filerRelation": "Promoter", "moneyText": "", "startDate": "2018-02-14", "ownership": "D"}, {"maxAge": 1, "shares": 3047089, "filerUrl": "", "transactionText": "", "filerName": "Pitti (Akshay S)", "filerRelation": "Executive Vice Chairman", "moneyText": "", "startDate": "2018-02-14", "ownership": "D"}, {"maxAge": 1, "shares": 1000000, "filerUrl": "", "transactionText": "", "filerName": "Pitti (Akshay S)", "filerRelation": "Executive Vice Chairman", "moneyText": "", "startDate": "2018-02-14", "ownership": "D"}, {"maxAge": 1, "shares": 196420, "filerUrl": "", "transactionText": "", "filerName": "Pitti (Madhuri S)", "filerRelation": "Promoter", "moneyText": "", "startDate": "2016-08-12", "ownership": "D"}], "maxAge": 1}, "quoteType": {"exchange": "NSI", "quoteType": "EQUITY", "symbol": "PITTIENG.NS", "underlyingSymbol": "PITTIENG.NS", "shortName": "PITTI ENGINEERING", "longName": "Pitti Engineering Limited", "firstTradeDateEpochUtc": "2007-02-02 09:15:00", "timeZoneFullName": "Asia/Kolkata", "timeZoneShortName": "IST", "uuid": "77eefb6e-8a9e-3872-a42a-9d15e829a3cd", "gmtOffSetMilliseconds": 19800000, "maxAge": 1}, "incomeStatementHistory": {"incomeStatementHistory": [{"maxAge": 1, "endDate": "2020-03-31", "totalRevenue": 5250629000, "costOfRevenue": 3466537000, "grossProfit": 1784092000, "researchDevelopment": {}, "sellingGeneralAdministrative": 545659000, "nonRecurring": {}, "otherOperatingExpenses": 431933000, "totalOperatingExpenses": 4718329000, "operatingIncome": 532300000, "totalOtherIncomeExpenseNet": -333745000, "ebit": 532300000, "interestExpense": -237062000, "incomeBeforeTax": 198555000, "incomeTaxExpense": 27605000, "minorityInterest": {}, "netIncomeFromContinuingOps": 170950000, "discontinuedOperations": {}, "extraordinaryItems": {}, "effectOfAccountingCharges": {}, "otherItems": {}, "netIncome": 170950000, "netIncomeApplicableToCommonShares": 170950000}, {"maxAge": 1, "endDate": "2019-03-31", "totalRevenue": 6222147000, "costOfRevenue": 4320206000, "grossProfit": 1901941000, "researchDevelopment": {}, "sellingGeneralAdministrative": 541370000, "nonRecurring": {}, "otherOperatingExpenses": 430028000, "totalOperatingExpenses": 5515742000, "operatingIncome": 706405000, "totalOtherIncomeExpenseNet": -303024000, "ebit": 706405000, "interestExpense": -220965000, "incomeBeforeTax": 403381000, "incomeTaxExpense": 166185000, "minorityInterest": {}, "netIncomeFromContinuingOps": 237196000, "discontinuedOperations": {}, "extraordinaryItems": {}, "effectOfAccountingCharges": {}, "otherItems": {}, "netIncome": 237196000, "netIncomeApplicableToCommonShares": 237196000}, {"maxAge": 1, "endDate": "2018-03-31", "totalRevenue": 3800102000, "costOfRevenue": 2495807000, "grossProfit": 1304295000, "researchDevelopment": {}, "sellingGeneralAdministrative": 379544000, "nonRecurring": {}, "otherOperatingExpenses": 351090000, "totalOperatingExpenses": 3404869000, "operatingIncome": 395233000, "totalOtherIncomeExpenseNet": -232084000, "ebit": 395233000, "interestExpense": -160720000, "incomeBeforeTax": 163149000, "incomeTaxExpense": 50353000, "minorityInterest": {}, "netIncomeFromContinuingOps": 112796000, "discontinuedOperations": {}, "extraordinaryItems": {}, "effectOfAccountingCharges": {}, "otherItems": {}, "netIncome": 112796000, "netIncomeApplicableToCommonShares": 112796000}, {"maxAge": 1, "endDate": "2017-03-31", "totalRevenue": 2865196000, "costOfRevenue": 1780118000, "grossProfit": 1085078000, "researchDevelopment": {}, "sellingGeneralAdministrative": 358972000, "nonRecurring": {}, "otherOperatingExpenses": 368095000, "totalOperatingExpenses": 2673942000, "operatingIncome": 191254000, "totalOtherIncomeExpenseNet": -140098000, "ebit": 191254000, "interestExpense": -119305000, "incomeBeforeTax": 51156000, "incomeTaxExpense": 8053000, "minorityInterest": {}, "netIncomeFromContinuingOps": 43103000, "discontinuedOperations": {}, "extraordinaryItems": {}, "effectOfAccountingCharges": {}, "otherItems": {}, "netIncome": 43103000, "netIncomeApplicableToCommonShares": 43103000}], "maxAge": 86400}, "fundOwnership": {"ownershipList": [], "maxAge": 1}, "summaryDetail": {"maxAge": 1, "priceHint": 2, "previousClose": 64.2, "open": 64.8, "dayLow": 63.3, "dayHigh": 64.8, "regularMarketPreviousClose": 64.2, "regularMarketOpen": 64.8, "regularMarketDayLow": 63.3, "regularMarketDayHigh": 64.8, "exDividendDate": "2015-09-18 05:30:00", "payoutRatio": 0.0, "beta": 1.154865, "trailingPE": 22.564194, "volume": 205500, "regularMarketVolume": 205500, "averageVolume": 272928, "averageVolume10days": 194193, "averageDailyVolume10Day": 194193, "bid": 0.0, "ask": 0.0, "bidSize": 0, "askSize": 0, "marketCap": 2060818816, "fiftyTwoWeekLow": 20.25, "fiftyTwoWeekHigh": 76.75, "priceToSalesTrailing12Months": 0.4472553, "fiftyDayAverage": 65.93677, "twoHundredDayAverage": 51.485107, "currency": "INR", "fromCurrency": null, "lastMarket": null, "algorithm": null, "tradeable": false}, "incomeStatementHistoryQuarterly": {"incomeStatementHistory": [{"maxAge": 1, "endDate": "2020-12-31", "totalRevenue": 1513219000, "costOfRevenue": 968954000, "grossProfit": 544265000, "researchDevelopment": {}, "sellingGeneralAdministrative": 160251000, "nonRecurring": {}, "otherOperatingExpenses": 128211000, "totalOperatingExpenses": 1335277000, "operatingIncome": 177942000, "totalOtherIncomeExpenseNet": -76889000, "ebit": 177942000, "interestExpense": -76889000, "incomeBeforeTax": 101053000, "incomeTaxExpense": 28597000, "minorityInterest": {}, "netIncomeFromContinuingOps": 72456000, "discontinuedOperations": {}, "extraordinaryItems": {}, "effectOfAccountingCharges": {}, "otherItems": {}, "netIncome": 72456000, "netIncomeApplicableToCommonShares": 72456000}, {"maxAge": 1, "endDate": "2020-09-30", "totalRevenue": 1349502000, "costOfRevenue": 858479000, "grossProfit": 491023000, "researchDevelopment": {}, "sellingGeneralAdministrative": 138122000, "nonRecurring": {}, "otherOperatingExpenses": 108395000, "totalOperatingExpenses": 1177335000, "operatingIncome": 172167000, "totalOtherIncomeExpenseNet": -62900000, "ebit": 172167000, "interestExpense": -62900000, "incomeBeforeTax": 109267000, "incomeTaxExpense": 8348000, "minorityInterest": {}, "netIncomeFromContinuingOps": 100919000, "discontinuedOperations": {}, "extraordinaryItems": {}, "effectOfAccountingCharges": {}, "otherItems": {}, "netIncome": 100919000, "netIncomeApplicableToCommonShares": 100919000}, {"maxAge": 1, "endDate": "2020-06-30", "totalRevenue": 615515000, "costOfRevenue": 409332000, "grossProfit": 206183000, "researchDevelopment": {}, "sellingGeneralAdministrative": 90614000, "nonRecurring": {}, "otherOperatingExpenses": 71414000, "totalOperatingExpenses": 640334000, "operatingIncome": -24819000, "totalOtherIncomeExpenseNet": -83122000, "ebit": -24819000, "interestExpense": -65122000, "incomeBeforeTax": -107941000, "incomeTaxExpense": -10138000, "minorityInterest": {}, "netIncomeFromContinuingOps": -97803000, "discontinuedOperations": {}, "extraordinaryItems": {}, "effectOfAccountingCharges": {}, "otherItems": {}, "netIncome": -97803000, "netIncomeApplicableToCommonShares": -97803000}, {"maxAge": 1, "endDate": "2020-03-31", "totalRevenue": 1129465000, "costOfRevenue": 759375000, "grossProfit": 370090000, "researchDevelopment": {}, "sellingGeneralAdministrative": 137528000, "nonRecurring": {}, "otherOperatingExpenses": 60065000, "totalOperatingExpenses": 1028933000, "operatingIncome": 100532000, "totalOtherIncomeExpenseNet": -96891000, "ebit": 100532000, "interestExpense": -208000, "incomeBeforeTax": 3641000, "incomeTaxExpense": -11709000, "minorityInterest": {}, "netIncomeFromContinuingOps": 15350000, "discontinuedOperations": {}, "extraordinaryItems": {}, "effectOfAccountingCharges": {}, "otherItems": {}, "netIncome": 15350000, "netIncomeApplicableToCommonShares": 15350000}], "maxAge": 86400}, "cashflowStatementHistoryQuarterly": {"cashflowStatements": [{"maxAge": 1, "endDate": "2020-12-31", "netIncome": 72456000, "changeToLiabilities": 0}, {"maxAge": 1, "endDate": "2020-09-30", "netIncome": 100919000, "changeToLiabilities": 0}, {"maxAge": 1, "endDate": "2020-06-30", "netIncome": -97803000, "changeToLiabilities": 0}, {"maxAge": 1, "endDate": "2020-03-31", "netIncome": 15350000, "changeToLiabilities": 0}], "maxAge": 86400}, "insiderHolders": {"holders": [{"maxAge": 1, "name": "Pitti (Akshay S)", "relation": "Executive Vice Chairman", "url": "", "transactionDescription": "Purchase", "latestTransDate": "2020-09-14", "positionDirect": 4228414, "positionDirectDate": "2020-09-14"}, {"maxAge": 1, "name": "Pitti (Madhuri S)", "relation": "Promoter", "url": "", "transactionDescription": "Other", "latestTransDate": "2016-08-12", "positionDirect": 1758620, "positionDirectDate": "2016-08-12"}, {"maxAge": 1, "name": "Pitti (Sharad B)", "relation": "Executive Chairman", "url": "", "transactionDescription": "Purchase", "latestTransDate": "2020-09-14", "positionDirect": 4349926, "positionDirectDate": "2020-09-14"}, {"maxAge": 1, "name": "Pitti Electrical Equipment Pvt Ltd", "relation": "Promoter", "url": "", "transactionDescription": "Other", "latestTransDate": "2019-06-24", "positionDirect": 8646667, "positionDirectDate": "2019-06-24"}], "maxAge": 1}, "calendarEvents": {"maxAge": 1, "earnings": {"earningsDate": []}, "exDividendDate": "2015-09-18 05:30:00"}, "upgradeDowngradeHistory": {"history": [], "maxAge": 86400}, "price": {"maxAge": 1, "regularMarketChangePercent": -0.000778745, "regularMarketChange": -0.049995422, "regularMarketTime": "2021-04-30 15:29:02", "priceHint": 2, "regularMarketPrice": 64.15, "regularMarketDayHigh": 64.8, "regularMarketDayLow": 63.3, "regularMarketVolume": 205500, "averageDailyVolume10Day": 194193, "averageDailyVolume3Month": 272928, "regularMarketPreviousClose": 64.2, "regularMarketSource": "FREE_REALTIME", "regularMarketOpen": 64.8, "exchange": "NSI", "exchangeName": "NSE", "exchangeDataDelayedBy": 15, "marketState": "CLOSED", "quoteType": "EQUITY", "symbol": "PITTIENG.NS", "underlyingSymbol": null, "shortName": "PITTI ENGINEERING", "longName": "Pitti Engineering Limited", "currency": "INR", "quoteSourceName": "Delayed Quote", "currencySymbol": "\u20b9", "fromCurrency": null, "lastMarket": null, "marketCap": 2060818816}, "balanceSheetHistory": {"balanceSheetStatements": [{"maxAge": 1, "endDate": "2020-03-31", "cash": 148562000, "shortTermInvestments": 96000, "netReceivables": 1444827000, "inventory": 1390974000, "otherCurrentAssets": 176063000, "totalCurrentAssets": 3183127000, "longTermInvestments": 180119000, "propertyPlantEquipment": 2442249000, "intangibleAssets": 23693000, "otherAssets": 131711000, "totalAssets": 5960899000, "accountsPayable": 967140000, "shortLongTermDebt": 175717000, "otherCurrentLiab": 106884000, "longTermDebt": 438619000, "otherLiab": 328570000, "deferredLongTermLiab": 89655000, "totalCurrentLiabilities": 2883635000, "totalLiab": 3882893000, "commonStock": 160250000, "retainedEarnings": 1107068000, "treasuryStock": 42000, "capitalSurplus": 810646000, "otherStockholderEquity": 42000, "totalStockholderEquity": 2078006000, "netTangibleAssets": 2054313000}, {"maxAge": 1, "endDate": "2019-03-31", "cash": 139640000, "shortTermInvestments": 205000, "netReceivables": 1894520000, "inventory": 1027498000, "otherCurrentAssets": 191838000, "totalCurrentAssets": 3280052000, "longTermInvestments": 164100000, "propertyPlantEquipment": 2248490000, "intangibleAssets": 28782000, "otherAssets": 119050000, "totalAssets": 5840474000, "accountsPayable": 1036173000, "shortLongTermDebt": 182951000, "otherCurrentLiab": 196342000, "longTermDebt": 755955000, "otherLiab": 352112000, "deferredLongTermLiab": 43201000, "totalCurrentLiabilities": 2972768000, "totalLiab": 4080835000, "commonStock": 149139000, "retainedEarnings": 938701000, "treasuryStock": 50042000, "capitalSurplus": 621757000, "otherStockholderEquity": 50042000, "totalStockholderEquity": 1759639000, "netTangibleAssets": 1730857000}, {"maxAge": 1, "endDate": "2018-03-31", "cash": 135241000, "shortTermInvestments": 163000, "netReceivables": 1433482000, "inventory": 1301968000, "otherCurrentAssets": 245663000, "totalCurrentAssets": 3137213000, "longTermInvestments": 173484000, "propertyPlantEquipment": 2060127000, "intangibleAssets": 34775000, "otherAssets": 84093000, "totalAssets": 5489692000, "accountsPayable": 1080794000, "shortLongTermDebt": 187078000, "otherCurrentLiab": 136857000, "longTermDebt": 886819000, "otherLiab": 159171000, "deferredLongTermLiab": 12034000, "totalCurrentLiabilities": 2898062000, "totalLiab": 3944052000, "commonStock": 149139000, "retainedEarnings": 724702000, "treasuryStock": 50042000, "capitalSurplus": 621757000, "otherStockholderEquity": 50042000, "totalStockholderEquity": 1545640000, "netTangibleAssets": 1510865000}, {"maxAge": 1, "endDate": "2017-03-31", "cash": 110168000, "shortTermInvestments": 172000, "netReceivables": 950939000, "inventory": 1265518000, "otherCurrentAssets": 122774000, "totalCurrentAssets": 2465178000, "longTermInvestments": 173484000, "propertyPlantEquipment": 1237051000, "intangibleAssets": 3702000, "otherAssets": 220826000, "totalAssets": 4100241000, "accountsPayable": 1056060000, "shortLongTermDebt": 147399000, "otherCurrentLiab": 35023000, "longTermDebt": 571098000, "otherLiab": 59017000, "deferredLongTermLiab": 8927000, "totalCurrentLiabilities": 2345929000, "totalLiab": 2976044000, "commonStock": 134917000, "retainedEarnings": 609259000, "treasuryStock": 42000, "capitalSurplus": 379979000, "otherStockholderEquity": 42000, "totalStockholderEquity": 1124197000, "netTangibleAssets": 1120495000}], "maxAge": 86400}, "financialData": {"maxAge": 86400, "currentPrice": 64.15, "recommendationKey": "none", "totalCash": 131094000, "totalCashPerShare": 4.089, "ebitda": 656910720, "totalDebt": 3220930048, "totalRevenue": 4607700992, "debtToEquity": 154.655, "revenuePerShare": 144.076, "grossProfits": 1784092000, "earningsGrowth": 0.78, "revenueGrowth": 0.283, "grossMargins": 0.34974998, "ebitdaMargins": 0.14257, "operatingMargins": 0.08851, "profitMargins": 0.01973, "financialCurrency": "INR"}}}