{"PKTEA.NS": {"assetProfile": {"address1": "PANCHRATN", "address2": "286, Race Course Road", "city": "Coimbatore", "zip": "641018", "country": "India", "phone": "91 42 2222 1352", "fax": "91 42 2222 0380", "website": "http://www.periatea.com", "industry": "Farm Products", "sector": "Consumer Defensive", "longBusinessSummary": "The Peria Karamalai Tea and Produce Company Limited engages in the production and distribution of tea in India. The company operates through Tea, Investment, and Power segments. Its plantations cover approximately 6,000 acres of land located in the Anamalai Hills, Coimbatore District in Tamil Nadu. The company also generates and distributes power through solar and wind energy. In addition, it invests in financial instruments. The company was incorporated in 1913 and is headquartered in Coimbatore, India.", "fullTimeEmployees": 1547, "companyOfficers": [{"maxAge": 1, "name": "Mr. Sanjeev Kumar Singh", "age": 48, "title": "Chief Exec. Officer", "yearBorn": 1972, "fiscalYear": 2020, "totalPay": 8493000, "exercisedValue": 0, "unexercisedValue": 0}, {"maxAge": 1, "name": "Mr. Saurav  Singhania", "age": 35, "title": "Compliance Officer & Company Sec.", "yearBorn": 1985, "fiscalYear": 2020, "totalPay": 1004000, "exercisedValue": 0, "unexercisedValue": 0}, {"maxAge": 1, "name": "Ms. Alka Devi Bangur", "age": 66, "title": "MD & Director", "yearBorn": 1954, "fiscalYear": 2020, "totalPay": 4208000, "exercisedValue": 0, "unexercisedValue": 0}, {"maxAge": 1, "name": "Mr. Shreeyash  Bangur", "age": 40, "title": "Deputy MD & Director", "yearBorn": 1980, "fiscalYear": 2020, "totalPay": 2724000, "exercisedValue": 0, "unexercisedValue": 0}, {"maxAge": 1, "name": "Mr. Rohan  Jhawar", "age": 37, "title": "Principal Exec. Officer", "yearBorn": 1983, "exercisedValue": 0, "unexercisedValue": 0}, {"maxAge": 1, "name": "Mr. J. Prabhakar Reddy", "age": 52, "title": "Gen. Mang. of Legal", "yearBorn": 1968, "exercisedValue": 0, "unexercisedValue": 0}, {"maxAge": 1, "name": "Mr. A. D. Varghese", "age": 53, "title": "Mang. of Sales & Marketing", "yearBorn": 1967, "exercisedValue": 0, "unexercisedValue": 0}], "compensationAsOfEpochDate": "2020-12-31 05:30:00", "maxAge": 86400}, "cashflowStatementHistory": {"cashflowStatements": [{"maxAge": 1, "endDate": "2020-03-31", "netIncome": -36174000, "depreciation": 42388000, "changeToNetincome": -22371000, "changeToAccountReceivables": 21495000, "changeToLiabilities": 3525000, "changeToInventory": -36388000, "changeToOperatingActivities": 35286000, "totalCashFromOperatingActivities": 7778000, "capitalExpenditures": -10511000, "investments": 182445000, "otherCashflowsFromInvestingActivities": -109842000, "totalCashflowsFromInvestingActivities": 63468000, "dividendsPaid": -2322000, "netBorrowings": -27830000, "otherCashflowsFromFinancingActivities": -25593000, "totalCashFromFinancingActivities": -55745000, "changeInCash": 15501000}, {"maxAge": 1, "endDate": "2019-03-31", "netIncome": 29322000, "depreciation": 34652000, "changeToNetincome": -77906000, "changeToAccountReceivables": -8438000, "changeToLiabilities": -17054000, "changeToInventory": -15407000, "changeToOperatingActivities": 27890000, "totalCashFromOperatingActivities": -26941000, "capitalExpenditures": -28397000, "investments": 87451000, "otherCashflowsFromInvestingActivities": -20113000, "totalCashflowsFromInvestingActivities": 39974000, "dividendsPaid": -2323000, "netBorrowings": -6901000, "otherCashflowsFromFinancingActivities": -20321000, "totalCashFromFinancingActivities": -29545000, "changeInCash": -16513000}, {"maxAge": 1, "endDate": "2018-03-31", "netIncome": 62732000, "depreciation": 25280000, "changeToNetincome": -75225000, "changeToAccountReceivables": 13504000, "changeToLiabilities": 30134000, "changeToInventory": -11094000, "changeToOperatingActivities": 17868000, "totalCashFromOperatingActivities": 63199000, "capitalExpenditures": -218450000, "investments": -3821000, "otherCashflowsFromInvestingActivities": 51248000, "totalCashflowsFromInvestingActivities": -169499000, "dividendsPaid": -3096000, "netBorrowings": 124577000, "otherCashflowsFromFinancingActivities": -7689000, "totalCashFromFinancingActivities": 113792000, "changeInCash": 7492000}, {"maxAge": 1, "endDate": "2017-03-31", "netIncome": 9981134, "depreciation": 22558225, "changeToNetincome": -2544146, "changeToAccountReceivables": -11527044, "changeToLiabilities": 5177908, "changeToInventory": 21582832, "changeToOperatingActivities": -83729105, "totalCashFromOperatingActivities": -38474622, "capitalExpenditures": -55264153, "investments": 135462520, "otherCashflowsFromInvestingActivities": -37658615, "totalCashflowsFromInvestingActivities": 43475996, "dividendsPaid": -2321909, "netBorrowings": 124577000, "otherCashflowsFromFinancingActivities": -7486797, "totalCashFromFinancingActivities": -9808706, "changeInCash": -4807331}], "maxAge": 86400}, "institutionOwnership": {"ownershipList": [], "maxAge": 1}, "majorHoldersBreakdown": {"maxAge": 1}, "balanceSheetHistoryQuarterly": {"balanceSheetStatements": [{"maxAge": 1, "endDate": "2020-12-31", "totalStockholderEquity": 1721748000, "netTangibleAssets": 1721706000}, {"maxAge": 1, "endDate": "2020-09-30", "cash": 13077000, "shortTermInvestments": 21674000, "netReceivables": 378351000, "inventory": 38110000, "totalCurrentAssets": 454289000, "longTermInvestments": 1127648000, "propertyPlantEquipment": 358038000, "intangibleAssets": 42000, "otherAssets": 55482000, "deferredLongTermAssetCharges": 46865000, "totalAssets": 1995499000, "accountsPayable": 48428000, "shortLongTermDebt": 15731000, "otherCurrentLiab": 20799000, "longTermDebt": 88678000, "otherLiab": 15801000, "totalCurrentLiabilities": 164331000, "totalLiab": 273751000, "commonStock": 30959000, "treasuryStock": 1690789000, "otherStockholderEquity": 1690789000, "totalStockholderEquity": 1721748000, "netTangibleAssets": 1721706000}, {"maxAge": 1, "endDate": "2020-06-30", "totalStockholderEquity": 1641380000, "netTangibleAssets": 1641338000}, {"maxAge": 1, "endDate": "2020-03-31", "cash": 21140000, "shortTermInvestments": 693000, "netReceivables": 256972000, "inventory": 97961000, "otherCurrentAssets": 3656000, "totalCurrentAssets": 381922000, "longTermInvestments": 1106132000, "propertyPlantEquipment": 374990000, "intangibleAssets": 42000, "otherAssets": 123893000, "deferredLongTermAssetCharges": 96940000, "totalAssets": 1986979000, "accountsPayable": 44233000, "shortLongTermDebt": 21714000, "otherCurrentLiab": 17473000, "longTermDebt": 103149000, "otherLiab": 12026000, "totalCurrentLiabilities": 225514000, "totalLiab": 345599000, "commonStock": 30959000, "retainedEarnings": 1266867000, "treasuryStock": 315580000, "capitalSurplus": 27974000, "otherStockholderEquity": 315580000, "totalStockholderEquity": 1641380000, "netTangibleAssets": 1641338000}], "maxAge": 86400}, "indexTrend": {"maxAge": 1, "symbol": "SP5", "peRatio": 19.7411, "pegRatio": 1.34172, "estimates": [{"period": "0q", "growth": 0.549}, {"period": "+1q", "growth": 0.431}, {"period": "0y", "growth": 0.305}, {"period": "+1y", "growth": 0.109}, {"period": "+5y", "growth": 0.120865}, {"period": "-5y"}]}, "defaultKeyStatistics": {"maxAge": 1, "priceHint": 2, "enterpriseValue": 799329856, "profitMargins": 0.06827, "floatShares": 1162146, "sharesOutstanding": 3095880, "beta": 1.881224, "category": null, "bookValue": 556.318, "priceToBook": 0.37739205, "fundFamily": null, "legalType": null, "lastFiscalYearEnd": "2020-03-31 05:30:00", "nextFiscalYearEnd": "2022-03-31 05:30:00", "mostRecentQuarter": "2020-12-31 05:30:00", "earningsQuarterlyGrowth": 1.998, "netIncomeToCommon": 46426000, "trailingEps": 15.001, "lastSplitFactor": null, "enterpriseToRevenue": 1.175, "enterpriseToEbitda": 3.465}, "summaryProfile": {"address1": "PANCHRATN", "address2": "286, Race Course Road", "city": "Coimbatore", "zip": "641018", "country": "India", "phone": "91 42 2222 1352", "fax": "91 42 2222 0380", "website": "http://www.periatea.com", "industry": "Farm Products", "sector": "Consumer Defensive", "longBusinessSummary": "The Peria Karamalai Tea and Produce Company Limited engages in the production and distribution of tea in India. The company operates through Tea, Investment, and Power segments. Its plantations cover approximately 6,000 acres of land located in the Anamalai Hills, Coimbatore District in Tamil Nadu. The company also generates and distributes power through solar and wind energy. In addition, it invests in financial instruments. The company was incorporated in 1913 and is headquartered in Coimbatore, India.", "fullTimeEmployees": 1547, "companyOfficers": [], "maxAge": 86400}, "netSharePurchaseActivity": {"maxAge": 1, "period": "6m", "buyInfoCount": 0, "buyInfoShares": 0, "sellInfoCount": 0, "netInfoCount": 0, "netInfoShares": 0, "totalInsiderShares": 0}, "quoteType": {"exchange": "NSI", "quoteType": "EQUITY", "symbol": "PKTEA.NS", "underlyingSymbol": "PKTEA.NS", "shortName": "PERIA KARAMALAI TE", "longName": "The Peria Karamalai Tea and Produce Company Limited", "firstTradeDateEpochUtc": "2010-06-30 09:15:00", "timeZoneFullName": "Asia/Kolkata", "timeZoneShortName": "IST", "uuid": "8cb609a4-3671-30aa-9b6a-a716b796cc1a", "gmtOffSetMilliseconds": 19800000, "maxAge": 1}, "incomeStatementHistory": {"incomeStatementHistory": [{"maxAge": 1, "endDate": "2020-03-31", "totalRevenue": 394300000, "costOfRevenue": 18436000, "grossProfit": 375864000, "researchDevelopment": {}, "sellingGeneralAdministrative": 250226000, "nonRecurring": {}, "otherOperatingExpenses": 78337000, "totalOperatingExpenses": 389404000, "operatingIncome": 4896000, "totalOtherIncomeExpenseNet": -22986000, "ebit": 4896000, "interestExpense": -25340000, "incomeBeforeTax": -18090000, "incomeTaxExpense": 18084000, "minorityInterest": {}, "netIncomeFromContinuingOps": -36174000, "discontinuedOperations": {}, "extraordinaryItems": {}, "effectOfAccountingCharges": {}, "otherItems": {}, "netIncome": -36174000, "netIncomeApplicableToCommonShares": -36174000}, {"maxAge": 1, "endDate": "2019-03-31", "totalRevenue": 493466000, "costOfRevenue": 61812000, "grossProfit": 431654000, "researchDevelopment": {}, "sellingGeneralAdministrative": 256644000, "nonRecurring": {}, "otherOperatingExpenses": 80644000, "totalOperatingExpenses": 433752000, "operatingIncome": 59714000, "totalOtherIncomeExpenseNet": -19027000, "ebit": 59714000, "interestExpense": -20784000, "incomeBeforeTax": 40687000, "incomeTaxExpense": 11365000, "minorityInterest": {}, "netIncomeFromContinuingOps": 29322000, "discontinuedOperations": {}, "extraordinaryItems": {}, "effectOfAccountingCharges": {}, "otherItems": {}, "netIncome": 29322000, "netIncomeApplicableToCommonShares": 29322000}, {"maxAge": 1, "endDate": "2018-03-31", "totalRevenue": 501061000, "costOfRevenue": 57657000, "grossProfit": 443404000, "researchDevelopment": {}, "sellingGeneralAdministrative": 262677000, "nonRecurring": {}, "otherOperatingExpenses": 84017000, "totalOperatingExpenses": 429631000, "operatingIncome": 71430000, "totalOtherIncomeExpenseNet": -6139000, "ebit": 71430000, "interestExpense": -7059000, "incomeBeforeTax": 65291000, "incomeTaxExpense": 2559000, "minorityInterest": {}, "netIncomeFromContinuingOps": 62732000, "discontinuedOperations": {}, "extraordinaryItems": {}, "effectOfAccountingCharges": {}, "otherItems": {}, "netIncome": 62732000, "netIncomeApplicableToCommonShares": 62732000}, {"maxAge": 1, "endDate": "2017-03-31", "totalRevenue": 455012454, "costOfRevenue": 82644741, "grossProfit": 372367713, "researchDevelopment": {}, "sellingGeneralAdministrative": 239201554, "nonRecurring": {}, "otherOperatingExpenses": 88123745, "totalOperatingExpenses": 432553839, "operatingIncome": 22458615, "totalOtherIncomeExpenseNet": -4870981, "ebit": 22458615, "interestExpense": -7014110, "incomeBeforeTax": 17587634, "incomeTaxExpense": 7606500, "minorityInterest": {}, "netIncomeFromContinuingOps": 9981134, "discontinuedOperations": {}, "extraordinaryItems": {}, "effectOfAccountingCharges": {}, "otherItems": {}, "netIncome": 9981134, "netIncomeApplicableToCommonShares": 9981134}], "maxAge": 86400}, "fundOwnership": {"ownershipList": [], "maxAge": 1}, "summaryDetail": {"maxAge": 1, "priceHint": 2, "previousClose": 202.0, "open": 210.8, "dayLow": 202.0, "dayHigh": 211.0, "regularMarketPreviousClose": 202.0, "regularMarketOpen": 210.8, "regularMarketDayLow": 202.0, "regularMarketDayHigh": 211.0, "dividendRate": 0.5, "dividendYield": 0.0023999999, "exDividendDate": "2020-09-18 05:30:00", "payoutRatio": 0.033299997, "beta": 1.881224, "trailingPE": 13.995733, "volume": 152, "regularMarketVolume": 152, "averageVolume": 1133, "averageVolume10days": 170, "averageDailyVolume10Day": 170, "bid": 0.0, "ask": 0.0, "bidSize": 0, "askSize": 0, "marketCap": 649979968, "fiftyTwoWeekLow": 78.0, "fiftyTwoWeekHigh": 250.1, "priceToSalesTrailing12Months": 0.95575446, "fiftyDayAverage": 219.20758, "twoHundredDayAverage": 202.07857, "trailingAnnualDividendRate": 0.5, "trailingAnnualDividendYield": 0.0024752475, "currency": "INR", "fromCurrency": null, "lastMarket": null, "algorithm": null, "tradeable": false}, "incomeStatementHistoryQuarterly": {"incomeStatementHistory": [{"maxAge": 1, "endDate": "2020-12-31", "totalRevenue": 173128000, "costOfRevenue": -11806000, "grossProfit": 184934000, "researchDevelopment": {}, "sellingGeneralAdministrative": 63583000, "nonRecurring": {}, "otherOperatingExpenses": 29029000, "totalOperatingExpenses": 91412000, "operatingIncome": 81716000, "totalOtherIncomeExpenseNet": -5823000, "ebit": 81716000, "interestExpense": -7015000, "incomeBeforeTax": 75893000, "incomeTaxExpense": 55335000, "minorityInterest": {}, "netIncomeFromContinuingOps": 20558000, "discontinuedOperations": {}, "extraordinaryItems": {}, "effectOfAccountingCharges": {}, "otherItems": {}, "netIncome": 20558000, "netIncomeApplicableToCommonShares": 20558000}, {"maxAge": 1, "endDate": "2020-09-30", "totalRevenue": 259556000, "costOfRevenue": 72162000, "grossProfit": 187394000, "researchDevelopment": {}, "sellingGeneralAdministrative": 62626000, "nonRecurring": {}, "otherOperatingExpenses": 27647000, "totalOperatingExpenses": 173256000, "operatingIncome": 86300000, "totalOtherIncomeExpenseNet": -4656000, "ebit": 86300000, "interestExpense": -5263000, "incomeBeforeTax": 81644000, "incomeTaxExpense": 50076000, "minorityInterest": {}, "netIncomeFromContinuingOps": 31568000, "discontinuedOperations": {}, "extraordinaryItems": {}, "effectOfAccountingCharges": {}, "otherItems": {}, "netIncome": 31568000, "netIncomeApplicableToCommonShares": 31568000}, {"maxAge": 1, "endDate": "2020-06-30", "totalRevenue": 163577000, "costOfRevenue": 8408000, "grossProfit": 155169000, "researchDevelopment": {}, "sellingGeneralAdministrative": 63764000, "nonRecurring": {}, "otherOperatingExpenses": 28796000, "totalOperatingExpenses": 111356000, "operatingIncome": 52221000, "totalOtherIncomeExpenseNet": -5401000, "ebit": 52221000, "interestExpense": -5787000, "incomeBeforeTax": 46820000, "incomeTaxExpense": 0, "minorityInterest": {}, "netIncomeFromContinuingOps": 46820000, "discontinuedOperations": {}, "extraordinaryItems": {}, "effectOfAccountingCharges": {}, "otherItems": {}, "netIncome": 46820000, "netIncomeApplicableToCommonShares": 46820000}, {"maxAge": 1, "endDate": "2020-03-31", "totalRevenue": 81169000, "costOfRevenue": 50111000, "grossProfit": 31058000, "researchDevelopment": {}, "sellingGeneralAdministrative": 59727000, "nonRecurring": {}, "otherOperatingExpenses": -14182000, "totalOperatingExpenses": 109572000, "operatingIncome": -28403000, "totalOtherIncomeExpenseNet": -5971000, "ebit": -28403000, "interestExpense": -8325000, "incomeBeforeTax": -34374000, "incomeTaxExpense": 18063000, "minorityInterest": {}, "netIncomeFromContinuingOps": -52437000, "discontinuedOperations": {}, "extraordinaryItems": {}, "effectOfAccountingCharges": {}, "otherItems": {}, "netIncome": -52437000, "netIncomeApplicableToCommonShares": -52437000}], "maxAge": 86400}, "cashflowStatementHistoryQuarterly": {"cashflowStatements": [{"maxAge": 1, "endDate": "2020-12-31", "netIncome": 20558000, "changeToLiabilities": 0}, {"maxAge": 1, "endDate": "2020-09-30", "netIncome": 31568000, "changeToLiabilities": 0}, {"maxAge": 1, "endDate": "2020-06-30", "netIncome": 46820000, "changeToLiabilities": 0}, {"maxAge": 1, "endDate": "2020-03-31", "netIncome": -52437000, "changeToLiabilities": 0}], "maxAge": 86400}, "insiderHolders": {"holders": [], "maxAge": 1}, "calendarEvents": {"maxAge": 1, "earnings": {"earningsDate": ["2020-08-18 05:30:S"]}, "exDividendDate": "2020-09-18 05:30:00"}, "upgradeDowngradeHistory": {"history": [], "maxAge": 86400}, "price": {"maxAge": 1, "regularMarketChangePercent": 0.03935642, "regularMarketChange": 7.949997, "regularMarketTime": "2021-04-30 15:23:44", "priceHint": 2, "regularMarketPrice": 209.95, "regularMarketDayHigh": 211.0, "regularMarketDayLow": 202.0, "regularMarketVolume": 152, "averageDailyVolume10Day": 170, "averageDailyVolume3Month": 1133, "regularMarketPreviousClose": 202.0, "regularMarketSource": "FREE_REALTIME", "regularMarketOpen": 210.8, "exchange": "NSI", "exchangeName": "NSE", "exchangeDataDelayedBy": 15, "marketState": "CLOSED", "quoteType": "EQUITY", "symbol": "PKTEA.NS", "underlyingSymbol": null, "shortName": "PERIA KARAMALAI TE", "longName": "The Peria Karamalai Tea and Produce Company Limited", "currency": "INR", "quoteSourceName": "Delayed Quote", "currencySymbol": "\u20b9", "fromCurrency": null, "lastMarket": null, "marketCap": 649979968}, "balanceSheetHistory": {"balanceSheetStatements": [{"maxAge": 1, "endDate": "2020-03-31", "cash": 21140000, "shortTermInvestments": 693000, "netReceivables": 256972000, "inventory": 97961000, "otherCurrentAssets": 3656000, "totalCurrentAssets": 381922000, "longTermInvestments": 1106132000, "propertyPlantEquipment": 374990000, "intangibleAssets": 42000, "otherAssets": 123893000, "deferredLongTermAssetCharges": 96940000, "totalAssets": 1986979000, "accountsPayable": 44233000, "shortLongTermDebt": 21714000, "otherCurrentLiab": 17473000, "longTermDebt": 103149000, "otherLiab": 12026000, "totalCurrentLiabilities": 225514000, "totalLiab": 345599000, "commonStock": 30959000, "retainedEarnings": 1266867000, "treasuryStock": 315580000, "capitalSurplus": 27974000, "otherStockholderEquity": 315580000, "totalStockholderEquity": 1641380000, "netTangibleAssets": 1641338000}, {"maxAge": 1, "endDate": "2019-03-31", "cash": 5638000, "shortTermInvestments": 563000, "netReceivables": 146269000, "inventory": 61573000, "otherCurrentAssets": 12729000, "totalCurrentAssets": 227939000, "longTermInvestments": 1281047000, "propertyPlantEquipment": 391331000, "intangibleAssets": 59000, "otherAssets": 130539000, "deferredLongTermAssetCharges": 102008000, "totalAssets": 2030915000, "accountsPayable": 40797000, "shortLongTermDebt": 11446000, "otherCurrentLiab": 24282000, "longTermDebt": 134775000, "otherLiab": 6054000, "totalCurrentLiabilities": 178404000, "totalLiab": 319233000, "commonStock": 30959000, "retainedEarnings": 1305840000, "treasuryStock": 346909000, "capitalSurplus": 27974000, "otherStockholderEquity": 346909000, "totalStockholderEquity": 1711682000, "netTangibleAssets": 1711623000}, {"maxAge": 1, "endDate": "2018-03-31", "cash": 22151000, "shortTermInvestments": 2044000, "netReceivables": 106337000, "inventory": 46166000, "otherCurrentAssets": 14988000, "totalCurrentAssets": 192921000, "longTermInvestments": 1302446000, "propertyPlantEquipment": 397624000, "intangibleAssets": 21000, "otherAssets": 95957000, "deferredLongTermAssetCharges": 63176000, "totalAssets": 1988969000, "accountsPayable": 56845000, "shortLongTermDebt": 11096000, "otherCurrentLiab": 15313000, "longTermDebt": 142026000, "totalCurrentLiabilities": 160524000, "totalLiab": 302550000, "commonStock": 30959000, "retainedEarnings": 1279319000, "treasuryStock": 348167000, "capitalSurplus": 27974000, "otherStockholderEquity": 348167000, "totalStockholderEquity": 1686419000, "netTangibleAssets": 1686398000}, {"maxAge": 1, "endDate": "2017-03-31", "cash": 14659087, "shortTermInvestments": 321331, "netReceivables": 140735494, "inventory": 35072155, "otherCurrentAssets": 15831309, "totalCurrentAssets": 210326785, "longTermInvestments": 896422094, "propertyPlantEquipment": 205726687, "intangibleAssets": 21603, "otherAssets": 105304338, "deferredLongTermAssetCharges": 63581158, "totalAssets": 1417801507, "accountsPayable": 53181560, "shortLongTermDebt": 5899909, "otherCurrentLiab": 4437457, "longTermDebt": 17448707, "totalCurrentLiabilities": 113846458, "totalLiab": 131295165, "commonStock": 30958790, "retainedEarnings": 928749124, "treasuryStock": 298824728, "capitalSurplus": 27973700, "otherStockholderEquity": 298824728, "totalStockholderEquity": 1286506342, "netTangibleAssets": 1286484739}], "maxAge": 86400}, "financialData": {"maxAge": 86400, "currentPrice": 209.95, "recommendationKey": "none", "totalCash": 34751000, "totalCashPerShare": 11.224, "ebitda": 230667744, "totalDebt": 184058000, "totalRevenue": 680070016, "debtToEquity": 10.69, "revenuePerShare": 219.748, "grossProfits": 375864000, "earningsGrowth": 2.005, "revenueGrowth": 0.568, "grossMargins": 0.82519996, "ebitdaMargins": 0.33918, "operatingMargins": 0.28596002, "profitMargins": 0.06827, "financialCurrency": "INR"}}}