{"PLASTIBLEN.BO": {"recommendationTrend": {"trend": [{"period": "0m", "strongBuy": 0, "buy": 0, "hold": 0, "sell": 0, "strongSell": 0}, {"period": "-1m", "strongBuy": 0, "buy": 0, "hold": 0, "sell": 0, "strongSell": 0}, {"period": "-2m", "strongBuy": 0, "buy": 0, "hold": 0, "sell": 0, "strongSell": 0}, {"period": "-3m", "strongBuy": 0, "buy": 0, "hold": 0, "sell": 0, "strongSell": 0}], "maxAge": 86400}, "cashflowStatementHistory": {"cashflowStatements": [{"maxAge": 1, "endDate": "2020-03-31", "netIncome": 371754000, "depreciation": 170133000, "changeToNetincome": 14061000, "changeToAccountReceivables": 299907000, "changeToLiabilities": 40995000, "changeToInventory": -181903000, "changeToOperatingActivities": 28578000, "totalCashFromOperatingActivities": 743893000, "capitalExpenditures": -206567000, "otherCashflowsFromInvestingActivities": 4280000, "totalCashflowsFromInvestingActivities": -202287000, "dividendsPaid": -203300000, "netBorrowings": -328580000, "otherCashflowsFromFinancingActivities": -14830000, "totalCashFromFinancingActivities": -546710000, "changeInCash": -5100000}, {"maxAge": 1, "endDate": "2019-03-31", "netIncome": 311671000, "depreciation": 117425000, "changeToNetincome": 29023000, "changeToAccountReceivables": -127045000, "changeToLiabilities": -124281000, "changeToInventory": 172348000, "changeToOperatingActivities": 210293000, "totalCashFromOperatingActivities": 589434000, "capitalExpenditures": -93238000, "investments": 6318000, "otherCashflowsFromInvestingActivities": 1808000, "totalCashflowsFromInvestingActivities": -82213000, "dividendsPaid": -77700000, "netBorrowings": -354230000, "otherCashflowsFromFinancingActivities": -81370000, "totalCashFromFinancingActivities": -513300000, "changeInCash": -6080000}, {"maxAge": 1, "endDate": "2018-03-31", "netIncome": 273152000, "depreciation": 114711000, "changeToNetincome": 51907000, "changeToAccountReceivables": -344740000, "changeToLiabilities": 50282000, "changeToInventory": 172348000, "changeToOperatingActivities": 210293000, "totalCashFromOperatingActivities": 147116000, "capitalExpenditures": -185828000, "investments": 3564000, "otherCashflowsFromInvestingActivities": 1655000, "totalCashflowsFromInvestingActivities": -170913000, "dividendsPaid": -39209000, "netBorrowings": 142202000, "otherCashflowsFromFinancingActivities": -76144000, "totalCashFromFinancingActivities": 26849000, "changeInCash": 3052000}, {"maxAge": 1, "endDate": "2017-03-31", "netIncome": 327059000, "depreciation": 105409000, "changeToNetincome": 125594000, "changeToAccountReceivables": -189262000, "changeToLiabilities": -117581000, "changeToInventory": 172348000, "changeToOperatingActivities": 210293000, "totalCashFromOperatingActivities": 252996000, "capitalExpenditures": -264342000, "investments": 6318000, "otherCashflowsFromInvestingActivities": 1000, "totalCashflowsFromInvestingActivities": -254498000, "dividendsPaid": -4491000, "netBorrowings": 84971000, "otherCashflowsFromFinancingActivities": -79837000, "totalCashFromFinancingActivities": -333000, "changeInCash": -1835000}], "maxAge": 86400}, "institutionOwnership": {"maxAge": 1, "ownershipList": []}, "balanceSheetHistoryQuarterly": {"balanceSheetStatements": [{"maxAge": 1, "endDate": "2020-06-30", "totalStockholderEquity": 2808971000, "netTangibleAssets": 2807637000}, {"maxAge": 1, "endDate": "2020-03-31", "cash": 5017000, "netReceivables": 1018114000, "inventory": 985884000, "otherCurrentAssets": 164740000, "totalCurrentAssets": 2185724000, "longTermInvestments": 38980000, "propertyPlantEquipment": 1805943000, "intangibleAssets": 1334000, "otherAssets": 56919000, "totalAssets": 4088900000, "accountsPayable": 197942000, "shortLongTermDebt": 80000000, "otherCurrentLiab": 223992000, "longTermDebt": 92500000, "otherLiab": 315755000, "totalCurrentLiabilities": 867275000, "totalLiab": 1279929000, "commonStock": 129946000, "retainedEarnings": 2644034000, "treasuryStock": 34991000, "otherStockholderEquity": 34991000, "totalStockholderEquity": 2808971000, "netTangibleAssets": 2807637000}, {"maxAge": 1, "endDate": "2019-12-31", "totalStockholderEquity": 2794443000, "netTangibleAssets": 2793401000}, {"maxAge": 1, "endDate": "2019-09-30", "cash": 30897000, "netReceivables": 1219763000, "inventory": 1038841000, "otherCurrentAssets": 167230000, "totalCurrentAssets": 2456731000, "longTermInvestments": 60142000, "propertyPlantEquipment": 1690608000, "intangibleAssets": 1042000, "otherAssets": 40139000, "totalAssets": 4248662000, "accountsPayable": 352418000, "otherCurrentLiab": 192062000, "longTermDebt": 132500000, "otherLiab": 344875000, "totalCurrentLiabilities": 976844000, "totalLiab": 1454219000, "commonStock": 129946000, "treasuryStock": 2664497000, "otherStockholderEquity": 2664497000, "totalStockholderEquity": 2794443000, "netTangibleAssets": 2793401000}], "maxAge": 86400}, "earningsHistory": {"history": [{"maxAge": 1, "epsActual": {}, "epsEstimate": {}, "epsDifference": {}, "surprisePercent": {}, "quarter": {}, "period": "-4q"}, {"maxAge": 1, "epsActual": {}, "epsEstimate": {}, "epsDifference": {}, "surprisePercent": {}, "quarter": {}, "period": "-3q"}, {"maxAge": 1, "epsActual": 6.98, "epsEstimate": 3.66, "epsDifference": 3.32, "surprisePercent": 0.90699995, "quarter": "2017-03-31", "period": "-2q"}, {"maxAge": 1, "epsActual": 6.29, "epsEstimate": 3.79, "epsDifference": 2.5, "surprisePercent": 0.66, "quarter": "2017-06-30", "period": "-1q"}], "maxAge": 86400}, "indexTrend": {"maxAge": 1, "symbol": "SP5", "peRatio": 19.7411, "pegRatio": 1.34172, "estimates": [{"period": "0q", "growth": 0.549}, {"period": "+1q", "growth": 0.431}, {"period": "0y", "growth": 0.305}, {"period": "+1y", "growth": 0.109}, {"period": "+5y", "growth": 0.120865}, {"period": "-5y"}]}, "industryTrend": {"maxAge": 1, "symbol": null, "estimates": []}, "insiderTransactions": {"transactions": [{"maxAge": 1, "shares": 9267, "value": 24591, "filerUrl": "", "transactionText": "Acquisition at price 2.65 per share.", "filerName": "Kabra (Satyanarayan Gopilal)", "filerRelation": "Managing Director", "moneyText": "", "startDate": "2020-09-30", "ownership": "D"}, {"maxAge": 1, "shares": 3786, "value": 10110, "filerUrl": "", "transactionText": "Acquisition at price 2.67 per share.", "filerName": "Kabra (Jyoti V)", "filerRelation": "Additonal Director", "moneyText": "", "startDate": "2020-09-28", "ownership": "D"}, {"maxAge": 1, "shares": 6120, "value": 15402, "filerUrl": "", "transactionText": "Acquisition at price 2.52 per share.", "filerName": "Kabra (Jyoti V)", "filerRelation": "Promoter", "moneyText": "", "startDate": "2020-09-07", "ownership": "D"}, {"maxAge": 1, "shares": 6139, "value": 15931, "filerUrl": "", "transactionText": "Acquisition at price 2.60 per share.", "filerName": "Kabra (Jyoti V)", "filerRelation": "Additonal Director", "moneyText": "", "startDate": "2020-08-28", "ownership": "D"}, {"maxAge": 1, "shares": 7000, "value": 17859, "filerUrl": "", "transactionText": "Acquisition at price 2.55 per share.", "filerName": "Kabra (Varun Satyanarayan)", "filerRelation": "Director", "moneyText": "", "startDate": "2020-08-25", "ownership": "D"}, {"maxAge": 1, "shares": 8896, "value": 21981, "filerUrl": "", "transactionText": "Acquisition at price 2.47 per share.", "filerName": "Kabra (Varun Satyanarayan)", "filerRelation": "Director", "moneyText": "", "startDate": "2020-08-19", "ownership": "D"}, {"maxAge": 1, "shares": 10379, "value": 24440, "filerUrl": "", "transactionText": "Acquisition at price 2.35 per share.", "filerName": "Kabra (Varun Satyanarayan)", "filerRelation": "Managing Director", "moneyText": "", "startDate": "2020-08-14", "ownership": "D"}, {"maxAge": 1, "shares": 10259, "filerUrl": "", "transactionText": "", "filerName": "Kabra (Varun Satyanarayan)", "filerRelation": "Director", "moneyText": "", "startDate": "2020-03-19", "ownership": "D"}, {"maxAge": 1, "shares": 6251, "filerUrl": "", "transactionText": "", "filerName": "Kabra (Varun Satyanarayan)", "filerRelation": "Director", "moneyText": "", "startDate": "2020-03-04", "ownership": "D"}, {"maxAge": 1, "shares": 5701, "filerUrl": "", "transactionText": "", "filerName": "Kabra (Varun Satyanarayan)", "filerRelation": "Director", "moneyText": "", "startDate": "2020-02-17", "ownership": "D"}, {"maxAge": 1, "shares": 5186, "filerUrl": "", "transactionText": "", "filerName": "Kabra (Varun Satyanarayan)", "filerRelation": "Director", "moneyText": "", "startDate": "2020-02-10", "ownership": "D"}, {"maxAge": 1, "shares": 6773, "filerUrl": "", "transactionText": "", "filerName": "Kabra (Varun Satyanarayan)", "filerRelation": "Director", "moneyText": "", "startDate": "2020-02-05", "ownership": "D"}, {"maxAge": 1, "shares": 5932, "filerUrl": "", "transactionText": "", "filerName": "Kabra (Varun Satyanarayan)", "filerRelation": "Director", "moneyText": "", "startDate": "2020-01-31", "ownership": "D"}, {"maxAge": 1, "shares": 5260, "filerUrl": "", "transactionText": "", "filerName": "Kabra (Varun Satyanarayan)", "filerRelation": "Director", "moneyText": "", "startDate": "2020-01-28", "ownership": "D"}, {"maxAge": 1, "shares": 5620, "filerUrl": "", "transactionText": "", "filerName": "Kabra (Varun Satyanarayan)", "filerRelation": "Director", "moneyText": "", "startDate": "2020-01-24", "ownership": "D"}, {"maxAge": 1, "shares": 6966, "filerUrl": "", "transactionText": "", "filerName": "Kabra (Varun Satyanarayan)", "filerRelation": "Director", "moneyText": "", "startDate": "2020-01-22", "ownership": "D"}, {"maxAge": 1, "shares": 8893, "filerUrl": "", "transactionText": "", "filerName": "Kabra (Varun Satyanarayan)", "filerRelation": "Managing Director", "moneyText": "", "startDate": "2019-12-31", "ownership": "D"}, {"maxAge": 1, "shares": 7000, "filerUrl": "", "transactionText": "", "filerName": "Kabra (Varun Satyanarayan)", "filerRelation": "Managing Director", "moneyText": "", "startDate": "2019-12-26", "ownership": "D"}, {"maxAge": 1, "shares": 6000, "filerUrl": "", "transactionText": "", "filerName": "Kabra (Varun Satyanarayan)", "filerRelation": "Managing Director", "moneyText": "", "startDate": "2019-12-20", "ownership": "D"}, {"maxAge": 1, "shares": 7468, "filerUrl": "", "transactionText": "", "filerName": "Kabra (Varun Satyanarayan)", "filerRelation": "Managing Director", "moneyText": "", "startDate": "2019-12-18", "ownership": "D"}, {"maxAge": 1, "shares": 6735, "filerUrl": "", "transactionText": "", "filerName": "Kabra (Varun Satyanarayan)", "filerRelation": "Managing Director", "moneyText": "", "startDate": "2019-12-10", "ownership": "D"}, {"maxAge": 1, "shares": 6249, "filerUrl": "", "transactionText": "", "filerName": "Kabra (Varun Satyanarayan)", "filerRelation": "Managing Director", "moneyText": "", "startDate": "2019-12-04", "ownership": "D"}, {"maxAge": 1, "shares": 6794, "filerUrl": "", "transactionText": "", "filerName": "Kabra (Varun Satyanarayan)", "filerRelation": "Managing Director", "moneyText": "", "startDate": "2019-11-29", "ownership": "D"}, {"maxAge": 1, "shares": 6544, "filerUrl": "", "transactionText": "", "filerName": "Kabra (Varun Satyanarayan)", "filerRelation": "Managing Director", "moneyText": "", "startDate": "2019-11-25", "ownership": "D"}, {"maxAge": 1, "shares": 849367, "filerUrl": "", "transactionText": "", "filerName": "Kabra (Varun Satyanarayan)", "filerRelation": "Managing Director", "moneyText": "", "startDate": "2019-09-18", "ownership": "D"}, {"maxAge": 1, "shares": 1557724, "filerUrl": "", "transactionText": "", "filerName": "Kolsite Corporation, L.L.P.", "filerRelation": "Promoter", "moneyText": "", "startDate": "2019-09-18", "ownership": "D"}, {"maxAge": 1, "shares": 9028, "filerUrl": "", "transactionText": "", "filerName": "Kabra (Varun Satyanarayan)", "filerRelation": "Managing Director", "moneyText": "", "startDate": "2019-08-30", "ownership": "D"}, {"maxAge": 1, "shares": 6009, "filerUrl": "", "transactionText": "", "filerName": "Kabra (Varun Satyanarayan)", "filerRelation": "Managing Director", "moneyText": "", "startDate": "2019-08-23", "ownership": "D"}, {"maxAge": 1, "shares": 11414, "filerUrl": "", "transactionText": "", "filerName": "Kabra (Varun Satyanarayan)", "filerRelation": "Managing Director", "moneyText": "", "startDate": "2019-08-16", "ownership": "D"}, {"maxAge": 1, "shares": 11798, "filerUrl": "", "transactionText": "", "filerName": "Kabra (Varun Satyanarayan)", "filerRelation": "Managing Director", "moneyText": "", "startDate": "2019-08-02", "ownership": "D"}, {"maxAge": 1, "shares": 5541, "filerUrl": "", "transactionText": "", "filerName": "Kabra (Varun Satyanarayan)", "filerRelation": "Managing Director", "moneyText": "", "startDate": "2019-06-28", "ownership": "D"}, {"maxAge": 1, "shares": 9000, "filerUrl": "", "transactionText": "", "filerName": "Kabra (Varun Satyanarayan)", "filerRelation": "Managing Director", "moneyText": "", "startDate": "2019-06-19", "ownership": "D"}, {"maxAge": 1, "shares": 6000, "filerUrl": "", "transactionText": "", "filerName": "Kabra (Varun Satyanarayan)", "filerRelation": "Managing Director", "moneyText": "", "startDate": "2019-06-10", "ownership": "D"}, {"maxAge": 1, "shares": 6000, "filerUrl": "", "transactionText": "", "filerName": "Kabra (Varun Satyanarayan)", "filerRelation": "Managing Director", "moneyText": "", "startDate": "2019-06-04", "ownership": "D"}, {"maxAge": 1, "shares": 11000, "filerUrl": "", "transactionText": "", "filerName": "Kabra (Varun Satyanarayan)", "filerRelation": "Managing Director", "moneyText": "", "startDate": "2019-05-24", "ownership": "D"}, {"maxAge": 1, "shares": 8444, "filerUrl": "", "transactionText": "", "filerName": "Kabra (Varun Satyanarayan)", "filerRelation": "Managing Director", "moneyText": "", "startDate": "2019-05-17", "ownership": "D"}, {"maxAge": 1, "shares": 5000, "filerUrl": "", "transactionText": "", "filerName": "Kabra (Varun Satyanarayan)", "filerRelation": "Managing Director", "moneyText": "", "startDate": "2019-04-02", "ownership": "D"}, {"maxAge": 1, "shares": 6000, "filerUrl": "", "transactionText": "", "filerName": "Kabra (Varun Satyanarayan)", "filerRelation": "Managing Director", "moneyText": "", "startDate": "2019-03-29", "ownership": "D"}, {"maxAge": 1, "shares": 11000, "filerUrl": "", "transactionText": "", "filerName": "Kabra (Varun Satyanarayan)", "filerRelation": "Managing Director", "moneyText": "", "startDate": "2019-03-19", "ownership": "D"}, {"maxAge": 1, "shares": 10000, "filerUrl": "", "transactionText": "", "filerName": "Kabra (Varun Satyanarayan)", "filerRelation": "Managing Director", "moneyText": "", "startDate": "2019-03-07", "ownership": "D"}, {"maxAge": 1, "shares": 9999, "filerUrl": "", "transactionText": "", "filerName": "Kabra (Varun Satyanarayan)", "filerRelation": "Managing Director", "moneyText": "", "startDate": "2019-02-19", "ownership": "D"}, {"maxAge": 1, "shares": 10001, "filerUrl": "", "transactionText": "", "filerName": "Kabra (Varun Satyanarayan)", "filerRelation": "Director", "moneyText": "", "startDate": "2019-02-12", "ownership": "D"}, {"maxAge": 1, "shares": 4371, "filerUrl": "", "transactionText": "", "filerName": "Kabra (Saritadevi Satyanarayan)", "filerRelation": "Promoter", "moneyText": "", "startDate": "2019-01-25", "ownership": "D"}, {"maxAge": 1, "shares": 5629, "filerUrl": "", "transactionText": "", "filerName": "Kabra (Saritadevi Satyanarayan)", "filerRelation": "Promoter", "moneyText": "", "startDate": "2019-01-03", "ownership": "D"}, {"maxAge": 1, "shares": 7000, "filerUrl": "", "transactionText": "", "filerName": "Kabra (Saritadevi Satyanarayan)", "filerRelation": "Promoter", "moneyText": "", "startDate": "2018-12-19", "ownership": "D"}, {"maxAge": 1, "shares": 8000, "filerUrl": "", "transactionText": "", "filerName": "Kabra (Saritadevi Satyanarayan)", "filerRelation": "Promoter", "moneyText": "", "startDate": "2018-12-11", "ownership": "D"}, {"maxAge": 1, "shares": 5000, "filerUrl": "", "transactionText": "", "filerName": "Kabra (Saritadevi Satyanarayan)", "filerRelation": "Promoter", "moneyText": "", "startDate": "2018-12-04", "ownership": "D"}, {"maxAge": 1, "shares": 5000, "filerUrl": "", "transactionText": "", "filerName": "Kabra (Saritadevi Satyanarayan)", "filerRelation": "Promoter", "moneyText": "", "startDate": "2018-11-29", "ownership": "D"}, {"maxAge": 1, "shares": 2347952, "filerUrl": "", "transactionText": "", "filerName": "Kabra (Saritadevi Satyanarayan)", "filerRelation": "Promoter", "moneyText": "", "startDate": "2018-11-20", "ownership": "D"}, {"maxAge": 1, "shares": 2337952, "filerUrl": "", "transactionText": "", "filerName": "Kabra (Saritadevi Satyanarayan)", "filerRelation": "Promoter", "moneyText": "", "startDate": "2018-11-13", "ownership": "D"}, {"maxAge": 1, "shares": 1301696, "filerUrl": "", "transactionText": "", "filerName": "Kabra (Saritadevi Satyanarayan)", "filerRelation": "Promoter", "moneyText": "", "startDate": "2018-11-05", "ownership": "D"}, {"maxAge": 1, "shares": 12500, "filerUrl": "", "transactionText": "", "filerName": "Kabra (Satyanarayan Gopilal)", "filerRelation": "Vice Chairman", "moneyText": "", "startDate": "2018-10-24", "ownership": "D"}], "maxAge": 1}, "quoteType": {"exchange": "BSE", "quoteType": "EQUITY", "symbol": "PLASTIBLEN.BO", "underlyingSymbol": "PLASTIBLEN.BO", "shortName": "PLASTIBLENDS INDIA LTD.", "longName": "Plastiblends India Limited", "firstTradeDateEpochUtc": "2000-11-23 09:15:00", "timeZoneFullName": "Asia/Kolkata", "timeZoneShortName": "IST", "uuid": "6f79b9fb-4e7a-302e-892a-9d262511ef11", "messageBoardId": null, "gmtOffSetMilliseconds": 19800000, "maxAge": 1}, "incomeStatementHistory": {"incomeStatementHistory": [{"maxAge": 1, "endDate": "2020-03-31", "totalRevenue": 6058724000, "costOfRevenue": 4290563000, "grossProfit": 1768161000, "researchDevelopment": {}, "sellingGeneralAdministrative": 313206000, "nonRecurring": {}, "otherOperatingExpenses": 778851000, "totalOperatingExpenses": 5553121000, "operatingIncome": 505603000, "totalOtherIncomeExpenseNet": 9755000, "ebit": 505603000, "interestExpense": -14822000, "incomeBeforeTax": 515358000, "incomeTaxExpense": 143604000, "minorityInterest": {}, "netIncomeFromContinuingOps": 371754000, "discontinuedOperations": {}, "extraordinaryItems": {}, "effectOfAccountingCharges": {}, "otherItems": {}, "netIncome": 371754000, "netIncomeApplicableToCommonShares": 371754000}, {"maxAge": 1, "endDate": "2019-03-31", "totalRevenue": 6268539000, "costOfRevenue": 4808514000, "grossProfit": 1460025000, "researchDevelopment": {}, "sellingGeneralAdministrative": 310589000, "nonRecurring": {}, "otherOperatingExpenses": 544658000, "totalOperatingExpenses": 5781186000, "operatingIncome": 487353000, "totalOtherIncomeExpenseNet": -71281000, "ebit": 487353000, "interestExpense": -81366000, "incomeBeforeTax": 416072000, "incomeTaxExpense": 104401000, "minorityInterest": {}, "netIncomeFromContinuingOps": 311671000, "discontinuedOperations": {}, "extraordinaryItems": {}, "effectOfAccountingCharges": {}, "otherItems": {}, "netIncome": 311671000, "netIncomeApplicableToCommonShares": 311671000}, {"maxAge": 1, "endDate": "2018-03-31", "totalRevenue": 5678202000, "costOfRevenue": 4308367000, "grossProfit": 1369835000, "researchDevelopment": {}, "sellingGeneralAdministrative": 297276000, "nonRecurring": {}, "otherOperatingExpenses": 523542000, "totalOperatingExpenses": 5245700000, "operatingIncome": 432502000, "totalOtherIncomeExpenseNet": -52533000, "ebit": 432502000, "interestExpense": -76143000, "incomeBeforeTax": 379969000, "incomeTaxExpense": 106817000, "minorityInterest": {}, "netIncomeFromContinuingOps": 273152000, "discontinuedOperations": {}, "extraordinaryItems": {}, "effectOfAccountingCharges": {}, "otherItems": {}, "netIncome": 273152000, "netIncomeApplicableToCommonShares": 273152000}, {"maxAge": 1, "endDate": "2017-03-31", "totalRevenue": 5452666000, "costOfRevenue": 3995134000, "grossProfit": 1457532000, "researchDevelopment": {}, "sellingGeneralAdministrative": 286651000, "nonRecurring": {}, "otherOperatingExpenses": 531877000, "totalOperatingExpenses": 4920848000, "operatingIncome": 531818000, "totalOtherIncomeExpenseNet": -67199000, "ebit": 531818000, "interestExpense": -79836000, "incomeBeforeTax": 464619000, "incomeTaxExpense": 137560000, "minorityInterest": {}, "netIncomeFromContinuingOps": 327059000, "discontinuedOperations": {}, "extraordinaryItems": {}, "effectOfAccountingCharges": {}, "otherItems": {}, "netIncome": 327059000, "netIncomeApplicableToCommonShares": 327059000}], "maxAge": 86400}, "fundOwnership": {"maxAge": 1, "ownershipList": []}, "summaryDetail": {"maxAge": 1, "priceHint": 2, "previousClose": 234.0, "open": 230.0, "dayLow": 225.55, "dayHigh": 237.0, "regularMarketPreviousClose": 234.0, "regularMarketOpen": 230.0, "regularMarketDayLow": 225.55, "regularMarketDayHigh": 237.0, "trailingPE": 18.594805, "forwardPE": 15.861111, "volume": 621, "regularMarketVolume": 621, "averageVolume": 3857, "averageVolume10days": 1489, "averageDailyVolume10Day": 1489, "bid": 227.8, "ask": 234.8, "bidSize": 0, "askSize": 0, "marketCap": 5935932928, "fiftyTwoWeekLow": 96.05, "fiftyTwoWeekHigh": 280.4, "fiftyDayAverage": 249.14117, "twoHundredDayAverage": 218.15, "trailingAnnualDividendRate": 3.75, "trailingAnnualDividendYield": 0.016025642, "currency": "INR", "fromCurrency": null, "toCurrency": null, "lastMarket": null, "algorithm": null, "tradeable": false}, "sectorTrend": {"maxAge": 1, "symbol": null, "estimates": []}, "incomeStatementHistoryQuarterly": {"incomeStatementHistory": [{"maxAge": 1, "endDate": "2020-06-30", "totalRevenue": 1031675000, "costOfRevenue": 674002000, "grossProfit": 357673000, "researchDevelopment": {}, "sellingGeneralAdministrative": 76011000, "nonRecurring": {}, "otherOperatingExpenses": 151518000, "totalOperatingExpenses": 940407000, "operatingIncome": 91268000, "totalOtherIncomeExpenseNet": -4641000, "ebit": 91268000, "interestExpense": -12126000, "incomeBeforeTax": 86627000, "incomeTaxExpense": 24368000, "minorityInterest": {}, "netIncomeFromContinuingOps": 62259000, "discontinuedOperations": {}, "extraordinaryItems": {}, "effectOfAccountingCharges": {}, "otherItems": {}, "netIncome": 62259000, "netIncomeApplicableToCommonShares": 62259000}, {"maxAge": 1, "endDate": "2020-03-31", "totalRevenue": 1405548000, "costOfRevenue": 866938000, "grossProfit": 538610000, "researchDevelopment": {}, "sellingGeneralAdministrative": 90188000, "nonRecurring": {}, "otherOperatingExpenses": 335636000, "totalOperatingExpenses": 1333014000, "operatingIncome": 72534000, "totalOtherIncomeExpenseNet": 2268000, "ebit": 72534000, "interestExpense": -11559000, "incomeBeforeTax": 74802000, "incomeTaxExpense": 25159000, "minorityInterest": {}, "netIncomeFromContinuingOps": 49643000, "discontinuedOperations": {}, "extraordinaryItems": {}, "effectOfAccountingCharges": {}, "otherItems": {}, "netIncome": 49643000, "netIncomeApplicableToCommonShares": 49643000}, {"maxAge": 1, "endDate": "2019-12-31", "totalRevenue": 1447207000, "costOfRevenue": 1054255000, "grossProfit": 392952000, "researchDevelopment": {}, "sellingGeneralAdministrative": 79791000, "nonRecurring": {}, "otherOperatingExpenses": 101638000, "totalOperatingExpenses": 1306246000, "operatingIncome": 140961000, "totalOtherIncomeExpenseNet": -697000, "ebit": 140961000, "interestExpense": -3303000, "incomeBeforeTax": 140264000, "incomeTaxExpense": 26232000, "minorityInterest": {}, "netIncomeFromContinuingOps": 114032000, "discontinuedOperations": {}, "extraordinaryItems": {}, "effectOfAccountingCharges": {}, "otherItems": {}, "netIncome": 114032000, "netIncomeApplicableToCommonShares": 114032000}, {"maxAge": 1, "endDate": "2019-09-30", "totalRevenue": 1463759000, "costOfRevenue": 1077814000, "grossProfit": 385945000, "researchDevelopment": {}, "sellingGeneralAdministrative": 68421000, "nonRecurring": {}, "otherOperatingExpenses": 169593000, "totalOperatingExpenses": 1345791000, "operatingIncome": 117968000, "totalOtherIncomeExpenseNet": 16952000, "ebit": 117968000, "interestExpense": -3303000, "incomeBeforeTax": 134920000, "incomeTaxExpense": 41624000, "minorityInterest": {}, "netIncomeFromContinuingOps": 93296000, "discontinuedOperations": {}, "extraordinaryItems": {}, "effectOfAccountingCharges": {}, "otherItems": {}, "netIncome": 93296000, "netIncomeApplicableToCommonShares": 93296000}], "maxAge": 86400}, "cashflowStatementHistoryQuarterly": {"cashflowStatements": [{"maxAge": 1, "endDate": "2020-06-30", "netIncome": 62259000, "changeToLiabilities": 0}, {"maxAge": 1, "endDate": "2020-03-31", "netIncome": 49643000, "changeToLiabilities": 0}, {"maxAge": 1, "endDate": "2019-12-31", "netIncome": 114032000, "changeToLiabilities": 0}, {"maxAge": 1, "endDate": "2019-09-30", "netIncome": 93296000, "changeToLiabilities": 0}], "maxAge": 86400}, "insiderHolders": {"holders": [{"maxAge": 1, "name": "Kabra (Jyoti V)", "relation": "Additonal Director", "url": "", "transactionDescription": "Acquisition", "latestTransDate": "2020-09-28", "positionDirect": 132130, "positionDirectDate": "2020-09-28"}, {"maxAge": 1, "name": "Kabra (Saritadevi Satyanarayan)", "relation": "Promoter", "url": "", "transactionDescription": "Acquisition", "latestTransDate": "2019-01-25", "positionDirect": 2643392, "positionDirectDate": "2019-01-25"}, {"maxAge": 1, "name": "Kabra (Satyanarayan Gopilal)", "relation": "Managing Director", "url": "", "transactionDescription": "Acquisition", "latestTransDate": "2020-09-30", "positionDirect": 3211623, "positionDirectDate": "2020-09-30"}, {"maxAge": 1, "name": "Kabra (Varun Satyanarayan)", "relation": "Director", "url": "", "transactionDescription": "Acquisition", "latestTransDate": "2020-08-25", "positionDirect": 5360831, "positionDirectDate": "2020-08-25"}, {"maxAge": 1, "name": "Kolsite Corporation, L.L.P.", "relation": "Promoter", "url": "", "transactionDescription": "Sale", "latestTransDate": "2019-09-18", "positionDirect": 3963848, "positionDirectDate": "2019-09-18"}], "maxAge": 1}, "earnings": {"maxAge": 86400, "earningsChart": {"quarterly": [{"date": "1Q2017", "actual": 6.98, "estimate": 3.66}, {"date": "2Q2017", "actual": 6.29, "estimate": 3.79}], "currentQuarterEstimateDate": "3Q", "currentQuarterEstimateYear": 2017, "earningsDate": []}, "financialsChart": {"yearly": [{"date": 2017, "revenue": 5452666000, "earnings": 327059000}, {"date": 2018, "revenue": 5678202000, "earnings": 273152000}, {"date": 2019, "revenue": 6268539000, "earnings": 311671000}, {"date": 2020, "revenue": 6058724000, "earnings": 371754000}], "quarterly": [{"date": "3Q2019", "revenue": 1463759000, "earnings": 93296000}, {"date": "4Q2019", "revenue": 1447207000, "earnings": 114032000}, {"date": "1Q2020", "revenue": 1405548000, "earnings": 49643000}, {"date": "2Q2020", "revenue": 1031675000, "earnings": 62259000}]}, "financialCurrency": "INR"}, "calendarEvents": {"maxAge": 1, "earnings": {"earningsDate": [], "revenueAverage": 1447650000}}, "price": {"maxAge": 1, "regularMarketChangePercent": -0.02393165, "regularMarketChange": -5.600006, "regularMarketTime": "2021-04-30 15:16:59", "priceHint": 2, "regularMarketPrice": 228.4, "regularMarketDayHigh": 237.0, "regularMarketDayLow": 225.55, "regularMarketVolume": 621, "averageDailyVolume10Day": 1489, "averageDailyVolume3Month": 3857, "regularMarketPreviousClose": 234.0, "regularMarketSource": "FREE_REALTIME", "regularMarketOpen": 230.0, "exchange": "BSE", "exchangeName": "BSE", "exchangeDataDelayedBy": 0, "marketState": "CLOSED", "quoteType": "EQUITY", "symbol": "PLASTIBLEN.BO", "underlyingSymbol": null, "shortName": "PLASTIBLENDS INDIA LTD.", "longName": "Plastiblends India Limited", "currency": "INR", "quoteSourceName": "Delayed Quote", "currencySymbol": "\u20b9", "fromCurrency": null, "toCurrency": null, "lastMarket": null, "marketCap": 5935932928}, "balanceSheetHistory": {"balanceSheetStatements": [{"maxAge": 1, "endDate": "2020-03-31", "cash": 5017000, "netReceivables": 1018114000, "inventory": 985884000, "otherCurrentAssets": 164740000, "totalCurrentAssets": 2185724000, "longTermInvestments": 38980000, "propertyPlantEquipment": 1805943000, "intangibleAssets": 1334000, "otherAssets": 56919000, "totalAssets": 4088900000, "accountsPayable": 197942000, "shortLongTermDebt": 80000000, "otherCurrentLiab": 223992000, "longTermDebt": 92500000, "otherLiab": 315755000, "totalCurrentLiabilities": 867275000, "totalLiab": 1279929000, "commonStock": 129946000, "retainedEarnings": 2644034000, "treasuryStock": 34991000, "otherStockholderEquity": 34991000, "totalStockholderEquity": 2808971000, "netTangibleAssets": 2807637000}, {"maxAge": 1, "endDate": "2019-03-31", "cash": 10121000, "shortTermInvestments": 8734000, "netReceivables": 1335938000, "inventory": 803980000, "otherCurrentAssets": 133309000, "totalCurrentAssets": 2290457000, "longTermInvestments": 75127000, "propertyPlantEquipment": 1732593000, "intangibleAssets": 1251000, "otherAssets": 38951000, "totalAssets": 4138379000, "accountsPayable": 156946000, "shortLongTermDebt": 80000000, "otherCurrentLiab": 176382000, "longTermDebt": 172500000, "otherLiab": 322612000, "totalCurrentLiabilities": 956260000, "totalLiab": 1451372000, "commonStock": 129946000, "retainedEarnings": 2486203000, "treasuryStock": 70858000, "otherStockholderEquity": 70858000, "totalStockholderEquity": 2687007000, "netTangibleAssets": 2685756000}, {"maxAge": 1, "endDate": "2018-03-31", "cash": 16200000, "netReceivables": 1221039000, "inventory": 976329000, "otherCurrentAssets": 286159000, "totalCurrentAssets": 2507148000, "longTermInvestments": 106488000, "propertyPlantEquipment": 1758738000, "intangibleAssets": 2512000, "otherAssets": 37286000, "totalAssets": 4412172000, "accountsPayable": 277405000, "otherCurrentLiab": 148867000, "longTermDebt": 252500000, "otherLiab": 316444000, "totalCurrentLiabilities": 1363451000, "totalLiab": 1932395000, "commonStock": 129946000, "retainedEarnings": 2251717000, "treasuryStock": 98114000, "otherStockholderEquity": 98114000, "totalStockholderEquity": 2479777000, "netTangibleAssets": 2477265000}, {"maxAge": 1, "endDate": "2017-03-31", "cash": 13149000, "netReceivables": 1131311000, "inventory": 708382000, "otherCurrentAssets": 290948000, "totalCurrentAssets": 2151065000, "longTermInvestments": 103722000, "propertyPlantEquipment": 1691297000, "intangibleAssets": 3644000, "otherAssets": 37232000, "totalAssets": 3986960000, "accountsPayable": 230496000, "otherCurrentLiab": 155686000, "longTermDebt": 412597000, "otherLiab": 298348000, "totalCurrentLiabilities": 1040347000, "totalLiab": 1751292000, "commonStock": 64973000, "retainedEarnings": 2167672000, "treasuryStock": 3023000, "otherStockholderEquity": 3023000, "totalStockholderEquity": 2235668000, "netTangibleAssets": 2232024000}], "maxAge": 86400}, "earningsTrend": {"trend": [{"maxAge": 1, "period": "0q", "endDate": "2017-09-30", "growth": {}, "earningsEstimate": {"avg": 0.0, "low": 0.0, "high": 0.0, "yearAgoEps": {}, "numberOfAnalysts": 0, "growth": {}}, "revenueEstimate": {"avg": 1447650000, "low": 0, "high": 0, "numberOfAnalysts": 0, "yearAgoRevenue": {}, "growth": {}}, "epsTrend": {"current": 0.0, "7daysAgo": 0.0, "30daysAgo": 0.0, "60daysAgo": 0.0, "90daysAgo": 0.0}, "epsRevisions": {"upLast7days": 0, "upLast30days": 0, "downLast30days": 0, "downLast90days": {}}}, {"maxAge": 1, "period": "+1q", "endDate": "2017-12-31", "growth": {}, "earningsEstimate": {"avg": 0.0, "low": 0.0, "high": 0.0, "yearAgoEps": {}, "numberOfAnalysts": 0, "growth": {}}, "revenueEstimate": {"avg": 1409430000, "low": 0, "high": 0, "numberOfAnalysts": 0, "yearAgoRevenue": {}, "growth": {}}, "epsTrend": {"current": 0.0, "7daysAgo": 0.0, "30daysAgo": 0.0, "60daysAgo": 0.0, "90daysAgo": 0.0}, "epsRevisions": {"upLast7days": 0, "upLast30days": 0, "downLast30days": 0, "downLast90days": {}}}, {"maxAge": 1, "period": "0y", "endDate": "2018-03-31", "growth": {}, "earningsEstimate": {"avg": 0.0, "low": 0.0, "high": 0.0, "yearAgoEps": {}, "numberOfAnalysts": 0, "growth": {}}, "revenueEstimate": {"avg": 5823200000, "low": 6234600000, "high": 6234600000, "numberOfAnalysts": 1, "yearAgoRevenue": 5719820000, "growth": 0.018}, "epsTrend": {"current": 0.0, "7daysAgo": 15.27, "30daysAgo": 15.27, "60daysAgo": 15.27, "90daysAgo": 15.27}, "epsRevisions": {"upLast7days": 0, "upLast30days": 0, "downLast30days": 0, "downLast90days": {}}}, {"maxAge": 1, "period": "+1y", "endDate": "2019-03-31", "growth": {}, "earningsEstimate": {"avg": 0.0, "low": 0.0, "high": 0.0, "yearAgoEps": {}, "numberOfAnalysts": 0, "growth": {}}, "revenueEstimate": {"avg": 6442000000, "low": 6442000000, "high": 6442000000, "numberOfAnalysts": 1, "yearAgoRevenue": 5823200000, "growth": 0.106000006}, "epsTrend": {"current": 0.0, "7daysAgo": 14.4, "30daysAgo": 14.4, "60daysAgo": 14.4, "90daysAgo": 14.4}, "epsRevisions": {"upLast7days": 0, "upLast30days": 0, "downLast30days": 0, "downLast90days": {}}}, {"maxAge": 1, "period": "+5y", "endDate": null, "growth": {}, "earningsEstimate": {"avg": {}, "low": {}, "high": {}, "yearAgoEps": {}, "numberOfAnalysts": {}, "growth": {}}, "revenueEstimate": {"avg": {}, "low": {}, "high": {}, "numberOfAnalysts": {}, "yearAgoRevenue": {}, "growth": {}}, "epsTrend": {"current": {}, "7daysAgo": {}, "30daysAgo": {}, "60daysAgo": {}, "90daysAgo": {}}, "epsRevisions": {"upLast7days": {}, "upLast30days": {}, "downLast30days": {}, "downLast90days": {}}}, {"maxAge": 1, "period": "-5y", "endDate": null, "growth": {}, "earningsEstimate": {"avg": {}, "low": {}, "high": {}, "yearAgoEps": {}, "numberOfAnalysts": {}, "growth": {}}, "revenueEstimate": {"avg": {}, "low": {}, "high": {}, "numberOfAnalysts": {}, "yearAgoRevenue": {}, "growth": {}}, "epsTrend": {"current": {}, "7daysAgo": {}, "30daysAgo": {}, "60daysAgo": {}, "90daysAgo": {}}, "epsRevisions": {"upLast7days": {}, "upLast30days": {}, "downLast30days": {}, "downLast90days": {}}}], "maxAge": 1}, "financialData": {"maxAge": 86400, "currentPrice": 228.4, "targetHighPrice": 280.0, "targetLowPrice": 280.0, "targetMeanPrice": 280.0, "targetMedianPrice": 280.0, "recommendationKey": "none", "numberOfAnalystOpinions": 1, "grossProfits": 1768161000, "financialCurrency": "INR"}}}