{"PMCFIN.BO": {"recommendationTrend": {"trend": [{"period": "0m", "strongBuy": 0, "buy": 0, "hold": 0, "sell": 0, "strongSell": 0}, {"period": "-1m", "strongBuy": 0, "buy": 0, "hold": 0, "sell": 0, "strongSell": 0}, {"period": "-2m", "strongBuy": 0, "buy": 0, "hold": 0, "sell": 0, "strongSell": 0}, {"period": "-3m", "strongBuy": 0, "buy": 0, "hold": 0, "sell": 0, "strongSell": 0}], "maxAge": 86400}, "cashflowStatementHistory": {"cashflowStatements": [{"maxAge": 1, "endDate": "2020-03-31", "netIncome": 14355000, "depreciation": 246000, "changeToNetincome": -31015000, "changeToLiabilities": 348000, "changeToOperatingActivities": 34719000, "totalCashFromOperatingActivities": 18653000, "capitalExpenditures": -23000, "investments": 21469000, "totalCashflowsFromInvestingActivities": 21446000, "netBorrowings": -39950000, "totalCashFromFinancingActivities": -39950000, "changeInCash": 149000}, {"maxAge": 1, "endDate": "2019-03-31", "netIncome": 15937000, "depreciation": 345000, "changeToNetincome": -1000, "changeToLiabilities": 632000, "changeToOperatingActivities": -16601000, "totalCashFromOperatingActivities": 313000, "capitalExpenditures": -23000, "investments": 21469000, "totalCashflowsFromInvestingActivities": 21446000, "netBorrowings": -39950000, "totalCashFromFinancingActivities": -39950000, "changeInCash": 313000}, {"maxAge": 1, "endDate": "2018-03-31", "netIncome": 10134917, "depreciation": 534470, "changeToNetincome": -1000, "changeToLiabilities": -39866793, "changeToInventory": 7735652, "changeToOperatingActivities": -72474787, "totalCashFromOperatingActivities": -93936541, "capitalExpenditures": -51250, "investments": 32046590, "totalCashflowsFromInvestingActivities": 31995340, "netBorrowings": -39950000, "totalCashFromFinancingActivities": 59062500, "changeInCash": -2878701, "issuanceOfStock": 59062500}, {"maxAge": 1, "endDate": "2017-03-31", "netIncome": 7215884, "depreciation": 748920, "changeToNetincome": -1000, "changeToLiabilities": -3669125, "changeToInventory": -3690507, "changeToOperatingActivities": 12701907, "totalCashFromOperatingActivities": 13307079, "capitalExpenditures": -161546, "investments": -39174722, "totalCashflowsFromInvestingActivities": -39336268, "netBorrowings": -39950000, "otherCashflowsFromFinancingActivities": 19687500, "totalCashFromFinancingActivities": 19687500, "changeInCash": -6341689, "issuanceOfStock": 59062500}], "maxAge": 86400}, "institutionOwnership": {"maxAge": 1, "ownershipList": []}, "balanceSheetHistoryQuarterly": {"balanceSheetStatements": [{"maxAge": 1, "endDate": "2020-06-30", "totalStockholderEquity": 699397000, "netTangibleAssets": 699396000}, {"maxAge": 1, "endDate": "2020-03-31", "cash": 582000, "netReceivables": 722396000, "otherCurrentAssets": 3753000, "totalCurrentAssets": 736863000, "longTermInvestments": 80746000, "propertyPlantEquipment": 614000, "intangibleAssets": 1000, "otherAssets": 364000, "deferredLongTermAssetCharges": 364000, "totalAssets": 818588000, "accountsPayable": 1174000, "otherCurrentLiab": 9050000, "otherLiab": 2859000, "totalCurrentLiabilities": 116332000, "totalLiab": 119191000, "commonStock": 509061000, "retainedEarnings": 128982000, "capitalSurplus": 61354000, "totalStockholderEquity": 699397000, "netTangibleAssets": 699396000}, {"maxAge": 1, "endDate": "2019-12-31", "totalStockholderEquity": 685951000, "netTangibleAssets": 685951000}, {"maxAge": 1, "endDate": "2019-09-30", "cash": -3000, "netReceivables": 773243000, "inventory": 2026000, "totalCurrentAssets": 775266000, "longTermInvestments": 90597000, "propertyPlantEquipment": 759000, "otherAssets": 366000, "deferredLongTermAssetCharges": 366000, "totalAssets": 866988000, "otherCurrentLiab": 6142000, "otherLiab": 22293000, "totalCurrentLiabilities": 158744000, "totalLiab": 181037000, "commonStock": 509061000, "treasuryStock": 176890000, "otherStockholderEquity": 176890000, "totalStockholderEquity": 685951000, "netTangibleAssets": 685951000}], "maxAge": 86400}, "earningsHistory": {"history": [{"maxAge": 1, "epsActual": {}, "epsEstimate": {}, "epsDifference": {}, "surprisePercent": {}, "quarter": {}, "period": "-4q"}, {"maxAge": 1, "epsActual": {}, "epsEstimate": {}, "epsDifference": {}, "surprisePercent": {}, "quarter": {}, "period": "-3q"}, {"maxAge": 1, "epsActual": {}, "epsEstimate": {}, "epsDifference": {}, "surprisePercent": {}, "quarter": {}, "period": "-2q"}, {"maxAge": 1, "epsActual": {}, "epsEstimate": {}, "epsDifference": {}, "surprisePercent": {}, "quarter": {}, "period": "-1q"}], "maxAge": 86400}, "indexTrend": {"maxAge": 1, "symbol": "SP5", "peRatio": 19.7411, "pegRatio": 1.34172, "estimates": [{"period": "0q", "growth": 0.549}, {"period": "+1q", "growth": 0.431}, {"period": "0y", "growth": 0.305}, {"period": "+1y", "growth": 0.109}, {"period": "+5y", "growth": 0.120859005}, {"period": "-5y"}]}, "industryTrend": {"maxAge": 1, "symbol": null, "estimates": []}, "insiderTransactions": {"transactions": [{"maxAge": 1, "shares": 2208600, "filerUrl": "", "transactionText": "", "filerName": "Devi (Puspa)", "filerRelation": "Promoter", "moneyText": "", "startDate": "2019-02-05", "ownership": "D"}], "maxAge": 1}, "quoteType": {"exchange": "BSE", "quoteType": "EQUITY", "symbol": "PMCFIN.BO", "underlyingSymbol": "PMCFIN.BO", "shortName": "PMC FINCORP LIMITED", "longName": "PMC Fincorp Limited", "firstTradeDateEpochUtc": "2012-03-13 09:15:00", "timeZoneFullName": "Asia/Kolkata", "timeZoneShortName": "IST", "uuid": "cbf0c487-8a66-374e-ba1b-48ad80e2b321", "messageBoardId": null, "gmtOffSetMilliseconds": 19800000, "maxAge": 1}, "incomeStatementHistory": {"incomeStatementHistory": [{"maxAge": 1, "endDate": "2020-03-31", "totalRevenue": 89179000, "costOfRevenue": 3421000, "grossProfit": 85758000, "researchDevelopment": {}, "sellingGeneralAdministrative": 24654000, "nonRecurring": {}, "otherOperatingExpenses": {}, "totalOperatingExpenses": 69999000, "operatingIncome": 19180000, "totalOtherIncomeExpenseNet": -2000, "ebit": 0, "interestExpense": {}, "incomeBeforeTax": 19178000, "incomeTaxExpense": 4823000, "minorityInterest": {}, "netIncomeFromContinuingOps": 14355000, "discontinuedOperations": {}, "extraordinaryItems": {}, "effectOfAccountingCharges": {}, "otherItems": {}, "netIncome": 14355000, "netIncomeApplicableToCommonShares": 14355000}, {"maxAge": 1, "endDate": "2019-03-31", "totalRevenue": 76203000, "costOfRevenue": 42431000, "grossProfit": 33772000, "researchDevelopment": {}, "sellingGeneralAdministrative": 11375000, "nonRecurring": {}, "otherOperatingExpenses": {}, "totalOperatingExpenses": 54151000, "operatingIncome": 22052000, "totalOtherIncomeExpenseNet": 0, "ebit": 0, "interestExpense": {}, "incomeBeforeTax": 22052000, "incomeTaxExpense": 6115000, "minorityInterest": {}, "netIncomeFromContinuingOps": 15937000, "discontinuedOperations": {}, "extraordinaryItems": {}, "effectOfAccountingCharges": {}, "otherItems": {}, "netIncome": 15937000, "netIncomeApplicableToCommonShares": 15937000}, {"maxAge": 1, "endDate": "2018-03-31", "totalRevenue": 34330485, "costOfRevenue": 7736316, "grossProfit": 26594169, "researchDevelopment": {}, "sellingGeneralAdministrative": 11866862, "nonRecurring": {}, "otherOperatingExpenses": {}, "totalOperatingExpenses": 20137648, "operatingIncome": 14192837, "totalOtherIncomeExpenseNet": -1, "ebit": 0, "interestExpense": {}, "incomeBeforeTax": 14192836, "incomeTaxExpense": 4057919, "minorityInterest": {}, "netIncomeFromContinuingOps": 10134917, "discontinuedOperations": {}, "extraordinaryItems": {}, "effectOfAccountingCharges": {}, "otherItems": {}, "netIncome": 10134917, "netIncomeApplicableToCommonShares": 10134917}, {"maxAge": 1, "endDate": "2017-03-31", "totalRevenue": 37819956, "costOfRevenue": 10369493, "grossProfit": 27450463, "researchDevelopment": {}, "sellingGeneralAdministrative": 15829522, "nonRecurring": {}, "otherOperatingExpenses": {}, "totalOperatingExpenses": 26947935, "operatingIncome": 10872021, "totalOtherIncomeExpenseNet": -1, "ebit": 0, "interestExpense": {}, "incomeBeforeTax": 10872020, "incomeTaxExpense": 3656136, "minorityInterest": {}, "netIncomeFromContinuingOps": 7215884, "discontinuedOperations": {}, "extraordinaryItems": {}, "effectOfAccountingCharges": {}, "otherItems": {}, "netIncome": 7215884, "netIncomeApplicableToCommonShares": 7215884}], "maxAge": 86400}, "fundOwnership": {"maxAge": 1, "ownershipList": []}, "summaryDetail": {"maxAge": 1, "priceHint": 4, "previousClose": 1.15, "open": 1.16, "dayLow": 1.11, "dayHigh": 1.2, "regularMarketPreviousClose": 1.15, "regularMarketOpen": 1.16, "regularMarketDayLow": 1.11, "regularMarketDayHigh": 1.2, "trailingPE": 56.190475, "volume": 3797734, "regularMarketVolume": 3797734, "averageVolume": 2196347, "averageVolume10days": 1319287, "averageDailyVolume10Day": 1319287, "bid": 1.16, "ask": 1.18, "bidSize": 0, "askSize": 0, "marketCap": 600691968, "fiftyTwoWeekLow": 0.19, "fiftyTwoWeekHigh": 1.2, "fiftyDayAverage": 0.63771427, "twoHundredDayAverage": 0.4418978, "currency": "INR", "fromCurrency": null, "toCurrency": null, "lastMarket": null, "algorithm": null, "tradeable": false}, "sectorTrend": {"maxAge": 1, "symbol": null, "estimates": []}, "incomeStatementHistoryQuarterly": {"incomeStatementHistory": [{"maxAge": 1, "endDate": "2020-06-30", "totalRevenue": 7421000, "costOfRevenue": 0, "grossProfit": 7421000, "researchDevelopment": {}, "sellingGeneralAdministrative": 1062000, "nonRecurring": {}, "otherOperatingExpenses": 1228000, "totalOperatingExpenses": 2352000, "operatingIncome": 5069000, "totalOtherIncomeExpenseNet": -1000, "ebit": 0, "interestExpense": {}, "incomeBeforeTax": 5068000, "incomeTaxExpense": 0, "minorityInterest": {}, "netIncomeFromContinuingOps": 5068000, "discontinuedOperations": {}, "extraordinaryItems": {}, "effectOfAccountingCharges": {}, "otherItems": {}, "netIncome": 5068000, "netIncomeApplicableToCommonShares": 5068000}, {"maxAge": 1, "endDate": "2020-03-31", "totalRevenue": 60879000, "costOfRevenue": 0, "grossProfit": 60879000, "researchDevelopment": {}, "sellingGeneralAdministrative": 20296000, "nonRecurring": {}, "otherOperatingExpenses": -6351000, "totalOperatingExpenses": 55680000, "operatingIncome": 5199000, "totalOtherIncomeExpenseNet": -2000, "ebit": 0, "interestExpense": {}, "incomeBeforeTax": 5197000, "incomeTaxExpense": 4823000, "minorityInterest": {}, "netIncomeFromContinuingOps": 374000, "discontinuedOperations": {}, "extraordinaryItems": {}, "effectOfAccountingCharges": {}, "otherItems": {}, "netIncome": 374000, "netIncomeApplicableToCommonShares": 374000}, {"maxAge": 1, "endDate": "2019-12-31", "totalRevenue": 13686000, "costOfRevenue": 1813000, "grossProfit": 11873000, "researchDevelopment": {}, "sellingGeneralAdministrative": 1503000, "nonRecurring": {}, "otherOperatingExpenses": 3425000, "totalOperatingExpenses": 6805000, "operatingIncome": 6881000, "totalOtherIncomeExpenseNet": 0, "ebit": 0, "interestExpense": {}, "incomeBeforeTax": 6881000, "incomeTaxExpense": 0, "minorityInterest": {}, "netIncomeFromContinuingOps": 6881000, "discontinuedOperations": {}, "extraordinaryItems": {}, "effectOfAccountingCharges": {}, "otherItems": {}, "netIncome": 6881000, "netIncomeApplicableToCommonShares": 6881000}, {"maxAge": 1, "endDate": "2019-09-30", "totalRevenue": 3114000, "costOfRevenue": 1607000, "grossProfit": 1507000, "researchDevelopment": {}, "sellingGeneralAdministrative": 1413000, "nonRecurring": {}, "otherOperatingExpenses": 1597000, "totalOperatingExpenses": 4681000, "operatingIncome": -1567000, "totalOtherIncomeExpenseNet": 0, "ebit": 0, "interestExpense": {}, "incomeBeforeTax": -1567000, "incomeTaxExpense": 0, "minorityInterest": {}, "netIncomeFromContinuingOps": -1567000, "discontinuedOperations": {}, "extraordinaryItems": {}, "effectOfAccountingCharges": {}, "otherItems": {}, "netIncome": -1567000, "netIncomeApplicableToCommonShares": -1567000}], "maxAge": 86400}, "cashflowStatementHistoryQuarterly": {"cashflowStatements": [{"maxAge": 1, "endDate": "2020-06-30", "netIncome": 5068000, "changeToLiabilities": 0}, {"maxAge": 1, "endDate": "2020-03-31", "netIncome": 374000, "changeToLiabilities": 0}, {"maxAge": 1, "endDate": "2019-12-31", "netIncome": 6881000, "changeToLiabilities": 0}, {"maxAge": 1, "endDate": "2019-09-30", "netIncome": -1567000, "changeToLiabilities": 0}], "maxAge": 86400}, "insiderHolders": {"holders": [{"maxAge": 1, "name": "Devi (Puspa)", "relation": "Promoter", "url": "", "transactionDescription": "Other", "latestTransDate": "2019-02-05", "positionDirect": 3828600, "positionDirectDate": "2019-02-05"}], "maxAge": 1}, "earnings": {"maxAge": 86400, "earningsChart": {"quarterly": [], "earningsDate": ["2020-09-12 05:30:S"]}, "financialsChart": {"yearly": [{"date": 2017, "revenue": 37819956, "earnings": 7215884}, {"date": 2018, "revenue": 34330485, "earnings": 10134917}, {"date": 2019, "revenue": 76203000, "earnings": 15937000}, {"date": 2020, "revenue": 89179000, "earnings": 14355000}], "quarterly": [{"date": "3Q2019", "revenue": 3114000, "earnings": -1567000}, {"date": "4Q2019", "revenue": 13686000, "earnings": 6881000}, {"date": "1Q2020", "revenue": 60879000, "earnings": 374000}, {"date": "2Q2020", "revenue": 7421000, "earnings": 5068000}]}, "financialCurrency": "INR"}, "calendarEvents": {"maxAge": 1, "earnings": {"earningsDate": ["2020-09-12 05:30:S"]}}, "price": {"maxAge": 1, "regularMarketChangePercent": 0.026086932, "regularMarketChange": 0.029999971, "regularMarketTime": "2021-04-30 15:57:39", "priceHint": 4, "regularMarketPrice": 1.18, "regularMarketDayHigh": 1.2, "regularMarketDayLow": 1.11, "regularMarketVolume": 3797734, "averageDailyVolume10Day": 1319287, "averageDailyVolume3Month": 2196347, "regularMarketPreviousClose": 1.15, "regularMarketSource": "FREE_REALTIME", "regularMarketOpen": 1.16, "exchange": "BSE", "exchangeName": "BSE", "exchangeDataDelayedBy": 0, "marketState": "CLOSED", "quoteType": "EQUITY", "symbol": "PMCFIN.BO", "underlyingSymbol": null, "shortName": "PMC FINCORP LIMITED", "longName": "PMC Fincorp Limited", "currency": "INR", "quoteSourceName": "Delayed Quote", "currencySymbol": "\u20b9", "fromCurrency": null, "toCurrency": null, "lastMarket": null, "marketCap": 600691968}, "balanceSheetHistory": {"balanceSheetStatements": [{"maxAge": 1, "endDate": "2020-03-31", "cash": 582000, "netReceivables": 722396000, "otherCurrentAssets": 3753000, "totalCurrentAssets": 736863000, "longTermInvestments": 80746000, "propertyPlantEquipment": 614000, "intangibleAssets": 1000, "otherAssets": 364000, "deferredLongTermAssetCharges": 364000, "totalAssets": 818588000, "accountsPayable": 1174000, "otherCurrentLiab": 9050000, "otherLiab": 2859000, "totalCurrentLiabilities": 116332000, "totalLiab": 119191000, "commonStock": 509061000, "retainedEarnings": 128982000, "capitalSurplus": 61354000, "totalStockholderEquity": 699397000, "netTangibleAssets": 699396000}, {"maxAge": 1, "endDate": "2019-03-31", "cash": 357000, "netReceivables": 754218000, "otherCurrentAssets": 3829000, "totalCurrentAssets": 765281000, "longTermInvestments": 85746000, "propertyPlantEquipment": 838000, "intangibleAssets": 1000, "otherAssets": 24648000, "deferredLongTermAssetCharges": 366000, "totalAssets": 876514000, "accountsPayable": 826000, "otherCurrentLiab": 6525000, "otherLiab": 2997000, "totalCurrentLiabilities": 194665000, "totalLiab": 197662000, "commonStock": 509061000, "retainedEarnings": 108437000, "capitalSurplus": 61354000, "totalStockholderEquity": 678852000, "netTangibleAssets": 678851000}, {"maxAge": 1, "endDate": "2018-03-31", "cash": 848119, "netReceivables": 1741903, "otherCurrentAssets": 768486315, "totalCurrentAssets": 773102385, "longTermInvestments": 90596789, "propertyPlantEquipment": 1182687, "intangibleAssets": 1846, "otherAssets": 24621676, "deferredLongTermAssetCharges": 339766, "totalAssets": 889505383, "accountsPayable": 193906, "otherCurrentLiab": 8232294, "otherLiab": 3032874, "totalCurrentLiabilities": 223592430, "totalLiab": 226625304, "commonStock": 509061200, "retainedEarnings": 92465079, "capitalSurplus": 61353800, "totalStockholderEquity": 662880079, "netTangibleAssets": 662878233}, {"maxAge": 1, "endDate": "2017-03-31", "cash": 3726820, "netReceivables": 1741903, "otherCurrentAssets": 990470509, "totalCurrentAssets": 1005700932, "longTermInvestments": 124196789, "propertyPlantEquipment": 1666697, "intangibleAssets": 1056, "otherAssets": 23001185, "deferredLongTermAssetCharges": 272685, "totalAssets": 1154566659, "accountsPayable": 40060699, "otherCurrentLiab": 4107294, "otherLiab": 3085126, "totalCurrentLiabilities": 557851123, "totalLiab": 560936249, "commonStock": 486561200, "retainedEarnings": 82277910, "treasuryStock": 19687500, "capitalSurplus": 5103800, "otherStockholderEquity": 19687500, "totalStockholderEquity": 593630410, "netTangibleAssets": 593629354}], "maxAge": 86400}, "earningsTrend": {"trend": [{"maxAge": 1, "period": "0q", "endDate": null, "growth": {}, "earningsEstimate": {"avg": 0.0, "low": 0.0, "high": 0.0, "yearAgoEps": {}, "numberOfAnalysts": 0, "growth": {}}, "revenueEstimate": {"avg": 0, "low": 0, "high": 0, "numberOfAnalysts": 0, "yearAgoRevenue": {}, "growth": {}}, "epsTrend": {"current": 0.0, "7daysAgo": 0.0, "30daysAgo": 0.0, "60daysAgo": 0.0, "90daysAgo": 0.0}, "epsRevisions": {"upLast7days": 0, "upLast30days": 0, "downLast30days": 0, "downLast90days": {}}}, {"maxAge": 1, "period": "+1q", "endDate": null, "growth": {}, "earningsEstimate": {"avg": 0.0, "low": 0.0, "high": 0.0, "yearAgoEps": {}, "numberOfAnalysts": 0, "growth": {}}, "revenueEstimate": {"avg": 0, "low": 0, "high": 0, "numberOfAnalysts": 0, "yearAgoRevenue": {}, "growth": {}}, "epsTrend": {"current": 0.0, "7daysAgo": 0.0, "30daysAgo": 0.0, "60daysAgo": 0.0, "90daysAgo": 0.0}, "epsRevisions": {"upLast7days": 0, "upLast30days": 0, "downLast30days": 0, "downLast90days": {}}}, {"maxAge": 1, "period": "0y", "endDate": null, "growth": {}, "earningsEstimate": {"avg": 0.0, "low": 0.0, "high": 0.0, "yearAgoEps": {}, "numberOfAnalysts": 0, "growth": {}}, "revenueEstimate": {"avg": 0, "low": 0, "high": 0, "numberOfAnalysts": 0, "yearAgoRevenue": {}, "growth": {}}, "epsTrend": {"current": 0.0, "7daysAgo": 0.0, "30daysAgo": 0.0, "60daysAgo": 0.0, "90daysAgo": 0.0}, "epsRevisions": {"upLast7days": 0, "upLast30days": 0, "downLast30days": 0, "downLast90days": {}}}, {"maxAge": 1, "period": "+1y", "endDate": null, "growth": {}, "earningsEstimate": {"avg": 0.0, "low": 0.0, "high": 0.0, "yearAgoEps": {}, "numberOfAnalysts": 0, "growth": {}}, "revenueEstimate": {"avg": 0, "low": 0, "high": 0, "numberOfAnalysts": 0, "yearAgoRevenue": {}, "growth": {}}, "epsTrend": {"current": 0.0, "7daysAgo": 0.0, "30daysAgo": 0.0, "60daysAgo": 0.0, "90daysAgo": 0.0}, "epsRevisions": {"upLast7days": 0, "upLast30days": 0, "downLast30days": 0, "downLast90days": {}}}, {"maxAge": 1, "period": "+5y", "endDate": null, "growth": {}, "earningsEstimate": {"avg": {}, "low": {}, "high": {}, "yearAgoEps": {}, "numberOfAnalysts": {}, "growth": {}}, "revenueEstimate": {"avg": {}, "low": {}, "high": {}, "numberOfAnalysts": {}, "yearAgoRevenue": {}, "growth": {}}, "epsTrend": {"current": {}, "7daysAgo": {}, "30daysAgo": {}, "60daysAgo": {}, "90daysAgo": {}}, "epsRevisions": {"upLast7days": {}, "upLast30days": {}, "downLast30days": {}, "downLast90days": {}}}, {"maxAge": 1, "period": "-5y", "endDate": null, "growth": {}, "earningsEstimate": {"avg": {}, "low": {}, "high": {}, "yearAgoEps": {}, "numberOfAnalysts": {}, "growth": {}}, "revenueEstimate": {"avg": {}, "low": {}, "high": {}, "numberOfAnalysts": {}, "yearAgoRevenue": {}, "growth": {}}, "epsTrend": {"current": {}, "7daysAgo": {}, "30daysAgo": {}, "60daysAgo": {}, "90daysAgo": {}}, "epsRevisions": {"upLast7days": {}, "upLast30days": {}, "downLast30days": {}, "downLast90days": {}}}], "maxAge": 1}, "financialData": {"maxAge": 86400, "currentPrice": 1.18, "targetHighPrice": 850.0, "targetLowPrice": 850.0, "targetMeanPrice": 850.0, "targetMedianPrice": 850.0, "recommendationKey": "none", "numberOfAnalystOpinions": 1, "grossProfits": 85758000, "financialCurrency": "INR"}}}