{"PML.BO": {"cashflowStatementHistory": {"cashflowStatements": [{"maxAge": 1, "endDate": "2020-03-31", "netIncome": 263741406, "depreciation": 32262126, "changeToNetincome": 25837096, "changeToAccountReceivables": -7160260, "changeToLiabilities": 31838282, "changeToInventory": -33524924, "changeToOperatingActivities": -661149638, "totalCashFromOperatingActivities": -384483448, "capitalExpenditures": -29035288, "investments": 2982884, "otherCashflowsFromInvestingActivities": 213443690, "totalCashflowsFromInvestingActivities": 289856483, "dividendsPaid": -3106670, "netBorrowings": 162102371, "otherCashflowsFromFinancingActivities": -24599528, "totalCashFromFinancingActivities": 134396173, "changeInCash": 39769207}, {"maxAge": 1, "endDate": "2019-03-31", "netIncome": 220795442, "depreciation": 34948370, "changeToNetincome": -737175040, "changeToAccountReceivables": 120818230, "changeToLiabilities": -40633282, "changeToInventory": 2202087, "changeToOperatingActivities": -46776572, "totalCashFromOperatingActivities": 128472783, "capitalExpenditures": -94879850, "investments": -901480, "otherCashflowsFromInvestingActivities": -27001450, "totalCashflowsFromInvestingActivities": -247447976, "dividendsPaid": -3106670, "netBorrowings": -48167077, "otherCashflowsFromFinancingActivities": -11854540, "totalCashFromFinancingActivities": -60021617, "changeInCash": -178996810}, {"maxAge": 1, "endDate": "2018-03-31", "netIncome": 2134601621, "depreciation": 35073082, "changeToNetincome": -2130489538, "changeToAccountReceivables": 188326804, "changeToLiabilities": -185203684, "changeToInventory": 2649185, "changeToOperatingActivities": -2351404887, "totalCashFromOperatingActivities": -2761085476, "capitalExpenditures": -296351050, "investments": -837009, "otherCashflowsFromInvestingActivities": 53388663, "totalCashflowsFromInvestingActivities": 2405084929, "dividendsPaid": -3106670, "netBorrowings": 38619751, "otherCashflowsFromFinancingActivities": -20105963, "totalCashFromFinancingActivities": 18513788, "changeInCash": -337486759}, {"maxAge": 1, "endDate": "2017-03-31", "netIncome": 128204659, "depreciation": 29050590, "changeToNetincome": -5222919, "changeToAccountReceivables": 82193227, "changeToLiabilities": -24064309, "changeToInventory": -18390016, "changeToOperatingActivities": -123572568, "totalCashFromOperatingActivities": 177607333, "capitalExpenditures": -34019492, "investments": 8153260, "otherCashflowsFromInvestingActivities": 34618753, "totalCashflowsFromInvestingActivities": 11979251, "dividendsPaid": -3106670, "netBorrowings": -27423091, "otherCashflowsFromFinancingActivities": -17788340, "totalCashFromFinancingActivities": -45211431, "changeInCash": 144375153}], "maxAge": 86400}, "institutionOwnership": {"ownershipList": [], "maxAge": 1}, "balanceSheetHistoryQuarterly": {"balanceSheetStatements": [{"maxAge": 1, "endDate": "2020-06-30", "totalStockholderEquity": 3932371000, "netTangibleAssets": 3932371000}, {"maxAge": 1, "endDate": "2020-03-31", "cash": 158317409, "shortTermInvestments": 4249323, "netReceivables": 2932824104, "otherCurrentAssets": 433095815, "totalCurrentAssets": 3879060740, "longTermInvestments": 4315685, "propertyPlantEquipment": 639701797, "otherAssets": 31489376, "deferredLongTermAssetCharges": 24400968, "totalAssets": 4554567598, "accountsPayable": 72457300, "shortLongTermDebt": 385009, "otherCurrentLiab": 164443200, "otherLiab": 19228295, "totalCurrentLiabilities": 602968520, "totalLiab": 622196815, "commonStock": 10280000, "retainedEarnings": 3162582900, "treasuryStock": 1, "capitalSurplus": 759507882, "otherStockholderEquity": 1, "totalStockholderEquity": 3932370783, "netTangibleAssets": 3932370783}, {"maxAge": 1, "endDate": "2019-12-31", "totalStockholderEquity": 3785619000, "netTangibleAssets": 3785619000}, {"maxAge": 1, "endDate": "2019-09-30", "cash": 117930000, "shortTermInvestments": 580104000, "netReceivables": 2534622000, "inventory": 151829000, "totalCurrentAssets": 3387554000, "longTermInvestments": 6808000, "propertyPlantEquipment": 675367000, "otherAssets": 222767000, "deferredLongTermAssetCharges": 33148000, "totalAssets": 4292496000, "accountsPayable": 61532000, "shortLongTermDebt": 263049000, "otherCurrentLiab": 163583000, "otherLiab": 18713000, "totalCurrentLiabilities": 488164000, "totalLiab": 506877000, "commonStock": 10280000, "treasuryStock": 3775339000, "otherStockholderEquity": 3775339000, "totalStockholderEquity": 3785619000, "netTangibleAssets": 3785619000}], "maxAge": 86400}, "indexTrend": {"maxAge": 1, "symbol": "SP5", "peRatio": 19.7411, "pegRatio": 1.34172, "estimates": [{"period": "0q", "growth": 0.549}, {"period": "+1q", "growth": 0.431}, {"period": "0y", "growth": 0.305}, {"period": "+1y", "growth": 0.109}, {"period": "+5y", "growth": 0.120859005}, {"period": "-5y"}]}, "insiderTransactions": {"transactions": [{"maxAge": 1, "shares": 201100, "filerUrl": "", "transactionText": "", "filerName": "Bansal (Sarita Rani)", "filerRelation": "UNREPORTED", "moneyText": "", "startDate": "2019-05-24", "ownership": "D"}, {"maxAge": 1, "shares": 201100, "filerUrl": "", "transactionText": "", "filerName": "Bansal (Sat Paul)", "filerRelation": "UNREPORTED", "moneyText": "", "startDate": "2019-05-24", "ownership": "D"}], "maxAge": 1}, "quoteType": {"exchange": "BSE", "quoteType": "EQUITY", "symbol": "PML.BO", "underlyingSymbol": "PML.BO", "shortName": "Paul Merchants Ltd.", "longName": "Paul Merchants Limited", "firstTradeDateEpochUtc": "2015-04-22 09:15:00", "timeZoneFullName": "Asia/Kolkata", "timeZoneShortName": "IST", "uuid": "ed14be3b-3138-3dbb-8430-79cbae8a6649", "gmtOffSetMilliseconds": 19800000, "maxAge": 1}, "incomeStatementHistory": {"incomeStatementHistory": [{"maxAge": 1, "endDate": "2020-03-31", "totalRevenue": 54011234546, "costOfRevenue": 53476351001, "grossProfit": 534883545, "researchDevelopment": {}, "sellingGeneralAdministrative": 153031429, "nonRecurring": {}, "otherOperatingExpenses": 979543, "totalOperatingExpenses": 53662624099, "operatingIncome": 348610447, "totalOtherIncomeExpenseNet": 9041767, "ebit": 348610447, "interestExpense": -17704702, "incomeBeforeTax": 357652214, "incomeTaxExpense": 93910808, "minorityInterest": {}, "netIncomeFromContinuingOps": 263741406, "discontinuedOperations": {}, "extraordinaryItems": {}, "effectOfAccountingCharges": {}, "otherItems": {}, "netIncome": 263741406, "netIncomeApplicableToCommonShares": 263741406}, {"maxAge": 1, "endDate": "2019-03-31", "totalRevenue": 49169443043, "costOfRevenue": 48854150837, "grossProfit": 315292206, "researchDevelopment": {}, "sellingGeneralAdministrative": 157053433, "nonRecurring": {}, "otherOperatingExpenses": 1298370, "totalOperatingExpenses": 49047451010, "operatingIncome": 121992033, "totalOtherIncomeExpenseNet": 118521980, "ebit": 121992033, "interestExpense": -6838359, "incomeBeforeTax": 240514013, "incomeTaxExpense": 19718571, "minorityInterest": {}, "netIncomeFromContinuingOps": 220795442, "discontinuedOperations": {}, "extraordinaryItems": {}, "effectOfAccountingCharges": {}, "otherItems": {}, "netIncome": 220795442, "netIncomeApplicableToCommonShares": 220795442}, {"maxAge": 1, "endDate": "2018-03-31", "totalRevenue": 45465522377, "costOfRevenue": 45160854490, "grossProfit": 304667887, "researchDevelopment": {}, "sellingGeneralAdministrative": 127299447, "nonRecurring": {}, "otherOperatingExpenses": 870366, "totalOperatingExpenses": 45324097385, "operatingIncome": 141424992, "totalOtherIncomeExpenseNet": 71714543, "ebit": 141424992, "interestExpense": -13726938, "incomeBeforeTax": 213139535, "incomeTaxExpense": 62155587, "minorityInterest": 128395636, "netIncomeFromContinuingOps": 150983948, "discontinuedOperations": 1984910758, "extraordinaryItems": {}, "effectOfAccountingCharges": {}, "otherItems": {}, "netIncome": 2134601621, "netIncomeApplicableToCommonShares": 2134601621}, {"maxAge": 1, "endDate": "2017-03-31", "totalRevenue": 28910219141, "costOfRevenue": 28729746721, "grossProfit": 180472420, "researchDevelopment": {}, "sellingGeneralAdministrative": 80567007, "nonRecurring": {}, "otherOperatingExpenses": 3545117, "totalOperatingExpenses": 28842909435, "operatingIncome": 67309706, "totalOtherIncomeExpenseNet": 35257028, "ebit": 67309706, "interestExpense": -12424996, "incomeBeforeTax": 102566734, "incomeTaxExpense": 37212434, "minorityInterest": 128395636, "netIncomeFromContinuingOps": 65354300, "discontinuedOperations": 62850359, "extraordinaryItems": {}, "effectOfAccountingCharges": {}, "otherItems": {}, "netIncome": 128204659, "netIncomeApplicableToCommonShares": 128204659}], "maxAge": 86400}, "fundOwnership": {"ownershipList": [], "maxAge": 1}, "summaryDetail": {"maxAge": 1, "priceHint": 2, "previousClose": 1126.1, "open": 1140.0, "dayLow": 1110.0, "dayHigh": 1140.0, "regularMarketPreviousClose": 1126.1, "regularMarketOpen": 1140.0, "regularMarketDayLow": 1110.0, "regularMarketDayHigh": 1140.0, "trailingPE": 4.2021093, "volume": 75, "regularMarketVolume": 75, "averageVolume": 235, "averageVolume10days": 144, "averageDailyVolume10Day": 144, "bid": 1110.0, "ask": 1110.0, "bidSize": 0, "askSize": 0, "marketCap": 1143650048, "fiftyTwoWeekLow": 530.0, "fiftyTwoWeekHigh": 1948.0, "fiftyDayAverage": 1325.8318, "twoHundredDayAverage": 1274.5504, "trailingAnnualDividendRate": 0.0, "trailingAnnualDividendYield": 0.0, "currency": "INR", "fromCurrency": null, "lastMarket": null, "algorithm": null, "tradeable": false}, "incomeStatementHistoryQuarterly": {"incomeStatementHistory": [{"maxAge": 1, "endDate": "2020-06-30", "totalRevenue": 3268700000, "costOfRevenue": 3130200000, "grossProfit": 138500000, "researchDevelopment": {}, "sellingGeneralAdministrative": {}, "nonRecurring": {}, "otherOperatingExpenses": 68700000, "totalOperatingExpenses": 3205900000, "operatingIncome": 62800000, "totalOtherIncomeExpenseNet": 27200000, "ebit": 62800000, "interestExpense": -2900000, "incomeBeforeTax": 90000000, "incomeTaxExpense": 19800000, "minorityInterest": {}, "netIncomeFromContinuingOps": 70200000, "discontinuedOperations": {}, "extraordinaryItems": {}, "effectOfAccountingCharges": {}, "otherItems": {}, "netIncome": 70200000, "netIncomeApplicableToCommonShares": 70200000}, {"maxAge": 1, "endDate": "2020-03-31", "totalRevenue": 13442634546, "costOfRevenue": 13678751001, "grossProfit": -236116455, "researchDevelopment": {}, "sellingGeneralAdministrative": 153031429, "nonRecurring": {}, "otherOperatingExpenses": -495820457, "totalOperatingExpenses": 13344324099, "operatingIncome": 98310447, "totalOtherIncomeExpenseNet": -3558233, "ebit": 98310447, "interestExpense": -2900000, "incomeBeforeTax": 94752214, "incomeTaxExpense": 21510808, "minorityInterest": {}, "netIncomeFromContinuingOps": 73241406, "discontinuedOperations": {}, "extraordinaryItems": {}, "effectOfAccountingCharges": {}, "otherItems": {}, "netIncome": 73241406, "netIncomeApplicableToCommonShares": 73241406}, {"maxAge": 1, "endDate": "2019-12-31", "totalRevenue": 16010700000, "costOfRevenue": 15695100000, "grossProfit": 315600000, "researchDevelopment": {}, "sellingGeneralAdministrative": 153031429, "nonRecurring": {}, "otherOperatingExpenses": 207000000, "totalOperatingExpenses": 15910700000, "operatingIncome": 100000000, "totalOtherIncomeExpenseNet": 4700000, "ebit": 100000000, "interestExpense": -7200000, "incomeBeforeTax": 104700000, "incomeTaxExpense": 30600000, "minorityInterest": {}, "netIncomeFromContinuingOps": 74100000, "discontinuedOperations": {}, "extraordinaryItems": {}, "effectOfAccountingCharges": {}, "otherItems": {}, "netIncome": 74100000, "netIncomeApplicableToCommonShares": 74100000}, {"maxAge": 1, "endDate": "2019-09-30", "totalRevenue": 13369300000, "costOfRevenue": 13139500000, "grossProfit": 229800000, "researchDevelopment": {}, "sellingGeneralAdministrative": 153031429, "nonRecurring": {}, "otherOperatingExpenses": 145900000, "totalOperatingExpenses": 13293200000, "operatingIncome": 76100000, "totalOtherIncomeExpenseNet": 11300000, "ebit": 76100000, "interestExpense": -6700000, "incomeBeforeTax": 87400000, "incomeTaxExpense": 32800000, "minorityInterest": {}, "netIncomeFromContinuingOps": 54600000, "discontinuedOperations": {}, "extraordinaryItems": {}, "effectOfAccountingCharges": {}, "otherItems": {}, "netIncome": 54600000, "netIncomeApplicableToCommonShares": 54600000}], "maxAge": 86400}, "cashflowStatementHistoryQuarterly": {"cashflowStatements": [{"maxAge": 1, "endDate": "2020-06-30", "netIncome": 70200000, "changeToLiabilities": 0}, {"maxAge": 1, "endDate": "2020-03-31", "netIncome": 73241406, "changeToLiabilities": 0}, {"maxAge": 1, "endDate": "2019-12-31", "netIncome": 74100000, "changeToLiabilities": 0}, {"maxAge": 1, "endDate": "2019-09-30", "netIncome": 54600000, "changeToLiabilities": 0}], "maxAge": 86400}, "insiderHolders": {"holders": [{"maxAge": 1, "name": "Bansal (Sarita Rani)", "relation": "UNREPORTED", "url": "", "transactionDescription": "Purchase", "latestTransDate": "2019-05-24", "positionDirect": 345600, "positionDirectDate": "2019-05-24"}, {"maxAge": 1, "name": "Bansal (Sat Paul)", "relation": "UNREPORTED", "url": "", "transactionDescription": "Sale", "latestTransDate": "2019-05-24", "positionDirect": 0, "positionDirectDate": "2019-05-24"}], "maxAge": 1}, "calendarEvents": {"maxAge": 1, "earnings": {"earningsDate": ["2020-06-25 05:30:S"]}}, "upgradeDowngradeHistory": {"history": [], "maxAge": 86400}, "price": {"maxAge": 1, "regularMarketChangePercent": -0.012077059, "regularMarketChange": -13.599976, "regularMarketTime": "2021-04-30 15:23:31", "priceHint": 2, "regularMarketPrice": 1112.5, "regularMarketDayHigh": 1140.0, "regularMarketDayLow": 1110.0, "regularMarketVolume": 75, "averageDailyVolume10Day": 144, "averageDailyVolume3Month": 235, "regularMarketPreviousClose": 1126.1, "regularMarketSource": "FREE_REALTIME", "regularMarketOpen": 1140.0, "exchange": "BSE", "exchangeName": "BSE", "exchangeDataDelayedBy": 0, "marketState": "CLOSED", "quoteType": "EQUITY", "symbol": "PML.BO", "underlyingSymbol": null, "shortName": "Paul Merchants Ltd.", "longName": "Paul Merchants Limited", "currency": "INR", "quoteSourceName": "Delayed Quote", "currencySymbol": "\u20b9", "fromCurrency": null, "lastMarket": null, "marketCap": 1143650048}, "balanceSheetHistory": {"balanceSheetStatements": [{"maxAge": 1, "endDate": "2020-03-31", "cash": 158317409, "shortTermInvestments": 4249323, "netReceivables": 2932824104, "otherCurrentAssets": 433095815, "totalCurrentAssets": 3879060740, "longTermInvestments": 4315685, "propertyPlantEquipment": 639701797, "otherAssets": 31489376, "deferredLongTermAssetCharges": 24400968, "totalAssets": 4554567598, "accountsPayable": 72457300, "shortLongTermDebt": 385009, "otherCurrentLiab": 164443200, "otherLiab": 19228295, "totalCurrentLiabilities": 602968520, "totalLiab": 622196815, "commonStock": 10280000, "retainedEarnings": 3162582900, "treasuryStock": 1, "capitalSurplus": 759507882, "otherStockholderEquity": 1, "totalStockholderEquity": 3932370783, "netTangibleAssets": 3932370783}, {"maxAge": 1, "endDate": "2019-03-31", "cash": 118548203, "shortTermInvestments": 5241346, "netReceivables": 1807537703, "otherCurrentAssets": 390741868, "totalCurrentAssets": 3070467030, "longTermInvestments": 7298569, "propertyPlantEquipment": 756789221, "otherAssets": 219525848, "deferredLongTermAssetCharges": 35706389, "totalAssets": 4054080668, "accountsPayable": 40619018, "shortLongTermDebt": 1301535, "otherCurrentLiab": 114647318, "otherLiab": 16393928, "totalCurrentLiabilities": 363658619, "totalLiab": 380052547, "commonStock": 10280000, "retainedEarnings": 2904240238, "treasuryStock": 1, "capitalSurplus": 759507882, "otherStockholderEquity": 1, "totalStockholderEquity": 3674028121, "netTangibleAssets": 3674028121}, {"maxAge": 1, "endDate": "2018-03-31", "cash": 297545013, "shortTermInvestments": 635563784, "netReceivables": 737320523, "otherCurrentAssets": 1116404327, "totalCurrentAssets": 3864045611, "longTermInvestments": 6397089, "propertyPlantEquipment": 757353717, "otherAssets": 99305321, "deferredLongTermAssetCharges": 6501367, "totalAssets": 4727101738, "accountsPayable": 81252300, "shortLongTermDebt": 45438492, "otherCurrentLiab": 719262696, "longTermDebt": 1344277, "otherLiab": 15190393, "minorityInterest": 128395636, "totalCurrentLiabilities": 1068196132, "totalLiab": 1084730802, "commonStock": 10280000, "retainedEarnings": 3201891267, "treasuryStock": 1, "capitalSurplus": 301804032, "otherStockholderEquity": 1, "totalStockholderEquity": 3513975300, "netTangibleAssets": 3513975300}, {"maxAge": 1, "endDate": "2017-03-31", "cash": 635031772, "shortTermInvestments": 93410894, "netReceivables": 557198953, "otherCurrentAssets": 383501540, "totalCurrentAssets": 1724564499, "longTermInvestments": 8627249, "propertyPlantEquipment": 514276675, "otherAssets": 28450948, "deferredLongTermAssetCharges": 9946994, "totalAssets": 2275919371, "accountsPayable": 266455984, "shortLongTermDebt": 6333788, "otherCurrentLiab": 251286073, "longTermDebt": 3977862, "otherLiab": 26659354, "totalCurrentLiabilities": 752422589, "totalLiab": 783059805, "commonStock": 10280000, "retainedEarnings": 1477539565, "treasuryStock": 1, "capitalSurplus": 5040000, "otherStockholderEquity": 1, "totalStockholderEquity": 1492859566, "netTangibleAssets": 1492859566}], "maxAge": 86400}, "financialData": {"maxAge": 86400, "currentPrice": 1112.5, "recommendationKey": "none", "grossProfits": 534883545, "financialCurrency": "INR"}}}