{"PNB.NS": {"assetProfile": {"address1": "Plot No. 4", "address2": "Sector 10 Dwarka", "city": "New Delhi", "zip": "110075", "country": "India", "phone": "91 11 2804 4857", "website": "http://www.pnbindia.in", "industry": "Banks\u2014Regional", "sector": "Financial Services", "longBusinessSummary": "Punjab National Bank provides various banking and financial products and services in India. The company operates through Treasury, Corporate/Wholesale Banking, Retail Banking, and Other Banking Operations. It offers personal banking products and services, including saving fund accounts, current accounts, fixed deposit, and capital gain account and gold monetization schemes; housing, vehicle, education, personal, and mortgage loans; and cards. The company also provides various micro, small, and medium enterprises schemes; banking products for government customers; agricultural banking services; corporate banking products and services consisting of loans against future lease rentals, working capital financing, and term loans; EXIM finance and cash management services, as well as gold card schemes for exporters; and international banking products and services. In addition, it offers insurance services, such as life, fire, motor vehicle, marine, theft/burglary, fidelity guarantee, personal accident, health, travel, house hold goods, etc.; and depository, mutual fund, merchant banking, and application supported by blocked amount services. Further, the company provides mobile banking, SMS banking, missed call, e-statement, ATM, cash deposit machine, passbook updation machine, and electronic cheque deposit machine services. As of March 31, 2020, it operated a network of 7,041 branches and 9,168 ATMs in India; and 2 branches internationally. The company was founded in 1895 and is headquartered in New Delhi, India.", "fullTimeEmployees": 68781, "companyOfficers": [{"maxAge": 1, "name": "Mr. Ch. S. S. Mallikarjuna Rao", "age": 58, "title": "MD, CEO & Whole-time Director", "yearBorn": 1962, "fiscalYear": 2020, "totalPay": 3162281, "exercisedValue": 0, "unexercisedValue": 0}, {"maxAge": 1, "name": "Mr. Agyey Kumar Azad", "age": 59, "title": "Exec. Director", "yearBorn": 1961, "fiscalYear": 2020, "totalPay": 3274897, "exercisedValue": 0, "unexercisedValue": 0}, {"maxAge": 1, "name": "Mr. D. K. Jain", "title": "CFO & GM of Strategic Management and Economic Advisory Division", "exercisedValue": 0, "unexercisedValue": 0}, {"maxAge": 1, "name": "Ms. Ekta  Pasricha", "title": "Company Sec. & Compliance Officer", "exercisedValue": 0, "unexercisedValue": 0}, {"maxAge": 1, "name": "Ms. Arti  Mattoo", "title": "Chief Gen. Mang.", "exercisedValue": 0, "unexercisedValue": 0}, {"maxAge": 1, "name": "Mr. Vivek  Jha", "title": "Chief Gen. Mang.", "exercisedValue": 0, "unexercisedValue": 0}, {"maxAge": 1, "name": "Mr. Ashok Kumar Pradhan M.Sc.", "age": 58, "title": "Gen. Mang. & Group Chief Risk Officer", "yearBorn": 1962, "exercisedValue": 0, "unexercisedValue": 0}, {"maxAge": 1, "name": "Mr. Vishesh Kumar Srivastava F.R.M., M.Sc.", "age": 54, "title": "Chief GM & Group Chief Risk Officer", "yearBorn": 1966, "exercisedValue": 0, "unexercisedValue": 0}, {"maxAge": 1, "name": "Mr. Vijay  Dube", "age": 57, "title": "Exec. Director", "yearBorn": 1963, "exercisedValue": 0, "unexercisedValue": 0}, {"maxAge": 1, "name": "Mr. Sanjay  Kumar M.Sc.", "age": 58, "title": "Exec. Director", "yearBorn": 1962, "exercisedValue": 0, "unexercisedValue": 0}], "compensationAsOfEpochDate": "2020-12-31 05:30:00", "maxAge": 86400}, "recommendationTrend": {"trend": [{"period": "0m", "strongBuy": 0, "buy": 0, "hold": 0, "sell": 0, "strongSell": 0}, {"period": "-1m", "strongBuy": 4, "buy": 7, "hold": 8, "sell": 16, "strongSell": 4}, {"period": "-2m", "strongBuy": 4, "buy": 8, "hold": 8, "sell": 15, "strongSell": 4}, {"period": "-3m", "strongBuy": 4, "buy": 8, "hold": 8, "sell": 17, "strongSell": 4}], "maxAge": 86400}, "cashflowStatementHistory": {"cashflowStatements": [{"maxAge": 1, "endDate": "2020-03-31", "netIncome": 4384500000, "depreciation": 5240300000, "changeToNetincome": 140209300000, "changeToLiabilities": 0, "changeToOperatingActivities": -561975300000, "totalCashFromOperatingActivities": -411237100000, "capitalExpenditures": -15885300000, "otherCashflowsFromInvestingActivities": 1541400000, "totalCashflowsFromInvestingActivities": -9871000000, "dividendsPaid": -300100000, "netBorrowings": -11902400000, "otherCashflowsFromFinancingActivities": 276998400000, "totalCashFromFinancingActivities": 425705900000, "changeInCash": 4597800000, "issuanceOfStock": 160910000000}, {"maxAge": 1, "endDate": "2019-03-31", "netIncome": -95701100000, "depreciation": 5307500000, "changeToNetincome": 225360200000, "changeToLiabilities": 0, "changeToOperatingActivities": -805170500000, "totalCashFromOperatingActivities": -669671300000, "capitalExpenditures": -4403300000, "otherCashflowsFromInvestingActivities": 1488200000, "totalCashflowsFromInvestingActivities": -6291700000, "dividendsPaid": -69100000, "netBorrowings": -22145300000, "otherCashflowsFromFinancingActivities": 348155000000, "totalCashFromFinancingActivities": 474041200000, "changeInCash": -201921800000, "issuanceOfStock": 148100600000}, {"maxAge": 1, "endDate": "2018-03-31", "netIncome": -121133700000, "depreciation": 5371800000, "changeToNetincome": 180554200000, "changeToLiabilities": 0, "changeToOperatingActivities": -270533700000, "totalCashFromOperatingActivities": -205302900000, "capitalExpenditures": -6516600000, "otherCashflowsFromInvestingActivities": 1395400000, "totalCashflowsFromInvestingActivities": 3916600000, "dividendsPaid": -69100000, "netBorrowings": -12123800000, "otherCashflowsFromFinancingActivities": 169810500000, "totalCashFromFinancingActivities": 262476900000, "changeInCash": 61090500000, "issuanceOfStock": 104859300000}, {"maxAge": 1, "endDate": "2017-03-31", "netIncome": 11872400000, "depreciation": 3937800000, "changeToNetincome": 142354700000, "changeToLiabilities": 0, "changeToOperatingActivities": -531833400000, "totalCashFromOperatingActivities": -373301900000, "capitalExpenditures": -4960200000, "otherCashflowsFromInvestingActivities": 959000000, "totalCashflowsFromInvestingActivities": 1587500000, "dividendsPaid": -749100000, "netBorrowings": -91347900000, "otherCashflowsFromFinancingActivities": 576447100000, "totalCashFromFinancingActivities": 495011500000, "changeInCash": 123297100000, "issuanceOfStock": 10661400000}], "maxAge": 86400}, "indexTrend": {"maxAge": 1, "symbol": "SP5", "peRatio": 19.7411, "pegRatio": 1.34172, "estimates": [{"period": "0q", "growth": 0.549}, {"period": "+1q", "growth": 0.431}, {"period": "0y", "growth": 0.305}, {"period": "+1y", "growth": 0.109}, {"period": "+5y", "growth": 0.120865}, {"period": "-5y"}]}, "defaultKeyStatistics": {"maxAge": 1, "priceHint": 2, "enterpriseValue": 254031560704, "forwardPE": 2.6144035, "profitMargins": 0.0513, "floatShares": 2213032270, "sharesOutstanding": 10477700096, "heldPercentInsiders": 0.76869005, "heldPercentInstitutions": 0.104049996, "beta": 1.37597, "category": null, "bookValue": 96.825, "priceToBook": 0.3599277, "fundFamily": null, "legalType": null, "lastFiscalYearEnd": "2020-03-31 05:30:00", "nextFiscalYearEnd": "2022-03-31 05:30:00", "mostRecentQuarter": "2020-12-31 05:30:00", "netIncomeToCommon": 10406599680, "trailingEps": 1.185, "forwardEps": 15.93, "pegRatio": -0.12, "lastSplitFactor": "5:1", "lastSplitDate": "2014-12-18 05:30:00", "enterpriseToRevenue": 1.252}, "industryTrend": {"maxAge": 1, "symbol": null, "estimates": []}, "quoteType": {"exchange": "NSI", "quoteType": "EQUITY", "symbol": "PNB.NS", "underlyingSymbol": "PNB.NS", "shortName": "PUNJAB NATL BANK", "longName": "Punjab National Bank", "firstTradeDateEpochUtc": "2002-07-01 09:15:00", "timeZoneFullName": "Asia/Kolkata", "timeZoneShortName": "IST", "uuid": "472ac2d6-c1c5-3d1a-a100-d2c7710c9e5e", "gmtOffSetMilliseconds": 19800000, "maxAge": 1}, "incomeStatementHistory": {"incomeStatementHistory": [{"maxAge": 1, "endDate": "2020-03-31", "totalRevenue": 125138300000, "costOfRevenue": 0, "grossProfit": 125138300000, "researchDevelopment": {}, "sellingGeneralAdministrative": 101505700000, "nonRecurring": {}, "otherOperatingExpenses": 19999200000, "totalOperatingExpenses": 121504900000, "operatingIncome": 3633400000, "totalOtherIncomeExpenseNet": 1215900000, "ebit": 0, "interestExpense": {}, "incomeBeforeTax": 4849300000, "incomeTaxExpense": 0, "minorityInterest": 3606900000, "netIncomeFromContinuingOps": 4849300000, "discontinuedOperations": {}, "extraordinaryItems": {}, "effectOfAccountingCharges": {}, "otherItems": {}, "netIncome": 4384500000, "netIncomeApplicableToCommonShares": 4384500000}, {"maxAge": 1, "endDate": "2019-03-31", "totalRevenue": 16628500000, "costOfRevenue": 0, "grossProfit": 16628500000, "researchDevelopment": {}, "sellingGeneralAdministrative": 99246400000, "nonRecurring": {}, "otherOperatingExpenses": 17646200000, "totalOperatingExpenses": 116892600000, "operatingIncome": -100264100000, "totalOtherIncomeExpenseNet": 4763900000, "ebit": 0, "interestExpense": {}, "incomeBeforeTax": -95500200000, "incomeTaxExpense": 0, "minorityInterest": 2877000000, "netIncomeFromContinuingOps": -95500200000, "discontinuedOperations": {}, "extraordinaryItems": {}, "effectOfAccountingCharges": {}, "otherItems": {}, "netIncome": -95701100000, "netIncomeApplicableToCommonShares": -95701100000}, {"maxAge": 1, "endDate": "2018-03-31", "totalRevenue": 10582500000, "costOfRevenue": 0, "grossProfit": 10582500000, "researchDevelopment": {}, "sellingGeneralAdministrative": 119614700000, "nonRecurring": {}, "otherOperatingExpenses": 16811200000, "totalOperatingExpenses": 136425900000, "operatingIncome": -125843400000, "totalOtherIncomeExpenseNet": 4730700000, "ebit": 0, "interestExpense": {}, "incomeBeforeTax": -121112700000, "incomeTaxExpense": 0, "minorityInterest": 3085300000, "netIncomeFromContinuingOps": -121112700000, "discontinuedOperations": {}, "extraordinaryItems": {}, "effectOfAccountingCharges": {}, "otherItems": {}, "netIncome": -121133700000, "netIncomeApplicableToCommonShares": -121133700000}, {"maxAge": 1, "endDate": "2017-03-31", "totalRevenue": 110636500000, "costOfRevenue": 0, "grossProfit": 110636500000, "researchDevelopment": {}, "sellingGeneralAdministrative": 79182600000, "nonRecurring": {}, "otherOperatingExpenses": 16052900000, "totalOperatingExpenses": 95235500000, "operatingIncome": 15401000000, "totalOtherIncomeExpenseNet": 3380900000, "ebit": 0, "interestExpense": {}, "incomeBeforeTax": 18781900000, "incomeTaxExpense": 6389700000, "minorityInterest": 7806300000, "netIncomeFromContinuingOps": 12392200000, "discontinuedOperations": {}, "extraordinaryItems": {}, "effectOfAccountingCharges": {}, "otherItems": {}, "netIncome": 11872400000, "netIncomeApplicableToCommonShares": 11872400000}], "maxAge": 86400}, "fundOwnership": {"ownershipList": [{"maxAge": 1, "reportDate": "2021-01-31", "organization": "Vanguard International Stock Index-Total Intl Stock Indx", "pctHeld": 0.0014, "position": 14920027, "value": 497582900}, {"maxAge": 1, "reportDate": "2021-01-31", "organization": "Vanguard International Stock Index-Emerging Markets Stk", "pctHeld": 0.0014, "position": 14175800, "value": 472762930}, {"maxAge": 1, "reportDate": "2021-01-31", "organization": "DFA Emerging Markets Core Equity Portfolio", "pctHeld": 0.00059999997, "position": 6692535, "value": 223196042}, {"maxAge": 1, "reportDate": "2021-01-31", "organization": "DFA Investment Dimensions-DFA Emerging Mkts Value", "pctHeld": 0.00059999997, "position": 5997812, "value": 200027030}, {"maxAge": 1, "reportDate": "2021-01-31", "organization": "DFA Emerging Markets Series", "pctHeld": 0.0002, "position": 2097840, "value": 69962964}, {"maxAge": 1, "reportDate": "2021-01-31", "organization": "DFA Emerging Markets Small Cap Series", "pctHeld": 0.0002, "position": 1961074, "value": 65401817}, {"maxAge": 1, "reportDate": "2021-01-31", "organization": "Vanguard Intl Equity Index Fds-FTSE All World ex U.S. Index Fund", "pctHeld": 0.0002, "position": 1689554, "value": 56346625}, {"maxAge": 1, "reportDate": "2020-12-31", "organization": "PIMCO Equity Series-PIMCO RAE Emerging Markets Fd", "pctHeld": 0.0001, "position": 1434096, "value": 47396872}, {"maxAge": 1, "reportDate": "2021-02-28", "organization": "Schwab Strategic Tr-Schwab Emerging Markets Equity ETF", "pctHeld": 0.0001, "position": 1390075, "value": 56784563}, {"maxAge": 1, "reportDate": "2021-02-28", "organization": "WisdomTree Tr-WisdomTree India Earnings Fd", "pctHeld": 0.0001, "position": 572754, "value": 23397000}], "maxAge": 1}, "summaryDetail": {"maxAge": 1, "priceHint": 2, "previousClose": 35.05, "open": 34.55, "dayLow": 34.5, "dayHigh": 35.7, "regularMarketPreviousClose": 35.05, "regularMarketOpen": 34.55, "regularMarketDayLow": 34.5, "regularMarketDayHigh": 35.7, "exDividendDate": "2015-06-22 05:30:00", "payoutRatio": 0.0, "beta": 1.37597, "trailingPE": 29.409283, "forwardPE": 2.187696, "volume": 94819524, "regularMarketVolume": 94819524, "averageVolume": 163684154, "averageVolume10days": 104097600, "averageDailyVolume10Day": 104097600, "bid": 0.0, "ask": 0.0, "bidSize": 0, "askSize": 0, "marketCap": 364625068032, "fiftyTwoWeekLow": 26.3, "fiftyTwoWeekHigh": 46.35, "priceToSalesTrailing12Months": 1.7973628, "fiftyDayAverage": 39.958824, "twoHundredDayAverage": 34.3039, "trailingAnnualDividendRate": 3.3, "trailingAnnualDividendYield": 0.094151214, "currency": "INR", "fromCurrency": null, "lastMarket": null, "algorithm": null, "tradeable": false}, "insiderHolders": {"holders": [{"maxAge": 1, "name": "Kanungo (B P)", "relation": "UNREPORTED", "url": "", "transactionDescription": "Acquisition", "latestTransDate": "2013-05-31", "positionDirect": 24, "positionDirectDate": "2013-05-31"}, {"maxAge": 1, "name": "Life Insurance Corporation of India", "relation": "Institution- Corporation", "url": "", "transactionDescription": "Acquisition", "latestTransDate": "2020-12-21", "positionDirect": 809927358, "positionDirectDate": "2020-12-21"}, {"maxAge": 1, "name": "President of India", "relation": "Promoter", "url": "", "transactionDescription": "Acquisition", "latestTransDate": "2020-04-01", "positionDirect": 8054125685, "positionDirectDate": "2020-04-01"}], "maxAge": 1}, "calendarEvents": {"maxAge": 1, "earnings": {"earningsDate": [], "earningsAverage": -8.02, "earningsLow": -13.0, "earningsHigh": -5.38, "revenueAverage": 52683400000, "revenueLow": 47256000000, "revenueHigh": 55911000000}, "exDividendDate": "2015-06-22 05:30:00"}, "upgradeDowngradeHistory": {"history": [], "maxAge": 86400}, "price": {"maxAge": 1, "regularMarketChangePercent": -0.0057061557, "regularMarketChange": -0.20000076, "regularMarketTime": "2021-04-30 15:30:01", "priceHint": 2, "regularMarketPrice": 34.85, "regularMarketDayHigh": 35.7, "regularMarketDayLow": 34.5, "regularMarketVolume": 94819524, "averageDailyVolume10Day": 104097600, "averageDailyVolume3Month": 163684154, "regularMarketPreviousClose": 35.05, "regularMarketSource": "FREE_REALTIME", "regularMarketOpen": 34.55, "exchange": "NSI", "exchangeName": "NSE", "exchangeDataDelayedBy": 15, "marketState": "CLOSED", "quoteType": "EQUITY", "symbol": "PNB.NS", "underlyingSymbol": null, "shortName": "PUNJAB NATL BANK", "longName": "Punjab National Bank", "currency": "INR", "quoteSourceName": "Delayed Quote", "currencySymbol": "\u20b9", "fromCurrency": null, "lastMarket": null, "marketCap": 364625068032}, "balanceSheetHistory": {"balanceSheetStatements": [{"maxAge": 1, "endDate": "2020-03-31", "cash": 419141400000, "inventory": 540800000, "otherCurrentAssets": 447746000000, "totalCurrentAssets": 867428200000, "longTermInvestments": 2537824700000, "propertyPlantEquipment": 71257100000, "intangibleAssets": 1362700000, "otherAssets": 5036699800000, "deferredLongTermAssetCharges": 200637400000, "totalAssets": 8514572500000, "accountsPayable": 7102543700000, "otherCurrentLiab": 18240400000, "longTermDebt": 625124100000, "otherLiab": 109755700000, "minorityInterest": 3606900000, "totalCurrentLiabilities": 7137322200000, "totalLiab": 7872202000000, "commonStock": 13475100000, "retainedEarnings": 14209000000, "treasuryStock": 98930300000, "capitalSurplus": 512149200000, "otherStockholderEquity": 98930300000, "totalStockholderEquity": 638763600000, "netTangibleAssets": 637400900000}, {"maxAge": 1, "endDate": "2019-03-31", "cash": 468242300000, "inventory": 1074100000, "otherCurrentAssets": 389658900000, "totalCurrentAssets": 858975300000, "longTermInvestments": 2105783100000, "propertyPlantEquipment": 60731100000, "intangibleAssets": 1731100000, "otherAssets": 4873976800000, "deferredLongTermAssetCharges": 186312700000, "totalAssets": 7901197400000, "accountsPayable": 6818741800000, "otherCurrentLiab": 20464900000, "longTermDebt": 468279700000, "otherLiab": 112353000000, "minorityInterest": 2877000000, "totalCurrentLiabilities": 6856844000000, "totalLiab": 7437476700000, "commonStock": 9208100000, "retainedEarnings": 12892000000, "treasuryStock": 83237400000, "capitalSurplus": 355506200000, "otherStockholderEquity": 83237400000, "totalStockholderEquity": 460843700000, "netTangibleAssets": 459112600000}, {"maxAge": 1, "endDate": "2018-03-31", "cash": 705794900000, "inventory": 1122400000, "otherCurrentAssets": 349928500000, "totalCurrentAssets": 1056845800000, "longTermInvestments": 2044186800000, "propertyPlantEquipment": 62764500000, "intangibleAssets": 945400000, "otherAssets": 4610538200000, "deferredLongTermAssetCharges": 132131400000, "totalAssets": 7775280700000, "accountsPayable": 6484390100000, "otherCurrentLiab": 24330700000, "longTermDebt": 653296600000, "otherLiab": 176243700000, "minorityInterest": 3085300000, "totalCurrentLiabilities": 6527482100000, "totalLiab": 7357022400000, "commonStock": 5521100000, "retainedEarnings": 109327700000, "treasuryStock": 89231600000, "capitalSurplus": 211092600000, "otherStockholderEquity": 89231600000, "totalStockholderEquity": 415173000000, "netTangibleAssets": 414227600000}, {"maxAge": 1, "endDate": "2017-03-31", "cash": 680774200000, "inventory": 1120300000, "otherCurrentAssets": 288072000000, "totalCurrentAssets": 969966500000, "longTermInvestments": 1915271600000, "propertyPlantEquipment": 62213800000, "intangibleAssets": 763800000, "otherAssets": 4384893400000, "deferredLongTermAssetCharges": 61203600000, "totalAssets": 7333109100000, "accountsPayable": 6296508600000, "otherCurrentLiab": 25700800000, "longTermDebt": 433360100000, "otherLiab": 115869200000, "minorityInterest": 7806300000, "totalCurrentLiabilities": 6341920100000, "totalLiab": 6891149400000, "commonStock": 4255900000, "retainedEarnings": 113256000000, "treasuryStock": 209142900000, "capitalSurplus": 107498600000, "otherStockholderEquity": 209142900000, "totalStockholderEquity": 434153400000, "netTangibleAssets": 433389600000}], "maxAge": 86400}, "earningsTrend": {"trend": [{"maxAge": 1, "period": "0q", "endDate": "2018-06-30", "growth": -5.981, "earningsEstimate": {"avg": -8.02, "low": -13.0, "high": -5.38, "yearAgoEps": 1.61, "numberOfAnalysts": 3, "growth": -5.981}, "revenueEstimate": {"avg": 52683400000, "low": 47256000000, "high": 55911000000, "numberOfAnalysts": 5, "yearAgoRevenue": 61869100000, "growth": -0.148}, "epsTrend": {"current": -8.02, "7daysAgo": -9.19, "30daysAgo": -5.38, "60daysAgo": -7.66, "90daysAgo": -7.66}, "epsRevisions": {"upLast7days": 0, "upLast30days": 0, "downLast30days": 0, "downLast90days": {}}}, {"maxAge": 1, "period": "+1q", "endDate": "2018-09-30", "growth": -2.563, "earningsEstimate": {"avg": -4.11, "low": -4.11, "high": -4.11, "yearAgoEps": 2.63, "numberOfAnalysts": 1, "growth": -2.563}, "revenueEstimate": {"avg": 58438000000, "low": 58438000000, "high": 58438000000, "numberOfAnalysts": 1, "yearAgoRevenue": 59212000000, "growth": -0.012999999}, "epsTrend": {"current": -4.11, "7daysAgo": -4.11, "30daysAgo": -4.11, "60daysAgo": -8.48, "90daysAgo": -8.48}, "epsRevisions": {"upLast7days": 0, "upLast30days": 0, "downLast30days": 0, "downLast90days": {}}}, {"maxAge": 1, "period": "0y", "endDate": "2019-03-31", "growth": 0.764, "earningsEstimate": {"avg": -13.09, "low": -38.5, "high": 14.08, "yearAgoEps": -55.39, "numberOfAnalysts": 21, "growth": 0.764}, "revenueEstimate": {"avg": 255429000000, "low": 218798000000, "high": 297000000000, "numberOfAnalysts": 27, "yearAgoRevenue": 238033000000, "growth": 0.073}, "epsTrend": {"current": -13.09, "7daysAgo": -13.0, "30daysAgo": -14.36, "60daysAgo": -15.35, "90daysAgo": 12.11}, "epsRevisions": {"upLast7days": 0, "upLast30days": 0, "downLast30days": 1, "downLast90days": {}}}, {"maxAge": 1, "period": "+1y", "endDate": "2020-03-31", "growth": 2.0180001, "earningsEstimate": {"avg": 13.33, "low": 1.1, "high": 25.7, "yearAgoEps": -13.09, "numberOfAnalysts": 28, "growth": 2.0180001}, "revenueEstimate": {"avg": 285265000000, "low": 242179000000, "high": 336000000000, "numberOfAnalysts": 26, "yearAgoRevenue": 255429000000, "growth": 0.117}, "epsTrend": {"current": 13.33, "7daysAgo": 13.41, "30daysAgo": 13.79, "60daysAgo": 15.37, "90daysAgo": 19.66}, "epsRevisions": {"upLast7days": 0, "upLast30days": 0, "downLast30days": 1, "downLast90days": {}}}, {"maxAge": 1, "period": "+5y", "endDate": null, "growth": 0.4708, "earningsEstimate": {"avg": {}, "low": {}, "high": {}, "yearAgoEps": {}, "numberOfAnalysts": {}, "growth": {}}, "revenueEstimate": {"avg": {}, "low": {}, "high": {}, "numberOfAnalysts": {}, "yearAgoRevenue": {}, "growth": {}}, "epsTrend": {"current": {}, "7daysAgo": {}, "30daysAgo": {}, "60daysAgo": {}, "90daysAgo": {}}, "epsRevisions": {"upLast7days": {}, "upLast30days": {}, "downLast30days": {}, "downLast90days": {}}}, {"maxAge": 1, "period": "-5y", "endDate": null, "growth": -0.29802, "earningsEstimate": {"avg": {}, "low": {}, "high": {}, "yearAgoEps": {}, "numberOfAnalysts": {}, "growth": {}}, "revenueEstimate": {"avg": {}, "low": {}, "high": {}, "numberOfAnalysts": {}, "yearAgoRevenue": {}, "growth": {}}, "epsTrend": {"current": {}, "7daysAgo": {}, "30daysAgo": {}, "60daysAgo": {}, "90daysAgo": {}}, "epsRevisions": {"upLast7days": {}, "upLast30days": {}, "downLast30days": {}, "downLast90days": {}}}], "maxAge": 1}, "institutionOwnership": {"ownershipList": [], "maxAge": 1}, "majorHoldersBreakdown": {"maxAge": 1, "insidersPercentHeld": 0.76869005, "institutionsPercentHeld": 0.104049996, "institutionsFloatPercentHeld": 0.44986, "institutionsCount": 43}, "balanceSheetHistoryQuarterly": {"balanceSheetStatements": [{"maxAge": 1, "endDate": "2020-12-31", "cash": 724990500000, "netReceivables": 462954600000, "totalCurrentAssets": 1187945100000, "longTermInvestments": 4068492200000, "propertyPlantEquipment": 108257100000, "otherAssets": 7397665000000, "totalAssets": 12762359400000, "accountsPayable": 10896325600000, "longTermDebt": 638774100000, "otherLiab": 295168600000, "minorityInterest": 4446500000, "totalCurrentLiabilities": 10896325600000, "totalLiab": 11830268300000, "commonStock": 20955400000, "treasuryStock": 906689200000, "otherStockholderEquity": 906689200000, "totalStockholderEquity": 927644600000, "netTangibleAssets": 927644600000}, {"maxAge": 1, "endDate": "2020-09-30", "cash": 1054295600000, "totalCurrentAssets": 1054295600000, "longTermInvestments": 4071274900000, "propertyPlantEquipment": 108789500000, "otherAssets": 7267268000000, "totalAssets": 12501628000000, "accountsPayable": 10765013700000, "longTermDebt": 596145100000, "otherLiab": 252671800000, "minorityInterest": 4302600000, "totalCurrentLiabilities": 10765013700000, "totalLiab": 11613830600000, "commonStock": 18821300000, "treasuryStock": 864673500000, "otherStockholderEquity": 864673500000, "totalStockholderEquity": 883494800000, "netTangibleAssets": 883494800000}, {"maxAge": 1, "endDate": "2020-06-30", "cash": 364916000000, "netReceivables": 731208300000, "totalCurrentAssets": 1096124300000, "longTermInvestments": 4048759600000, "propertyPlantEquipment": 110150500000, "otherAssets": 7308783100000, "totalAssets": 12563817500000, "accountsPayable": 10815944200000, "longTermDebt": 594263900000, "otherLiab": 271258700000, "minorityInterest": 4059800000, "totalCurrentLiabilities": 10815944200000, "totalLiab": 11681466800000, "commonStock": 18821300000, "treasuryStock": 859469600000, "otherStockholderEquity": 859469600000, "totalStockholderEquity": 878290900000, "netTangibleAssets": 878290900000}, {"maxAge": 1, "endDate": "2020-03-31", "cash": 419141400000, "inventory": 540800000, "otherCurrentAssets": 447746000000, "totalCurrentAssets": 867428200000, "longTermInvestments": 2537824700000, "propertyPlantEquipment": 71257100000, "intangibleAssets": 1362700000, "otherAssets": 5036699800000, "deferredLongTermAssetCharges": 200637400000, "totalAssets": 8514572500000, "accountsPayable": 7102543700000, "otherCurrentLiab": 18240400000, "longTermDebt": 625124100000, "otherLiab": 109755700000, "minorityInterest": 3606900000, "totalCurrentLiabilities": 7137322200000, "totalLiab": 7872202000000, "commonStock": 13475100000, "retainedEarnings": 14209000000, "treasuryStock": 98930300000, "capitalSurplus": 512149200000, "otherStockholderEquity": 98930300000, "totalStockholderEquity": 638763600000, "netTangibleAssets": 637400900000}], "maxAge": 86400}, "earningsHistory": {"history": [{"maxAge": 1, "epsActual": 1.61, "epsEstimate": 1.8, "epsDifference": -0.19, "surprisePercent": -0.106000006, "quarter": "2017-06-30", "period": "-4q"}, {"maxAge": 1, "epsActual": 2.63, "epsEstimate": 1.72, "epsDifference": 0.91, "surprisePercent": 0.52900004, "quarter": "2017-09-30", "period": "-3q"}, {"maxAge": 1, "epsActual": 1.04, "epsEstimate": 2.54, "epsDifference": -1.5, "surprisePercent": -0.59099996, "quarter": "2017-12-31", "period": "-2q"}, {"maxAge": 1, "epsActual": -54.89, "epsEstimate": -12.19, "epsDifference": -42.7, "surprisePercent": -3.5029998, "quarter": "2018-03-31", "period": "-1q"}], "maxAge": 86400}, "summaryProfile": {"address1": "Plot No. 4", "address2": "Sector 10 Dwarka", "city": "New Delhi", "zip": "110075", "country": "India", "phone": "91 11 2804 4857", "website": "http://www.pnbindia.in", "industry": "Banks\u2014Regional", "sector": "Financial Services", "longBusinessSummary": "Punjab National Bank provides various banking and financial products and services in India. The company operates through Treasury, Corporate/Wholesale Banking, Retail Banking, and Other Banking Operations. It offers personal banking products and services, including saving fund accounts, current accounts, fixed deposit, and capital gain account and gold monetization schemes; housing, vehicle, education, personal, and mortgage loans; and cards. The company also provides various micro, small, and medium enterprises schemes; banking products for government customers; agricultural banking services; corporate banking products and services consisting of loans against future lease rentals, working capital financing, and term loans; EXIM finance and cash management services, as well as gold card schemes for exporters; and international banking products and services. In addition, it offers insurance services, such as life, fire, motor vehicle, marine, theft/burglary, fidelity guarantee, personal accident, health, travel, house hold goods, etc.; and depository, mutual fund, merchant banking, and application supported by blocked amount services. Further, the company provides mobile banking, SMS banking, missed call, e-statement, ATM, cash deposit machine, passbook updation machine, and electronic cheque deposit machine services. As of March 31, 2020, it operated a network of 7,041 branches and 9,168 ATMs in India; and 2 branches internationally. The company was founded in 1895 and is headquartered in New Delhi, India.", "fullTimeEmployees": 68781, "companyOfficers": [], "maxAge": 86400}, "netSharePurchaseActivity": {"maxAge": 1, "period": "6m", "buyInfoCount": 0, "buyInfoShares": 0, "sellInfoCount": 0, "netInfoCount": 0, "netInfoShares": 0, "netPercentInsiderShares": 0.0, "totalInsiderShares": 7364543488}, "insiderTransactions": {"transactions": [{"maxAge": 1, "shares": 761944110, "filerUrl": "", "transactionText": "", "filerName": "Life Insurance Corporation of India", "filerRelation": "Institution- Corporation", "moneyText": "", "startDate": "2020-12-21", "ownership": "D"}, {"maxAge": 1, "shares": 2448914462, "filerUrl": "", "transactionText": "", "filerName": "President of India", "filerRelation": "Promoter", "moneyText": "", "startDate": "2020-04-01", "ownership": "D"}, {"maxAge": 1, "shares": 24, "filerUrl": "", "transactionText": "", "filerName": "Kanungo (B P)", "filerRelation": "UNREPORTED", "moneyText": "", "startDate": "2013-05-31", "ownership": "D"}, {"maxAge": 1, "shares": 19462662, "filerUrl": "", "transactionText": "", "filerName": "Life Insurance Corporation of India", "filerRelation": "Institution- Corporation", "moneyText": "", "startDate": "2012-05-12", "ownership": "D"}], "maxAge": 1}, "sectorTrend": {"maxAge": 1, "symbol": null, "estimates": []}, "incomeStatementHistoryQuarterly": {"incomeStatementHistory": [{"maxAge": 1, "endDate": "2020-12-31", "totalRevenue": 60236600000, "costOfRevenue": 0, "grossProfit": 60236600000, "researchDevelopment": {}, "sellingGeneralAdministrative": 29583600000, "nonRecurring": {}, "otherOperatingExpenses": 19888500000, "totalOperatingExpenses": 49472100000, "operatingIncome": 10764500000, "totalOtherIncomeExpenseNet": 1948600000, "ebit": 0, "interestExpense": {}, "incomeBeforeTax": 12713100000, "incomeTaxExpense": 4906800000, "minorityInterest": 4446500000, "netIncomeFromContinuingOps": 7806300000, "discontinuedOperations": {}, "extraordinaryItems": {}, "effectOfAccountingCharges": {}, "otherItems": {}, "netIncome": 7472900000, "netIncomeApplicableToCommonShares": 7472900000}, {"maxAge": 1, "endDate": "2020-09-30", "totalRevenue": 61999600000, "costOfRevenue": 0, "grossProfit": 61999600000, "researchDevelopment": {}, "sellingGeneralAdministrative": 32716300000, "nonRecurring": {}, "otherOperatingExpenses": 19891100000, "totalOperatingExpenses": 52607400000, "operatingIncome": 9392200000, "totalOtherIncomeExpenseNet": 636600000, "ebit": 0, "interestExpense": {}, "incomeBeforeTax": 10028800000, "incomeTaxExpense": 3945600000, "minorityInterest": 4302600000, "netIncomeFromContinuingOps": 6083200000, "discontinuedOperations": {}, "extraordinaryItems": {}, "effectOfAccountingCharges": {}, "otherItems": {}, "netIncome": 5761600000, "netIncomeApplicableToCommonShares": 5761600000}, {"maxAge": 1, "endDate": "2020-06-30", "totalRevenue": 60399100000, "costOfRevenue": 0, "grossProfit": 60399100000, "researchDevelopment": {}, "sellingGeneralAdministrative": 33362400000, "nonRecurring": {}, "otherOperatingExpenses": 18743100000, "totalOperatingExpenses": 52105500000, "operatingIncome": 8293600000, "totalOtherIncomeExpenseNet": 1155000000, "ebit": 0, "interestExpense": {}, "incomeBeforeTax": 9448600000, "incomeTaxExpense": 3541700000, "minorityInterest": 4059800000, "netIncomeFromContinuingOps": 5906900000, "discontinuedOperations": {}, "extraordinaryItems": {}, "effectOfAccountingCharges": {}, "otherItems": {}, "netIncome": 5377100000, "netIncomeApplicableToCommonShares": 5377100000}, {"maxAge": 1, "endDate": "2020-03-31", "totalRevenue": 20231400000, "costOfRevenue": 0, "grossProfit": 20231400000, "researchDevelopment": {}, "sellingGeneralAdministrative": 49772400000, "nonRecurring": {}, "otherOperatingExpenses": -16473100000, "totalOperatingExpenses": 33299300000, "operatingIncome": -13067900000, "totalOtherIncomeExpenseNet": -1976200000, "ebit": 0, "interestExpense": {}, "incomeBeforeTax": -15044100000, "incomeTaxExpense": -7098000000, "minorityInterest": 3606900000, "netIncomeFromContinuingOps": -7946100000, "discontinuedOperations": {}, "extraordinaryItems": {}, "effectOfAccountingCharges": {}, "otherItems": {}, "netIncome": -8204900000, "netIncomeApplicableToCommonShares": -8204900000}], "maxAge": 86400}, "cashflowStatementHistoryQuarterly": {"cashflowStatements": [{"maxAge": 1, "endDate": "2020-12-31", "netIncome": 7472900000, "changeToLiabilities": 0}, {"maxAge": 1, "endDate": "2020-09-30", "netIncome": 5761600000, "changeToLiabilities": 0}, {"maxAge": 1, "endDate": "2020-06-30", "netIncome": 5377100000, "changeToLiabilities": 0}, {"maxAge": 1, "endDate": "2020-03-31", "netIncome": -8204900000, "changeToLiabilities": 0}], "maxAge": 86400}, "earnings": {"maxAge": 86400, "earningsChart": {"quarterly": [{"date": "2Q2017", "actual": 1.61, "estimate": 1.8}, {"date": "3Q2017", "actual": 2.63, "estimate": 1.72}, {"date": "4Q2017", "actual": 1.04, "estimate": 2.54}, {"date": "1Q2018", "actual": -54.89, "estimate": -12.19}], "currentQuarterEstimate": -8.02, "currentQuarterEstimateDate": "2Q", "currentQuarterEstimateYear": 2018, "earningsDate": []}, "financialsChart": {"yearly": [{"date": 2017, "revenue": 110636500000, "earnings": 11872400000}, {"date": 2018, "revenue": 10582500000, "earnings": -121133700000}, {"date": 2019, "revenue": 16628500000, "earnings": -95701100000}, {"date": 2020, "revenue": 125138300000, "earnings": 4384500000}], "quarterly": [{"date": "1Q2020", "revenue": 20231400000, "earnings": -8204900000}, {"date": "2Q2020", "revenue": 60399100000, "earnings": 5377100000}, {"date": "3Q2020", "revenue": 61999600000, "earnings": 5761600000}, {"date": "4Q2020", "revenue": 60236600000, "earnings": 7472900000}]}, "financialCurrency": "INR"}, "financialData": {"maxAge": 86400, "currentPrice": 34.85, "targetHighPrice": 240.0, "targetLowPrice": 55.0, "targetMeanPrice": 119.09, "targetMedianPrice": 90.0, "recommendationMean": 3.3, "recommendationKey": "hold", "numberOfAnalystOpinions": 33, "totalCash": 724990492672, "totalCashPerShare": 75.672, "totalDebt": 638774083584, "totalRevenue": 202866704384, "revenuePerShare": 23.133, "returnOnAssets": 0.00112, "returnOnEquity": 0.015, "grossProfits": 125138300000, "revenueGrowth": 1.266, "grossMargins": 0.0, "ebitdaMargins": 0.0, "operatingMargins": 0.075830005, "profitMargins": 0.0513, "financialCurrency": "INR"}}}