{"PNBGILTS.BO": {"recommendationTrend": {"trend": [{"period": "0m", "strongBuy": 0, "buy": 0, "hold": 0, "sell": 0, "strongSell": 0}, {"period": "-1m", "strongBuy": 0, "buy": 0, "hold": 0, "sell": 0, "strongSell": 0}, {"period": "-2m", "strongBuy": 0, "buy": 0, "hold": 0, "sell": 0, "strongSell": 0}, {"period": "-3m", "strongBuy": 0, "buy": 0, "hold": 0, "sell": 0, "strongSell": 0}], "maxAge": 86400}, "cashflowStatementHistory": {"cashflowStatements": [{"maxAge": 1, "endDate": "2020-03-31", "netIncome": 1863546000, "depreciation": 11508000, "changeToNetincome": 126822000, "changeToLiabilities": 0, "changeToOperatingActivities": 108277000, "totalCashFromOperatingActivities": -38978708000, "capitalExpenditures": -13428000, "totalCashflowsFromInvestingActivities": -13428000, "dividendsPaid": -303817000, "netBorrowings": 39300835000, "otherCashflowsFromFinancingActivities": 506000, "totalCashFromFinancingActivities": 38997524000, "changeInCash": 5388000}, {"maxAge": 1, "endDate": "2019-03-31", "netIncome": 528578000, "depreciation": 4065000, "changeToNetincome": 97535000, "changeToLiabilities": 0, "changeToOperatingActivities": -994017000, "totalCashFromOperatingActivities": -38431890000, "capitalExpenditures": -5001000, "totalCashflowsFromInvestingActivities": -4981000, "dividendsPaid": -217379000, "netBorrowings": 38652654000, "otherCashflowsFromFinancingActivities": 506000, "totalCashFromFinancingActivities": 38435275000, "changeInCash": -1596000}, {"maxAge": 1, "endDate": "2018-03-31", "netIncome": 14143000, "depreciation": 4650000, "changeToNetincome": -193126000, "changeToLiabilities": 0, "changeToOperatingActivities": -1324841000, "totalCashFromOperatingActivities": -7999367000, "capitalExpenditures": -2703000, "totalCashflowsFromInvestingActivities": -2563000, "dividendsPaid": -451907000, "netBorrowings": 8547245000, "otherCashflowsFromFinancingActivities": -91615000, "totalCashFromFinancingActivities": 8003723000, "changeInCash": 1793000}, {"maxAge": 1, "endDate": "2017-03-31", "netIncome": 1671738000, "depreciation": 3355000, "changeToNetincome": 26079000, "changeToLiabilities": 652000, "changeToInventory": 10752297000, "changeToOperatingActivities": -325296000, "totalCashFromOperatingActivities": 12128825000, "capitalExpenditures": -5718000, "investments": 1979210000, "totalCashflowsFromInvestingActivities": 1974455000, "dividendsPaid": -238322000, "netBorrowings": -14067466000, "otherCashflowsFromFinancingActivities": -91615000, "totalCashFromFinancingActivities": -14305788000, "changeInCash": -202508000}], "maxAge": 86400}, "institutionOwnership": {"maxAge": 1, "ownershipList": []}, "balanceSheetHistoryQuarterly": {"balanceSheetStatements": [{"maxAge": 1, "endDate": "2020-06-30", "totalStockholderEquity": 10425308000, "netTangibleAssets": 10423991000}, {"maxAge": 1, "endDate": "2020-03-31", "cash": 7440000, "netReceivables": 2450338000, "otherCurrentAssets": 669707000, "totalCurrentAssets": 142539374000, "propertyPlantEquipment": 33318000, "intangibleAssets": 1317000, "otherAssets": 8997000, "totalAssets": 142583006000, "accountsPayable": 11031000, "otherCurrentLiab": 21075000, "otherLiab": 88927000, "deferredLongTermLiab": 6293000, "totalCurrentLiabilities": 132062390000, "totalLiab": 132157698000, "commonStock": 1800101000, "retainedEarnings": 7113076000, "treasuryStock": 1262004000, "capitalSurplus": 250127000, "otherStockholderEquity": 1262004000, "totalStockholderEquity": 10425308000, "netTangibleAssets": 10423991000}, {"maxAge": 1, "endDate": "2019-12-31", "totalStockholderEquity": 9002014000, "netTangibleAssets": 9000348000}, {"maxAge": 1, "endDate": "2019-09-30", "cash": 59455000, "netReceivables": 501047000, "otherCurrentAssets": 47245000, "totalCurrentAssets": 7310401000, "longTermInvestments": 120012801000, "propertyPlantEquipment": 78741000, "intangibleAssets": 1666000, "otherAssets": 35371000, "deferredLongTermAssetCharges": 23210000, "totalAssets": 127438980000, "accountsPayable": 8393000, "otherCurrentLiab": 6929000, "otherLiab": 1215000, "totalCurrentLiabilities": 118379975000, "totalLiab": 118436966000, "commonStock": 1800101000, "treasuryStock": 7201913000, "otherStockholderEquity": 7201913000, "totalStockholderEquity": 9002014000, "netTangibleAssets": 9000348000}], "maxAge": 86400}, "earningsHistory": {"history": [{"maxAge": 1, "epsActual": {}, "epsEstimate": {}, "epsDifference": {}, "surprisePercent": {}, "quarter": {}, "period": "-4q"}, {"maxAge": 1, "epsActual": {}, "epsEstimate": {}, "epsDifference": {}, "surprisePercent": {}, "quarter": {}, "period": "-3q"}, {"maxAge": 1, "epsActual": {}, "epsEstimate": {}, "epsDifference": {}, "surprisePercent": {}, "quarter": {}, "period": "-2q"}, {"maxAge": 1, "epsActual": 0.8, "epsEstimate": 2.82, "epsDifference": -2.02, "surprisePercent": -0.71599996, "quarter": "2017-09-30", "period": "-1q"}], "maxAge": 86400}, "indexTrend": {"maxAge": 1, "symbol": "SP5", "peRatio": 19.7411, "pegRatio": 1.34172, "estimates": [{"period": "0q", "growth": 0.549}, {"period": "+1q", "growth": 0.431}, {"period": "0y", "growth": 0.305}, {"period": "+1y", "growth": 0.109}, {"period": "+5y", "growth": 0.120865}, {"period": "-5y"}]}, "industryTrend": {"maxAge": 1, "symbol": null, "estimates": []}, "insiderTransactions": {"transactions": [{"maxAge": 1, "shares": 66, "filerUrl": "", "transactionText": "", "filerName": "Gupta (Sunita)", "filerRelation": "Director", "moneyText": "", "startDate": "2013-07-06", "ownership": "D"}, {"maxAge": 1, "shares": 200, "filerUrl": "", "transactionText": "", "filerName": "Gupta (Sunita)", "filerRelation": "Director", "moneyText": "", "startDate": "2013-06-06", "ownership": "D"}], "maxAge": 1}, "quoteType": {"exchange": "BSE", "quoteType": "EQUITY", "symbol": "PNBGILTS.BO", "underlyingSymbol": "PNBGILTS.BO", "shortName": "PNB GILTS LTD.", "longName": "PNB Gilts Ltd.", "firstTradeDateEpochUtc": "2000-09-25 09:15:00", "timeZoneFullName": "Asia/Kolkata", "timeZoneShortName": "IST", "uuid": "e63f88de-813e-35eb-966c-d654477d67b2", "messageBoardId": null, "gmtOffSetMilliseconds": 19800000, "maxAge": 1}, "incomeStatementHistory": {"incomeStatementHistory": [{"maxAge": 1, "endDate": "2020-03-31", "totalRevenue": 3632397000, "costOfRevenue": 120525000, "grossProfit": 3511872000, "researchDevelopment": {}, "sellingGeneralAdministrative": 127524000, "nonRecurring": {}, "otherOperatingExpenses": 60651000, "totalOperatingExpenses": 323181000, "operatingIncome": 3309216000, "totalOtherIncomeExpenseNet": -811159000, "ebit": 0, "interestExpense": {}, "incomeBeforeTax": 2498057000, "incomeTaxExpense": 634511000, "minorityInterest": {}, "netIncomeFromContinuingOps": 1863546000, "discontinuedOperations": {}, "extraordinaryItems": {}, "effectOfAccountingCharges": {}, "otherItems": {}, "netIncome": 1863546000, "netIncomeApplicableToCommonShares": 1863546000}, {"maxAge": 1, "endDate": "2019-03-31", "totalRevenue": 1045567000, "costOfRevenue": 63422000, "grossProfit": 982145000, "researchDevelopment": {}, "sellingGeneralAdministrative": 87937000, "nonRecurring": {}, "otherOperatingExpenses": 59915000, "totalOperatingExpenses": 215510000, "operatingIncome": 830057000, "totalOtherIncomeExpenseNet": 150000, "ebit": 0, "interestExpense": {}, "incomeBeforeTax": 830207000, "incomeTaxExpense": 301629000, "minorityInterest": {}, "netIncomeFromContinuingOps": 528578000, "discontinuedOperations": {}, "extraordinaryItems": {}, "effectOfAccountingCharges": {}, "otherItems": {}, "netIncome": 528578000, "netIncomeApplicableToCommonShares": 528578000}, {"maxAge": 1, "endDate": "2018-03-31", "totalRevenue": 717170000, "costOfRevenue": 55165000, "grossProfit": 662005000, "researchDevelopment": {}, "sellingGeneralAdministrative": 77409000, "nonRecurring": {}, "otherOperatingExpenses": 566654000, "totalOperatingExpenses": 704078000, "operatingIncome": 13092000, "totalOtherIncomeExpenseNet": 96000, "ebit": 0, "interestExpense": {}, "incomeBeforeTax": 13188000, "incomeTaxExpense": -955000, "minorityInterest": {}, "netIncomeFromContinuingOps": 14143000, "discontinuedOperations": {}, "extraordinaryItems": {}, "effectOfAccountingCharges": {}, "otherItems": {}, "netIncome": 14143000, "netIncomeApplicableToCommonShares": 14143000}, {"maxAge": 1, "endDate": "2017-03-31", "totalRevenue": 2746824000, "costOfRevenue": 59368000, "grossProfit": 2687456000, "researchDevelopment": {}, "sellingGeneralAdministrative": 76886000, "nonRecurring": {}, "otherOperatingExpenses": 42514000, "totalOperatingExpenses": 182123000, "operatingIncome": 2564701000, "totalOtherIncomeExpenseNet": 710000, "ebit": 0, "interestExpense": {}, "incomeBeforeTax": 2565411000, "incomeTaxExpense": 893673000, "minorityInterest": {}, "netIncomeFromContinuingOps": 1671738000, "discontinuedOperations": {}, "extraordinaryItems": {}, "effectOfAccountingCharges": {}, "otherItems": {}, "netIncome": 1671738000, "netIncomeApplicableToCommonShares": 1671738000}], "maxAge": 86400}, "fundOwnership": {"maxAge": 1, "ownershipList": []}, "summaryDetail": {"maxAge": 1, "priceHint": 2, "previousClose": 52.0, "open": 52.0, "dayLow": 51.75, "dayHigh": 52.9, "regularMarketPreviousClose": 52.0, "regularMarketOpen": 52.0, "regularMarketDayLow": 51.75, "regularMarketDayHigh": 52.9, "trailingPE": 2.2065668, "forwardPE": 4.178686, "volume": 23734, "regularMarketVolume": 23734, "averageVolume": 108978, "averageVolume10days": 197092, "averageDailyVolume10Day": 197092, "bid": 52.15, "ask": 0.0, "bidSize": 0, "askSize": 0, "marketCap": 9387522048, "fiftyTwoWeekLow": 21.5, "fiftyTwoWeekHigh": 61.45, "fiftyDayAverage": 46.49853, "twoHundredDayAverage": 43.377205, "trailingAnnualDividendRate": 3.0, "trailingAnnualDividendYield": 0.057692308, "currency": "INR", "fromCurrency": null, "toCurrency": null, "lastMarket": null, "algorithm": null, "tradeable": false}, "sectorTrend": {"maxAge": 1, "symbol": null, "estimates": []}, "incomeStatementHistoryQuarterly": {"incomeStatementHistory": [{"maxAge": 1, "endDate": "2020-06-30", "totalRevenue": 3882322000, "costOfRevenue": 26101000, "grossProfit": 3856221000, "researchDevelopment": {}, "sellingGeneralAdministrative": 23604000, "nonRecurring": {}, "otherOperatingExpenses": 24838000, "totalOperatingExpenses": 78046000, "operatingIncome": 3804276000, "totalOtherIncomeExpenseNet": 0, "ebit": 0, "interestExpense": {}, "incomeBeforeTax": 3804276000, "incomeTaxExpense": 960387000, "minorityInterest": {}, "netIncomeFromContinuingOps": 2843889000, "discontinuedOperations": {}, "extraordinaryItems": {}, "effectOfAccountingCharges": {}, "otherItems": {}, "netIncome": 2843889000, "netIncomeApplicableToCommonShares": 2843889000}, {"maxAge": 1, "endDate": "2020-03-31", "totalRevenue": 1432451000, "costOfRevenue": 43413000, "grossProfit": 1389038000, "researchDevelopment": {}, "sellingGeneralAdministrative": 63356000, "nonRecurring": {}, "otherOperatingExpenses": 9132000, "totalOperatingExpenses": 112791000, "operatingIncome": 1319660000, "totalOtherIncomeExpenseNet": 999000, "ebit": 0, "interestExpense": {}, "incomeBeforeTax": 1320659000, "incomeTaxExpense": 330515000, "minorityInterest": {}, "netIncomeFromContinuingOps": 990144000, "discontinuedOperations": {}, "extraordinaryItems": {}, "effectOfAccountingCharges": {}, "otherItems": {}, "netIncome": 990144000, "netIncomeApplicableToCommonShares": 990144000}, {"maxAge": 1, "endDate": "2019-12-31", "totalRevenue": 773707000, "costOfRevenue": 25463000, "grossProfit": 748244000, "researchDevelopment": {}, "sellingGeneralAdministrative": 23096000, "nonRecurring": {}, "otherOperatingExpenses": 17278000, "totalOperatingExpenses": 72115000, "operatingIncome": 701592000, "totalOtherIncomeExpenseNet": -131784000, "ebit": 0, "interestExpense": {}, "incomeBeforeTax": 569808000, "incomeTaxExpense": 128845000, "minorityInterest": {}, "netIncomeFromContinuingOps": 440963000, "discontinuedOperations": {}, "extraordinaryItems": {}, "effectOfAccountingCharges": {}, "otherItems": {}, "netIncome": 440963000, "netIncomeApplicableToCommonShares": 440963000}, {"maxAge": 1, "endDate": "2019-09-30", "totalRevenue": 635334000, "costOfRevenue": 29658000, "grossProfit": 605676000, "researchDevelopment": {}, "sellingGeneralAdministrative": 22595000, "nonRecurring": {}, "otherOperatingExpenses": 17651000, "totalOperatingExpenses": 76045000, "operatingIncome": 559289000, "totalOtherIncomeExpenseNet": -625474000, "ebit": 0, "interestExpense": {}, "incomeBeforeTax": -66185000, "incomeTaxExpense": -47016000, "minorityInterest": {}, "netIncomeFromContinuingOps": -19169000, "discontinuedOperations": {}, "extraordinaryItems": {}, "effectOfAccountingCharges": {}, "otherItems": {}, "netIncome": -19169000, "netIncomeApplicableToCommonShares": -19169000}], "maxAge": 86400}, "cashflowStatementHistoryQuarterly": {"cashflowStatements": [{"maxAge": 1, "endDate": "2020-06-30", "netIncome": 2843889000, "changeToLiabilities": 0}, {"maxAge": 1, "endDate": "2020-03-31", "netIncome": 990144000, "changeToLiabilities": 0}, {"maxAge": 1, "endDate": "2019-12-31", "netIncome": 440963000, "changeToLiabilities": 0}, {"maxAge": 1, "endDate": "2019-09-30", "netIncome": -19169000, "changeToLiabilities": 0}], "maxAge": 86400}, "insiderHolders": {"holders": [{"maxAge": 1, "name": "Gupta (Sunita)", "relation": "Director", "url": "", "transactionDescription": "Other", "latestTransDate": "2013-07-06", "positionDirect": 266, "positionDirectDate": "2013-07-06"}], "maxAge": 1}, "earnings": {"maxAge": 86400, "earningsChart": {"quarterly": [{"date": "3Q2017", "actual": 0.8, "estimate": 2.82}], "currentQuarterEstimateDate": "4Q", "currentQuarterEstimateYear": 2017, "earningsDate": []}, "financialsChart": {"yearly": [{"date": 2017, "revenue": 2746824000, "earnings": 1671738000}, {"date": 2018, "revenue": 717170000, "earnings": 14143000}, {"date": 2019, "revenue": 1045567000, "earnings": 528578000}, {"date": 2020, "revenue": 3632397000, "earnings": 1863546000}], "quarterly": [{"date": "3Q2019", "revenue": 635334000, "earnings": -19169000}, {"date": "4Q2019", "revenue": 773707000, "earnings": 440963000}, {"date": "1Q2020", "revenue": 1432451000, "earnings": 990144000}, {"date": "2Q2020", "revenue": 3882322000, "earnings": 2843889000}]}, "financialCurrency": "INR"}, "calendarEvents": {"maxAge": 1, "earnings": {"earningsDate": [], "revenueAverage": 682606000}}, "price": {"maxAge": 1, "regularMarketChangePercent": 0.0028846448, "regularMarketChange": 0.15000153, "regularMarketTime": "2021-04-30 15:44:11", "priceHint": 2, "regularMarketPrice": 52.15, "regularMarketDayHigh": 52.9, "regularMarketDayLow": 51.75, "regularMarketVolume": 23734, "averageDailyVolume10Day": 197092, "averageDailyVolume3Month": 108978, "regularMarketPreviousClose": 52.0, "regularMarketSource": "FREE_REALTIME", "regularMarketOpen": 52.0, "exchange": "BSE", "exchangeName": "BSE", "exchangeDataDelayedBy": 0, "marketState": "CLOSED", "quoteType": "EQUITY", "symbol": "PNBGILTS.BO", "underlyingSymbol": null, "shortName": "PNB GILTS LTD.", "longName": "PNB Gilts Ltd.", "currency": "INR", "quoteSourceName": "Delayed Quote", "currencySymbol": "\u20b9", "fromCurrency": null, "toCurrency": null, "lastMarket": null, "marketCap": 9387522048}, "balanceSheetHistory": {"balanceSheetStatements": [{"maxAge": 1, "endDate": "2020-03-31", "cash": 7440000, "netReceivables": 2450338000, "otherCurrentAssets": 669707000, "totalCurrentAssets": 142539374000, "propertyPlantEquipment": 33318000, "intangibleAssets": 1317000, "otherAssets": 8997000, "totalAssets": 142583006000, "accountsPayable": 11031000, "otherCurrentLiab": 21075000, "otherLiab": 88927000, "deferredLongTermLiab": 6293000, "totalCurrentLiabilities": 132062390000, "totalLiab": 132157698000, "commonStock": 1800101000, "retainedEarnings": 7113076000, "treasuryStock": 1262004000, "capitalSurplus": 250127000, "otherStockholderEquity": 1262004000, "totalStockholderEquity": 10425308000, "netTangibleAssets": 10423991000}, {"maxAge": 1, "endDate": "2019-03-31", "cash": 2052000, "netReceivables": 1995505000, "otherCurrentAssets": 1253080000, "totalCurrentAssets": 95174537000, "propertyPlantEquipment": 22879000, "intangibleAssets": 2919000, "otherAssets": 20068000, "deferredLongTermAssetCharges": 9742000, "totalAssets": 95220403000, "accountsPayable": 7244000, "otherCurrentLiab": 16857000, "deferredLongTermLiab": 7484000, "totalCurrentLiabilities": 86343681000, "totalLiab": 86343681000, "commonStock": 1800101000, "retainedEarnings": 5564490000, "treasuryStock": 1262004000, "capitalSurplus": 250127000, "otherStockholderEquity": 1262004000, "totalStockholderEquity": 8876722000, "netTangibleAssets": 8873803000}, {"maxAge": 1, "endDate": "2018-03-31", "cash": 3648000, "netReceivables": 1054250000, "otherCurrentAssets": 1237063000, "totalCurrentAssets": 52356642000, "propertyPlantEquipment": 26640000, "intangibleAssets": 29000, "otherAssets": 139668000, "deferredLongTermAssetCharges": 135910000, "totalAssets": 52522979000, "accountsPayable": 1998000, "otherCurrentLiab": 68564000, "deferredLongTermLiab": 2480000, "totalCurrentLiabilities": 43952279000, "totalLiab": 43952279000, "commonStock": 1800101000, "retainedEarnings": 5258468000, "treasuryStock": 1262004000, "capitalSurplus": 250127000, "otherStockholderEquity": 1262004000, "totalStockholderEquity": 8570700000, "netTangibleAssets": 8570671000}, {"maxAge": 1, "endDate": "2017-03-31", "cash": 9395000, "netReceivables": 710716000, "otherCurrentAssets": 1470524000, "totalCurrentAssets": 41044155000, "longTermInvestments": 4425441000, "propertyPlantEquipment": 29911000, "intangibleAssets": 229000, "otherAssets": 155341000, "deferredLongTermAssetCharges": 4701000, "totalAssets": 45655077000, "accountsPayable": 874000, "otherCurrentLiab": 1493232000, "otherLiab": 10493000, "totalCurrentLiabilities": 36656084000, "totalLiab": 36666577000, "commonStock": 1800101000, "retainedEarnings": 6938272000, "capitalSurplus": 250127000, "totalStockholderEquity": 8988500000, "netTangibleAssets": 8988271000}], "maxAge": 86400}, "earningsTrend": {"trend": [{"maxAge": 1, "period": "0q", "endDate": "2017-12-31", "growth": {}, "earningsEstimate": {"avg": 0.0, "low": 0.0, "high": 0.0, "yearAgoEps": {}, "numberOfAnalysts": 0, "growth": {}}, "revenueEstimate": {"avg": 682606000, "low": 0, "high": 0, "numberOfAnalysts": 0, "yearAgoRevenue": {}, "growth": {}}, "epsTrend": {"current": 0.0, "7daysAgo": 0.0, "30daysAgo": 0.0, "60daysAgo": 0.0, "90daysAgo": 0.0}, "epsRevisions": {"upLast7days": 0, "upLast30days": 0, "downLast30days": 0, "downLast90days": {}}}, {"maxAge": 1, "period": "+1q", "endDate": "2018-03-31", "growth": {}, "earningsEstimate": {"avg": 0.0, "low": 0.0, "high": 0.0, "yearAgoEps": {}, "numberOfAnalysts": 0, "growth": {}}, "revenueEstimate": {"avg": 1036980000, "low": 0, "high": 0, "numberOfAnalysts": 0, "yearAgoRevenue": 608323000, "growth": 0.705}, "epsTrend": {"current": 0.0, "7daysAgo": 0.0, "30daysAgo": 0.0, "60daysAgo": 0.0, "90daysAgo": 0.0}, "epsRevisions": {"upLast7days": 0, "upLast30days": 0, "downLast30days": 0, "downLast90days": {}}}, {"maxAge": 1, "period": "0y", "endDate": "2018-03-31", "growth": {}, "earningsEstimate": {"avg": 0.0, "low": 0.0, "high": 0.0, "yearAgoEps": {}, "numberOfAnalysts": 0, "growth": {}}, "revenueEstimate": {"avg": 4099370000, "low": 5449250000, "high": 5449250000, "numberOfAnalysts": 1, "yearAgoRevenue": 4999310000, "growth": -0.18}, "epsTrend": {"current": 0.0, "7daysAgo": 10.69, "30daysAgo": 10.69, "60daysAgo": 10.69, "90daysAgo": 10.69}, "epsRevisions": {"upLast7days": 0, "upLast30days": 0, "downLast30days": 0, "downLast90days": {}}}, {"maxAge": 1, "period": "+1y", "endDate": "2019-03-31", "growth": {}, "earningsEstimate": {"avg": 0.0, "low": 0.0, "high": 0.0, "yearAgoEps": {}, "numberOfAnalysts": 0, "growth": {}}, "revenueEstimate": {"avg": 5885190000, "low": 5885190000, "high": 5885190000, "numberOfAnalysts": 1, "yearAgoRevenue": 4099370000, "growth": 0.436}, "epsTrend": {"current": 0.0, "7daysAgo": 12.48, "30daysAgo": 12.48, "60daysAgo": 12.48, "90daysAgo": 12.48}, "epsRevisions": {"upLast7days": 0, "upLast30days": 0, "downLast30days": 0, "downLast90days": {}}}, {"maxAge": 1, "period": "+5y", "endDate": null, "growth": {}, "earningsEstimate": {"avg": {}, "low": {}, "high": {}, "yearAgoEps": {}, "numberOfAnalysts": {}, "growth": {}}, "revenueEstimate": {"avg": {}, "low": {}, "high": {}, "numberOfAnalysts": {}, "yearAgoRevenue": {}, "growth": {}}, "epsTrend": {"current": {}, "7daysAgo": {}, "30daysAgo": {}, "60daysAgo": {}, "90daysAgo": {}}, "epsRevisions": {"upLast7days": {}, "upLast30days": {}, "downLast30days": {}, "downLast90days": {}}}, {"maxAge": 1, "period": "-5y", "endDate": null, "growth": {}, "earningsEstimate": {"avg": {}, "low": {}, "high": {}, "yearAgoEps": {}, "numberOfAnalysts": {}, "growth": {}}, "revenueEstimate": {"avg": {}, "low": {}, "high": {}, "numberOfAnalysts": {}, "yearAgoRevenue": {}, "growth": {}}, "epsTrend": {"current": {}, "7daysAgo": {}, "30daysAgo": {}, "60daysAgo": {}, "90daysAgo": {}}, "epsRevisions": {"upLast7days": {}, "upLast30days": {}, "downLast30days": {}, "downLast90days": {}}}], "maxAge": 1}, "financialData": {"maxAge": 86400, "currentPrice": 52.15, "targetHighPrice": 31.0, "targetLowPrice": 31.0, "targetMeanPrice": 31.0, "targetMedianPrice": 31.0, "recommendationKey": "none", "numberOfAnalystOpinions": 1, "grossProfits": 3511872000, "financialCurrency": "INR"}}}