{"PNBGILTS.NS": {"assetProfile": {"address1": "5, Sansad Marg", "city": "New Delhi", "zip": "110001", "country": "India", "phone": "91 11 2332 5759", "fax": "91 11 2332 5751", "website": "http://www.pnbgilts.com", "industry": "Capital Markets", "sector": "Financial Services", "longBusinessSummary": "PNB Gilts Ltd. operates as a primary dealer in government securities in India. The company is involved in underwriting government securities issuances; and trading fixed income instruments, such as government securities, treasury bills, state development loans, corporate bonds, and interest rate swaps; and provision of custodian services to its constituents. It also provides gilts accounts and mutual funds, as well as non-SLR papers, including bonds issued by public sector undertakings and other corporate bodies. In addition, the company trades in short term money market instruments comprising call/notice/term money, repo/reverse repo, inter corporate deposits, commercial papers, and certificates of deposit. It serves provident funds trusts, regional rural banks, co-operative banks, corporates, individuals, etc. The company was incorporated in 1996 and is based in New Delhi, India. PNB Gilts Ltd. is a subsidiary of Punjab National Bank.", "fullTimeEmployees": 38, "companyOfficers": [{"maxAge": 1, "name": "Mr. Vikas  Goel", "age": 54, "title": "MD, CEO & Exec. Director", "yearBorn": 1966, "fiscalYear": 2020, "totalPay": 10047000, "exercisedValue": 0, "unexercisedValue": 0}, {"maxAge": 1, "name": "Ms. Monika  Kochar", "title": "Sr. VP, Compliance Officer & Company Sec.", "fiscalYear": 2020, "totalPay": 2694000, "exercisedValue": 0, "unexercisedValue": 0}, {"maxAge": 1, "name": "Mr. Surinder Singh Kohli", "age": 75, "title": "Chairman of Management Board", "yearBorn": 1945, "exercisedValue": 0, "unexercisedValue": 0}, {"maxAge": 1, "name": "Mr. Chandra  Prakash", "title": "Chief Financial Officer", "exercisedValue": 0, "unexercisedValue": 0}, {"maxAge": 1, "name": "Mr. Mohanjit  Singh", "title": "Member of Management Board", "exercisedValue": 0, "unexercisedValue": 0}, {"maxAge": 1, "name": "Mr. Vijay  Sharma", "title": "Sr. Exec. VP of Information Technology", "exercisedValue": 0, "unexercisedValue": 0}, {"maxAge": 1, "name": "Mrs. Seema  Misra", "title": "Sr. Exec. VP", "exercisedValue": 0, "unexercisedValue": 0}, {"maxAge": 1, "name": "Mr. Uttam Kumar Saha", "title": "Exec. VP of Mumbai Branch Office", "exercisedValue": 0, "unexercisedValue": 0}, {"maxAge": 1, "name": "Mr. I. D. Singh", "title": "Zonal Head of Punjab for Punjab National Bank", "exercisedValue": 0, "unexercisedValue": 0}], "compensationAsOfEpochDate": "2020-12-31 05:30:00", "maxAge": 86400}, "cashflowStatementHistory": {"cashflowStatements": [{"maxAge": 1, "endDate": "2020-03-31", "netIncome": 1863546000, "depreciation": 11508000, "changeToNetincome": 126822000, "changeToLiabilities": 0, "changeToOperatingActivities": 108277000, "totalCashFromOperatingActivities": -38978708000, "capitalExpenditures": -13428000, "totalCashflowsFromInvestingActivities": -13428000, "dividendsPaid": -303817000, "netBorrowings": 39300835000, "otherCashflowsFromFinancingActivities": 506000, "totalCashFromFinancingActivities": 38997524000, "changeInCash": 5388000}, {"maxAge": 1, "endDate": "2019-03-31", "netIncome": 528578000, "depreciation": 4065000, "changeToNetincome": 97535000, "changeToLiabilities": 0, "changeToOperatingActivities": -994017000, "totalCashFromOperatingActivities": -38431890000, "capitalExpenditures": -5001000, "totalCashflowsFromInvestingActivities": -4981000, "dividendsPaid": -217379000, "netBorrowings": 38652654000, "otherCashflowsFromFinancingActivities": 506000, "totalCashFromFinancingActivities": 38435275000, "changeInCash": -1596000}, {"maxAge": 1, "endDate": "2018-03-31", "netIncome": 14143000, "depreciation": 4650000, "changeToNetincome": -193126000, "changeToLiabilities": 0, "changeToOperatingActivities": -1324841000, "totalCashFromOperatingActivities": -7999367000, "capitalExpenditures": -2703000, "totalCashflowsFromInvestingActivities": -2563000, "dividendsPaid": -451907000, "netBorrowings": 8547245000, "otherCashflowsFromFinancingActivities": -91615000, "totalCashFromFinancingActivities": 8003723000, "changeInCash": 1793000}, {"maxAge": 1, "endDate": "2017-03-31", "netIncome": 1671738000, "depreciation": 3355000, "changeToNetincome": 26079000, "changeToLiabilities": 652000, "changeToInventory": 10752297000, "changeToOperatingActivities": -325296000, "totalCashFromOperatingActivities": 12128825000, "capitalExpenditures": -5718000, "investments": 1979210000, "totalCashflowsFromInvestingActivities": 1974455000, "dividendsPaid": -238322000, "netBorrowings": -14067466000, "otherCashflowsFromFinancingActivities": -91615000, "totalCashFromFinancingActivities": -14305788000, "changeInCash": -202508000}], "maxAge": 86400}, "institutionOwnership": {"ownershipList": [], "maxAge": 1}, "majorHoldersBreakdown": {"maxAge": 1, "insidersPercentHeld": 0.74142, "institutionsPercentHeld": 0.0, "institutionsFloatPercentHeld": 0.0, "institutionsCount": 0}, "balanceSheetHistoryQuarterly": {"balanceSheetStatements": [{"maxAge": 1, "endDate": "2020-12-31", "totalStockholderEquity": 12899280000, "netTangibleAssets": 12894973000}, {"maxAge": 1, "endDate": "2020-09-30", "cash": 1564087000, "netReceivables": 615222000, "otherCurrentAssets": 29121000, "totalCurrentAssets": 13220036000, "longTermInvestments": 151345745000, "propertyPlantEquipment": 31098000, "intangibleAssets": 4307000, "otherAssets": 21608000, "totalAssets": 164622794000, "accountsPayable": 12868000, "otherCurrentLiab": 562339000, "otherLiab": 82793000, "totalCurrentLiabilities": 151636140000, "totalLiab": 151723514000, "commonStock": 1800101000, "treasuryStock": 11099179000, "otherStockholderEquity": 11099179000, "totalStockholderEquity": 12899280000, "netTangibleAssets": 12894973000}, {"maxAge": 1, "endDate": "2020-06-30", "totalStockholderEquity": 10425308000, "netTangibleAssets": 10423991000}, {"maxAge": 1, "endDate": "2020-03-31", "cash": 7440000, "netReceivables": 2450338000, "otherCurrentAssets": 669707000, "totalCurrentAssets": 142539374000, "propertyPlantEquipment": 33318000, "intangibleAssets": 1317000, "otherAssets": 8997000, "totalAssets": 142583006000, "accountsPayable": 11031000, "otherCurrentLiab": 21075000, "otherLiab": 88927000, "deferredLongTermLiab": 6293000, "totalCurrentLiabilities": 132062390000, "totalLiab": 132157698000, "commonStock": 1800101000, "retainedEarnings": 7113076000, "treasuryStock": 1262004000, "capitalSurplus": 250127000, "otherStockholderEquity": 1262004000, "totalStockholderEquity": 10425308000, "netTangibleAssets": 10423991000}], "maxAge": 86400}, "indexTrend": {"maxAge": 1, "symbol": "SP5", "peRatio": 19.7411, "pegRatio": 1.34172, "estimates": [{"period": "0q", "growth": 0.549}, {"period": "+1q", "growth": 0.431}, {"period": "0y", "growth": 0.305}, {"period": "+1y", "growth": 0.109}, {"period": "+5y", "growth": 0.120865}, {"period": "-5y"}]}, "defaultKeyStatistics": {"maxAge": 1, "priceHint": 2, "enterpriseValue": 147777748992, "profitMargins": 0.71359, "floatShares": 41323804, "sharesOutstanding": 180010000, "heldPercentInsiders": 0.74142, "heldPercentInstitutions": 0.0, "beta": 0.58063, "category": null, "bookValue": 71.417, "priceToBook": 0.72881806, "fundFamily": null, "legalType": null, "lastFiscalYearEnd": "2020-03-31 05:30:00", "nextFiscalYearEnd": "2022-03-31 05:30:00", "mostRecentQuarter": "2020-12-31 05:30:00", "earningsQuarterlyGrowth": 2.789, "netIncomeToCommon": 5672676864, "trailingEps": 31.518, "lastSplitFactor": "4:3", "lastSplitDate": "2013-07-03 05:30:00", "enterpriseToRevenue": 18.59}, "summaryProfile": {"address1": "5, Sansad Marg", "city": "New Delhi", "zip": "110001", "country": "India", "phone": "91 11 2332 5759", "fax": "91 11 2332 5751", "website": "http://www.pnbgilts.com", "industry": "Capital Markets", "sector": "Financial Services", "longBusinessSummary": "PNB Gilts Ltd. operates as a primary dealer in government securities in India. The company is involved in underwriting government securities issuances; and trading fixed income instruments, such as government securities, treasury bills, state development loans, corporate bonds, and interest rate swaps; and provision of custodian services to its constituents. It also provides gilts accounts and mutual funds, as well as non-SLR papers, including bonds issued by public sector undertakings and other corporate bodies. In addition, the company trades in short term money market instruments comprising call/notice/term money, repo/reverse repo, inter corporate deposits, commercial papers, and certificates of deposit. It serves provident funds trusts, regional rural banks, co-operative banks, corporates, individuals, etc. The company was incorporated in 1996 and is based in New Delhi, India. PNB Gilts Ltd. is a subsidiary of Punjab National Bank.", "fullTimeEmployees": 38, "companyOfficers": [], "maxAge": 86400}, "netSharePurchaseActivity": {"maxAge": 1, "period": "6m", "buyInfoCount": 0, "buyInfoShares": 0, "sellInfoCount": 0, "netInfoCount": 0, "netInfoShares": 0, "netPercentInsiderShares": 0.0, "totalInsiderShares": 133476920}, "insiderTransactions": {"transactions": [{"maxAge": 1, "shares": 66, "filerUrl": "", "transactionText": "", "filerName": "Gupta (Sunita)", "filerRelation": "Director", "moneyText": "", "startDate": "2013-07-06", "ownership": "D"}, {"maxAge": 1, "shares": 200, "filerUrl": "", "transactionText": "", "filerName": "Gupta (Sunita)", "filerRelation": "Director", "moneyText": "", "startDate": "2013-06-06", "ownership": "D"}], "maxAge": 1}, "quoteType": {"exchange": "NSI", "quoteType": "EQUITY", "symbol": "PNBGILTS.NS", "underlyingSymbol": "PNBGILTS.NS", "shortName": "PNB GILTS", "longName": "PNB Gilts Ltd.", "firstTradeDateEpochUtc": "2002-07-01 09:15:00", "timeZoneFullName": "Asia/Kolkata", "timeZoneShortName": "IST", "uuid": "44983a09-d605-39e9-8297-0ffd0ffe7ba6", "gmtOffSetMilliseconds": 19800000, "maxAge": 1}, "incomeStatementHistory": {"incomeStatementHistory": [{"maxAge": 1, "endDate": "2020-03-31", "totalRevenue": 3632397000, "costOfRevenue": 120525000, "grossProfit": 3511872000, "researchDevelopment": {}, "sellingGeneralAdministrative": 127524000, "nonRecurring": {}, "otherOperatingExpenses": 60651000, "totalOperatingExpenses": 323181000, "operatingIncome": 3309216000, "totalOtherIncomeExpenseNet": -811159000, "ebit": 0, "interestExpense": {}, "incomeBeforeTax": 2498057000, "incomeTaxExpense": 634511000, "minorityInterest": {}, "netIncomeFromContinuingOps": 1863546000, "discontinuedOperations": {}, "extraordinaryItems": {}, "effectOfAccountingCharges": {}, "otherItems": {}, "netIncome": 1863546000, "netIncomeApplicableToCommonShares": 1863546000}, {"maxAge": 1, "endDate": "2019-03-31", "totalRevenue": 1045567000, "costOfRevenue": 63422000, "grossProfit": 982145000, "researchDevelopment": {}, "sellingGeneralAdministrative": 87937000, "nonRecurring": {}, "otherOperatingExpenses": 59915000, "totalOperatingExpenses": 215510000, "operatingIncome": 830057000, "totalOtherIncomeExpenseNet": 150000, "ebit": 0, "interestExpense": {}, "incomeBeforeTax": 830207000, "incomeTaxExpense": 301629000, "minorityInterest": {}, "netIncomeFromContinuingOps": 528578000, "discontinuedOperations": {}, "extraordinaryItems": {}, "effectOfAccountingCharges": {}, "otherItems": {}, "netIncome": 528578000, "netIncomeApplicableToCommonShares": 528578000}, {"maxAge": 1, "endDate": "2018-03-31", "totalRevenue": 717170000, "costOfRevenue": 55165000, "grossProfit": 662005000, "researchDevelopment": {}, "sellingGeneralAdministrative": 77409000, "nonRecurring": {}, "otherOperatingExpenses": 566654000, "totalOperatingExpenses": 704078000, "operatingIncome": 13092000, "totalOtherIncomeExpenseNet": 96000, "ebit": 0, "interestExpense": {}, "incomeBeforeTax": 13188000, "incomeTaxExpense": -955000, "minorityInterest": {}, "netIncomeFromContinuingOps": 14143000, "discontinuedOperations": {}, "extraordinaryItems": {}, "effectOfAccountingCharges": {}, "otherItems": {}, "netIncome": 14143000, "netIncomeApplicableToCommonShares": 14143000}, {"maxAge": 1, "endDate": "2017-03-31", "totalRevenue": 2746824000, "costOfRevenue": 59368000, "grossProfit": 2687456000, "researchDevelopment": {}, "sellingGeneralAdministrative": 76886000, "nonRecurring": {}, "otherOperatingExpenses": 42514000, "totalOperatingExpenses": 182123000, "operatingIncome": 2564701000, "totalOtherIncomeExpenseNet": 710000, "ebit": 0, "interestExpense": {}, "incomeBeforeTax": 2565411000, "incomeTaxExpense": 893673000, "minorityInterest": {}, "netIncomeFromContinuingOps": 1671738000, "discontinuedOperations": {}, "extraordinaryItems": {}, "effectOfAccountingCharges": {}, "otherItems": {}, "netIncome": 1671738000, "netIncomeApplicableToCommonShares": 1671738000}], "maxAge": 86400}, "fundOwnership": {"ownershipList": [], "maxAge": 1}, "summaryDetail": {"maxAge": 1, "priceHint": 2, "previousClose": 52.0, "open": 52.0, "dayLow": 51.5, "dayHigh": 52.9, "regularMarketPreviousClose": 52.0, "regularMarketOpen": 52.0, "regularMarketDayLow": 51.5, "regularMarketDayHigh": 52.9, "dividendRate": 10.0, "dividendYield": 0.19229999, "exDividendDate": "2021-02-11 05:30:00", "payoutRatio": 0.1904, "fiveYearAvgDividendYield": 5.5, "beta": 0.58063, "trailingPE": 1.6514373, "volume": 329351, "regularMarketVolume": 329351, "averageVolume": 968538, "averageVolume10days": 445611, "averageDailyVolume10Day": 445611, "bid": 0.0, "ask": 0.0, "bidSize": 0, "askSize": 0, "marketCap": 9369520128, "fiftyTwoWeekLow": 23.5, "fiftyTwoWeekHigh": 61.6, "priceToSalesTrailing12Months": 1.1786261, "fiftyDayAverage": 51.092648, "twoHundredDayAverage": 45.012768, "trailingAnnualDividendRate": 3.0, "trailingAnnualDividendYield": 0.057692308, "currency": "INR", "fromCurrency": null, "lastMarket": null, "algorithm": null, "tradeable": false}, "incomeStatementHistoryQuarterly": {"incomeStatementHistory": [{"maxAge": 1, "endDate": "2020-12-31", "totalRevenue": 2322137000, "costOfRevenue": 30178000, "grossProfit": 2291959000, "researchDevelopment": {}, "sellingGeneralAdministrative": 33059000, "nonRecurring": {}, "otherOperatingExpenses": 21250000, "totalOperatingExpenses": 89817000, "operatingIncome": 2232320000, "totalOtherIncomeExpenseNet": 0, "ebit": 0, "interestExpense": {}, "incomeBeforeTax": 2232320000, "incomeTaxExpense": 561653000, "minorityInterest": {}, "netIncomeFromContinuingOps": 1670667000, "discontinuedOperations": {}, "extraordinaryItems": {}, "effectOfAccountingCharges": {}, "otherItems": {}, "netIncome": 1670667000, "netIncomeApplicableToCommonShares": 1670667000}, {"maxAge": 1, "endDate": "2020-09-30", "totalRevenue": 1044657000, "costOfRevenue": 38646000, "grossProfit": 1006011000, "researchDevelopment": {}, "sellingGeneralAdministrative": 32278000, "nonRecurring": {}, "otherOperatingExpenses": 12977000, "totalOperatingExpenses": 88398000, "operatingIncome": 956259000, "totalOtherIncomeExpenseNet": -731340000, "ebit": 0, "interestExpense": {}, "incomeBeforeTax": 224919000, "incomeTaxExpense": 56942000, "minorityInterest": {}, "netIncomeFromContinuingOps": 167977000, "discontinuedOperations": {}, "extraordinaryItems": {}, "effectOfAccountingCharges": {}, "otherItems": {}, "netIncome": 167977000, "netIncomeApplicableToCommonShares": 167977000}, {"maxAge": 1, "endDate": "2020-06-30", "totalRevenue": 3882322000, "costOfRevenue": 26101000, "grossProfit": 3856221000, "researchDevelopment": {}, "sellingGeneralAdministrative": 23604000, "nonRecurring": {}, "otherOperatingExpenses": 24838000, "totalOperatingExpenses": 78046000, "operatingIncome": 3804276000, "totalOtherIncomeExpenseNet": 0, "ebit": 0, "interestExpense": {}, "incomeBeforeTax": 3804276000, "incomeTaxExpense": 960387000, "minorityInterest": {}, "netIncomeFromContinuingOps": 2843889000, "discontinuedOperations": {}, "extraordinaryItems": {}, "effectOfAccountingCharges": {}, "otherItems": {}, "netIncome": 2843889000, "netIncomeApplicableToCommonShares": 2843889000}, {"maxAge": 1, "endDate": "2020-03-31", "totalRevenue": 1432451000, "costOfRevenue": 43413000, "grossProfit": 1389038000, "researchDevelopment": {}, "sellingGeneralAdministrative": 63356000, "nonRecurring": {}, "otherOperatingExpenses": 9132000, "totalOperatingExpenses": 112791000, "operatingIncome": 1319660000, "totalOtherIncomeExpenseNet": 999000, "ebit": 0, "interestExpense": {}, "incomeBeforeTax": 1320659000, "incomeTaxExpense": 330515000, "minorityInterest": {}, "netIncomeFromContinuingOps": 990144000, "discontinuedOperations": {}, "extraordinaryItems": {}, "effectOfAccountingCharges": {}, "otherItems": {}, "netIncome": 990144000, "netIncomeApplicableToCommonShares": 990144000}], "maxAge": 86400}, "cashflowStatementHistoryQuarterly": {"cashflowStatements": [{"maxAge": 1, "endDate": "2020-12-31", "netIncome": 1670667000, "changeToLiabilities": 0}, {"maxAge": 1, "endDate": "2020-09-30", "netIncome": 167977000, "changeToLiabilities": 0}, {"maxAge": 1, "endDate": "2020-06-30", "netIncome": 2843889000, "changeToLiabilities": 0}, {"maxAge": 1, "endDate": "2020-03-31", "netIncome": 990144000, "changeToLiabilities": 0}], "maxAge": 86400}, "insiderHolders": {"holders": [{"maxAge": 1, "name": "Gupta (Sunita)", "relation": "Director", "url": "", "transactionDescription": "Other", "latestTransDate": "2013-07-06", "positionDirect": 266, "positionDirectDate": "2013-07-06"}], "maxAge": 1}, "calendarEvents": {"maxAge": 1, "earnings": {"earningsDate": []}, "exDividendDate": "2021-02-11 05:30:00"}, "upgradeDowngradeHistory": {"history": [], "maxAge": 86400}, "price": {"maxAge": 1, "regularMarketChangePercent": 0.0009615238, "regularMarketChange": 0.049999237, "regularMarketTime": "2021-04-30 15:29:53", "priceHint": 2, "regularMarketPrice": 52.05, "regularMarketDayHigh": 52.9, "regularMarketDayLow": 51.5, "regularMarketVolume": 329351, "averageDailyVolume10Day": 445611, "averageDailyVolume3Month": 968538, "regularMarketPreviousClose": 52.0, "regularMarketSource": "FREE_REALTIME", "regularMarketOpen": 52.0, "exchange": "NSI", "exchangeName": "NSE", "exchangeDataDelayedBy": 15, "marketState": "CLOSED", "quoteType": "EQUITY", "symbol": "PNBGILTS.NS", "underlyingSymbol": null, "shortName": "PNB GILTS", "longName": "PNB Gilts Ltd.", "currency": "INR", "quoteSourceName": "Delayed Quote", "currencySymbol": "\u20b9", "fromCurrency": null, "lastMarket": null, "marketCap": 9369520128}, "balanceSheetHistory": {"balanceSheetStatements": [{"maxAge": 1, "endDate": "2020-03-31", "cash": 7440000, "netReceivables": 2450338000, "otherCurrentAssets": 669707000, "totalCurrentAssets": 142539374000, "propertyPlantEquipment": 33318000, "intangibleAssets": 1317000, "otherAssets": 8997000, "totalAssets": 142583006000, "accountsPayable": 11031000, "otherCurrentLiab": 21075000, "otherLiab": 88927000, "deferredLongTermLiab": 6293000, "totalCurrentLiabilities": 132062390000, "totalLiab": 132157698000, "commonStock": 1800101000, "retainedEarnings": 7113076000, "treasuryStock": 1262004000, "capitalSurplus": 250127000, "otherStockholderEquity": 1262004000, "totalStockholderEquity": 10425308000, "netTangibleAssets": 10423991000}, {"maxAge": 1, "endDate": "2019-03-31", "cash": 2052000, "netReceivables": 1995505000, "otherCurrentAssets": 1253080000, "totalCurrentAssets": 95174537000, "propertyPlantEquipment": 22879000, "intangibleAssets": 2919000, "otherAssets": 20068000, "deferredLongTermAssetCharges": 9742000, "totalAssets": 95220403000, "accountsPayable": 7244000, "otherCurrentLiab": 16857000, "deferredLongTermLiab": 7484000, "totalCurrentLiabilities": 86343681000, "totalLiab": 86343681000, "commonStock": 1800101000, "retainedEarnings": 5564490000, "treasuryStock": 1262004000, "capitalSurplus": 250127000, "otherStockholderEquity": 1262004000, "totalStockholderEquity": 8876722000, "netTangibleAssets": 8873803000}, {"maxAge": 1, "endDate": "2018-03-31", "cash": 3648000, "netReceivables": 1054250000, "otherCurrentAssets": 1237063000, "totalCurrentAssets": 52356642000, "propertyPlantEquipment": 26640000, "intangibleAssets": 29000, "otherAssets": 139668000, "deferredLongTermAssetCharges": 135910000, "totalAssets": 52522979000, "accountsPayable": 1998000, "otherCurrentLiab": 68564000, "deferredLongTermLiab": 2480000, "totalCurrentLiabilities": 43952279000, "totalLiab": 43952279000, "commonStock": 1800101000, "retainedEarnings": 5258468000, "treasuryStock": 1262004000, "capitalSurplus": 250127000, "otherStockholderEquity": 1262004000, "totalStockholderEquity": 8570700000, "netTangibleAssets": 8570671000}, {"maxAge": 1, "endDate": "2017-03-31", "cash": 9395000, "netReceivables": 710716000, "otherCurrentAssets": 1470524000, "totalCurrentAssets": 41044155000, "longTermInvestments": 4425441000, "propertyPlantEquipment": 29911000, "intangibleAssets": 229000, "otherAssets": 155341000, "deferredLongTermAssetCharges": 4701000, "totalAssets": 45655077000, "accountsPayable": 874000, "otherCurrentLiab": 1493232000, "otherLiab": 10493000, "totalCurrentLiabilities": 36656084000, "totalLiab": 36666577000, "commonStock": 1800101000, "retainedEarnings": 6938272000, "capitalSurplus": 250127000, "totalStockholderEquity": 8988500000, "netTangibleAssets": 8988271000}], "maxAge": 86400}, "financialData": {"maxAge": 86400, "currentPrice": 52.05, "recommendationKey": "none", "totalCash": 12575692800, "totalCashPerShare": 69.854, "totalDebt": 150991945728, "totalRevenue": 7949527040, "debtToEquity": 1170.545, "revenuePerShare": 44.172, "grossProfits": 3511872000, "earningsGrowth": 2.788, "revenueGrowth": 2.001, "grossMargins": 0.98267996, "ebitdaMargins": 0.0, "operatingMargins": 0.95365995, "profitMargins": 0.71359, "financialCurrency": "INR"}}}