{"PNC.BO": {"cashflowStatementHistory": {"cashflowStatements": [{"maxAge": 1, "endDate": "2020-03-31", "netIncome": 13039000, "depreciation": 2728000, "changeToNetincome": 6156000, "changeToAccountReceivables": 38720000, "changeToLiabilities": -3794000, "changeToOperatingActivities": 22246000, "totalCashFromOperatingActivities": 73074000, "capitalExpenditures": -570000, "otherCashflowsFromInvestingActivities": 3710000, "totalCashflowsFromInvestingActivities": 3191000, "netBorrowings": -17236000, "otherCashflowsFromFinancingActivities": -5365000, "totalCashFromFinancingActivities": -22601000, "changeInCash": 53634000}, {"maxAge": 1, "endDate": "2019-03-31", "netIncome": 9753000, "depreciation": 2126000, "changeToNetincome": 7638000, "changeToAccountReceivables": -36158000, "changeToLiabilities": -2701000, "changeToInventory": 10353000, "changeToOperatingActivities": 25526000, "totalCashFromOperatingActivities": 14158000, "capitalExpenditures": -17734000, "investments": 15000, "otherCashflowsFromInvestingActivities": 3150000, "totalCashflowsFromInvestingActivities": -9247000, "netBorrowings": -1192000, "otherCashflowsFromFinancingActivities": -5704000, "totalCashFromFinancingActivities": -6896000, "changeInCash": -1985000}, {"maxAge": 1, "endDate": "2018-03-31", "netIncome": 25416000, "depreciation": 1780000, "changeToNetincome": -1577000, "changeToAccountReceivables": 17828000, "changeToLiabilities": 10558000, "changeToInventory": 15985000, "changeToOperatingActivities": -10470000, "totalCashFromOperatingActivities": 50058000, "capitalExpenditures": -1840000, "investments": 15000, "otherCashflowsFromInvestingActivities": 3386000, "totalCashflowsFromInvestingActivities": 1841000, "netBorrowings": -14401000, "otherCashflowsFromFinancingActivities": -6587000, "totalCashFromFinancingActivities": -20988000, "changeInCash": 30911000}, {"maxAge": 1, "endDate": "2017-03-31", "netIncome": -14097000, "depreciation": 1973000, "changeToNetincome": -12402000, "changeToAccountReceivables": -20510000, "changeToLiabilities": -17611000, "changeToInventory": -88373000, "changeToOperatingActivities": 166084000, "totalCashFromOperatingActivities": 22228000, "capitalExpenditures": -11812000, "investments": 105000, "otherCashflowsFromInvestingActivities": 5235000, "totalCashflowsFromInvestingActivities": -3822000, "netBorrowings": 51833000, "otherCashflowsFromFinancingActivities": -6276000, "totalCashFromFinancingActivities": -18378000, "changeInCash": 28000}], "maxAge": 86400}, "institutionOwnership": {"maxAge": 1, "ownershipList": []}, "balanceSheetHistoryQuarterly": {"balanceSheetStatements": [{"maxAge": 1, "endDate": "2020-06-30", "totalStockholderEquity": 810790000, "netTangibleAssets": 810790000}, {"maxAge": 1, "endDate": "2020-03-31", "cash": 130226000, "netReceivables": 2449000, "inventory": 567289000, "otherCurrentAssets": 7033000, "totalCurrentAssets": 706997000, "propertyPlantEquipment": 17328000, "otherAssets": 321467000, "deferredLongTermAssetCharges": 1893000, "totalAssets": 1045792000, "accountsPayable": 4608000, "otherCurrentLiab": 74864000, "longTermDebt": 9801000, "otherLiab": 131961000, "minorityInterest": 8000, "totalCurrentLiabilities": 93232000, "totalLiab": 234994000, "commonStock": 144670000, "treasuryStock": 666120000, "otherStockholderEquity": 666120000, "totalStockholderEquity": 810790000, "netTangibleAssets": 810790000}, {"maxAge": 1, "endDate": "2019-12-31", "totalStockholderEquity": 783115000, "netTangibleAssets": 783115000}, {"maxAge": 1, "endDate": "2019-09-30", "cash": 53925000, "netReceivables": 6983000, "inventory": 567289000, "otherCurrentAssets": 11690000, "totalCurrentAssets": 639887000, "propertyPlantEquipment": 18392000, "otherAssets": 310424000, "totalAssets": 968703000, "accountsPayable": 8991000, "otherCurrentLiab": 26708000, "longTermDebt": 10561000, "otherLiab": 126806000, "minorityInterest": 8000, "totalCurrentLiabilities": 48213000, "totalLiab": 185580000, "commonStock": 144670000, "treasuryStock": 638445000, "otherStockholderEquity": 638445000, "totalStockholderEquity": 783115000, "netTangibleAssets": 783115000}], "maxAge": 86400}, "indexTrend": {"maxAge": 1, "symbol": "SP5", "peRatio": 19.7411, "pegRatio": 1.34172, "estimates": [{"period": "0q", "growth": 0.549}, {"period": "+1q", "growth": 0.431}, {"period": "0y", "growth": 0.305}, {"period": "+1y", "growth": 0.109}, {"period": "+5y", "growth": 0.120865}, {"period": "-5y"}]}, "insiderTransactions": {"transactions": [{"maxAge": 1, "shares": 6000, "value": 1165, "filerUrl": "", "transactionText": "Acquisition at price 0.19 per share.", "filerName": "Bhattacharya (Pallab)", "filerRelation": "Director", "moneyText": "", "startDate": "2020-08-03", "ownership": "D"}, {"maxAge": 1, "shares": 4000, "filerUrl": "", "transactionText": "", "filerName": "Bhattacharya (Pallab)", "filerRelation": "Chief Executive Officer", "moneyText": "", "startDate": "2020-02-27", "ownership": "D"}, {"maxAge": 1, "shares": 507123, "filerUrl": "", "transactionText": "", "filerName": "Ideas.Com India Pvt. Ltd.", "filerRelation": "Promoter", "moneyText": "", "startDate": "2020-02-27", "ownership": "D"}, {"maxAge": 1, "shares": 20727, "filerUrl": "", "transactionText": "", "filerName": "Artinvest India Pvt Ltd", "filerRelation": "Promoter", "moneyText": "", "startDate": "2019-12-16", "ownership": "D"}, {"maxAge": 1, "shares": 2000, "filerUrl": "", "transactionText": "", "filerName": "Bhattacharya (Pallab)", "filerRelation": "Chief Executive Officer", "moneyText": "", "startDate": "2019-12-10", "ownership": "D"}, {"maxAge": 1, "shares": 6000, "filerUrl": "", "transactionText": "", "filerName": "Bhattacharya (Pallab)", "filerRelation": "Chief Executive Officer", "moneyText": "", "startDate": "2019-11-19", "ownership": "D"}, {"maxAge": 1, "shares": 35707, "filerUrl": "", "transactionText": "", "filerName": "Artinvest India Pvt Ltd", "filerRelation": "Promoter", "moneyText": "", "startDate": "2019-09-27", "ownership": "D"}, {"maxAge": 1, "shares": 3000, "filerUrl": "", "transactionText": "", "filerName": "Bhattacharya (Pallab)", "filerRelation": "Chief Executive Officer", "moneyText": "", "startDate": "2019-09-25", "ownership": "D"}, {"maxAge": 1, "shares": 5000, "filerUrl": "", "transactionText": "", "filerName": "Bhattacharya (Pallab)", "filerRelation": "Chief Executive Officer", "moneyText": "", "startDate": "2019-09-13", "ownership": "D"}, {"maxAge": 1, "shares": 5000, "filerUrl": "", "transactionText": "", "filerName": "Bhattacharya (Pallab)", "filerRelation": "Chief Executive Officer", "moneyText": "", "startDate": "2019-09-09", "ownership": "D"}, {"maxAge": 1, "shares": 98786, "filerUrl": "", "transactionText": "", "filerName": "Artinvest India Pvt Ltd", "filerRelation": "Promoter", "moneyText": "", "startDate": "2019-09-06", "ownership": "D"}, {"maxAge": 1, "shares": 3000, "filerUrl": "", "transactionText": "", "filerName": "Bhattacharya (Pallab)", "filerRelation": "Chief Executive Officer", "moneyText": "", "startDate": "2019-08-22", "ownership": "D"}, {"maxAge": 1, "shares": 60565, "filerUrl": "", "transactionText": "", "filerName": "Artinvest India Pvt Ltd", "filerRelation": "Institution- Corporation", "moneyText": "", "startDate": "2019-06-14", "ownership": "D"}, {"maxAge": 1, "shares": 1010, "filerUrl": "", "transactionText": "", "filerName": "Ideas.Com India Pvt. Ltd.", "filerRelation": "Promoter", "moneyText": "", "startDate": "2019-01-30", "ownership": "D"}, {"maxAge": 1, "shares": 46629, "filerUrl": "", "transactionText": "", "filerName": "Ideas.Com India Pvt. Ltd.", "filerRelation": "Promoter", "moneyText": "", "startDate": "2019-01-25", "ownership": "D"}], "maxAge": 1}, "quoteType": {"exchange": "BSE", "quoteType": "EQUITY", "symbol": "PNC.BO", "underlyingSymbol": "PNC.BO", "shortName": "PRITISH NANDY COMMUNICATIONS L", "longName": "Pritish Nandy Communications Ltd", "firstTradeDateEpochUtc": "2001-07-27 09:15:00", "timeZoneFullName": "Asia/Kolkata", "timeZoneShortName": "IST", "uuid": "13fcf23b-d1a2-3f72-a248-300e4850e046", "messageBoardId": null, "gmtOffSetMilliseconds": 19800000, "maxAge": 1}, "incomeStatementHistory": {"incomeStatementHistory": [{"maxAge": 1, "endDate": "2020-03-31", "totalRevenue": 272827000, "costOfRevenue": 232580000, "grossProfit": 40247000, "researchDevelopment": {}, "sellingGeneralAdministrative": {}, "nonRecurring": {}, "otherOperatingExpenses": 26746000, "totalOperatingExpenses": 262054000, "operatingIncome": 10773000, "totalOtherIncomeExpenseNet": 1574000, "ebit": 10773000, "interestExpense": -5365000, "incomeBeforeTax": 12347000, "incomeTaxExpense": -692000, "minorityInterest": 8000, "netIncomeFromContinuingOps": 13039000, "discontinuedOperations": {}, "extraordinaryItems": {}, "effectOfAccountingCharges": {}, "otherItems": {}, "netIncome": 13039000, "netIncomeApplicableToCommonShares": 13039000}, {"maxAge": 1, "endDate": "2019-03-31", "totalRevenue": 150427000, "costOfRevenue": 108943000, "grossProfit": 41484000, "researchDevelopment": {}, "sellingGeneralAdministrative": 7818000, "nonRecurring": {}, "otherOperatingExpenses": 16058000, "totalOperatingExpenses": 134945000, "operatingIncome": 15482000, "totalOtherIncomeExpenseNet": -1202000, "ebit": 15482000, "interestExpense": -4323000, "incomeBeforeTax": 14280000, "incomeTaxExpense": 4527000, "minorityInterest": 8000, "netIncomeFromContinuingOps": 9753000, "discontinuedOperations": {}, "extraordinaryItems": {}, "effectOfAccountingCharges": {}, "otherItems": {}, "netIncome": 9753000, "netIncomeApplicableToCommonShares": 9753000}, {"maxAge": 1, "endDate": "2018-03-31", "totalRevenue": 195554000, "costOfRevenue": 147376000, "grossProfit": 48178000, "researchDevelopment": {}, "sellingGeneralAdministrative": 7753000, "nonRecurring": {}, "otherOperatingExpenses": 15754000, "totalOperatingExpenses": 172663000, "operatingIncome": 22891000, "totalOtherIncomeExpenseNet": -1948000, "ebit": 22891000, "interestExpense": -5071000, "incomeBeforeTax": 20943000, "incomeTaxExpense": -4474000, "minorityInterest": 8000, "netIncomeFromContinuingOps": 25417000, "discontinuedOperations": {}, "extraordinaryItems": {}, "effectOfAccountingCharges": {}, "otherItems": {}, "netIncome": 25416000, "netIncomeApplicableToCommonShares": 25416000}, {"maxAge": 1, "endDate": "2017-03-31", "totalRevenue": 22179000, "costOfRevenue": 20879000, "grossProfit": 1300000, "researchDevelopment": {}, "sellingGeneralAdministrative": 7215000, "nonRecurring": {}, "otherOperatingExpenses": 22851000, "totalOperatingExpenses": 52918000, "operatingIncome": -30739000, "totalOtherIncomeExpenseNet": 16445000, "ebit": -30739000, "interestExpense": -4665000, "incomeBeforeTax": -14294000, "incomeTaxExpense": -197000, "minorityInterest": 9000, "netIncomeFromContinuingOps": -14097000, "discontinuedOperations": {}, "extraordinaryItems": {}, "effectOfAccountingCharges": {}, "otherItems": {}, "netIncome": -14097000, "netIncomeApplicableToCommonShares": -14097000}], "maxAge": 86400}, "fundOwnership": {"maxAge": 1, "ownershipList": []}, "summaryDetail": {"maxAge": 1, "priceHint": 2, "previousClose": 49.7, "open": 47.25, "dayLow": 47.25, "dayHigh": 47.25, "regularMarketPreviousClose": 49.7, "regularMarketOpen": 47.25, "regularMarketDayLow": 47.25, "regularMarketDayHigh": 47.25, "trailingPE": 45.38905, "volume": 8890, "regularMarketVolume": 8890, "averageVolume": 7936, "averageVolume10days": 1766, "averageDailyVolume10Day": 1766, "bid": 0.0, "ask": 47.25, "bidSize": 0, "askSize": 0, "marketCap": 683565760, "fiftyTwoWeekLow": 7.5, "fiftyTwoWeekHigh": 47.25, "fiftyDayAverage": 21.267647, "twoHundredDayAverage": 16.26794, "currency": "INR", "fromCurrency": null, "toCurrency": null, "lastMarket": null, "algorithm": null, "tradeable": false}, "incomeStatementHistoryQuarterly": {"incomeStatementHistory": [{"maxAge": 1, "endDate": "2020-06-30", "totalRevenue": 181000, "costOfRevenue": 5434000, "grossProfit": -5253000, "researchDevelopment": {}, "sellingGeneralAdministrative": {}, "nonRecurring": {}, "otherOperatingExpenses": 3042000, "totalOperatingExpenses": 9162000, "operatingIncome": -8981000, "totalOtherIncomeExpenseNet": 882000, "ebit": -8981000, "interestExpense": -1236000, "incomeBeforeTax": -8099000, "incomeTaxExpense": -839000, "minorityInterest": {}, "netIncomeFromContinuingOps": -7260000, "discontinuedOperations": {}, "extraordinaryItems": {}, "effectOfAccountingCharges": {}, "otherItems": {}, "netIncome": -7260000, "netIncomeApplicableToCommonShares": -7260000}, {"maxAge": 1, "endDate": "2020-03-31", "totalRevenue": 73289000, "costOfRevenue": 32162000, "grossProfit": 41127000, "researchDevelopment": {}, "sellingGeneralAdministrative": {}, "nonRecurring": {}, "otherOperatingExpenses": 7554000, "totalOperatingExpenses": 40406000, "operatingIncome": 32883000, "totalOtherIncomeExpenseNet": -156000, "ebit": 32883000, "interestExpense": -1234000, "incomeBeforeTax": 32727000, "incomeTaxExpense": 1472000, "minorityInterest": 8000, "netIncomeFromContinuingOps": 31255000, "discontinuedOperations": {}, "extraordinaryItems": {}, "effectOfAccountingCharges": {}, "otherItems": {}, "netIncome": 31255000, "netIncomeApplicableToCommonShares": 31255000}, {"maxAge": 1, "endDate": "2019-12-31", "totalRevenue": 31142000, "costOfRevenue": 32590000, "grossProfit": -1448000, "researchDevelopment": {}, "sellingGeneralAdministrative": {}, "nonRecurring": {}, "otherOperatingExpenses": 6092000, "totalOperatingExpenses": 39363000, "operatingIncome": -8221000, "totalOtherIncomeExpenseNet": 2749000, "ebit": -8221000, "interestExpense": -1213000, "incomeBeforeTax": -5472000, "incomeTaxExpense": -2309000, "minorityInterest": 8000, "netIncomeFromContinuingOps": -3163000, "discontinuedOperations": {}, "extraordinaryItems": {}, "effectOfAccountingCharges": {}, "otherItems": {}, "netIncome": -3163000, "netIncomeApplicableToCommonShares": -3163000}, {"maxAge": 1, "endDate": "2019-09-30", "totalRevenue": 45662000, "costOfRevenue": 45548000, "grossProfit": 114000, "researchDevelopment": {}, "sellingGeneralAdministrative": {}, "nonRecurring": {}, "otherOperatingExpenses": 4798000, "totalOperatingExpenses": 51033000, "operatingIncome": -5371000, "totalOtherIncomeExpenseNet": -266000, "ebit": -5371000, "interestExpense": -1241000, "incomeBeforeTax": -5637000, "incomeTaxExpense": 72000, "minorityInterest": 8000, "netIncomeFromContinuingOps": -5709000, "discontinuedOperations": {}, "extraordinaryItems": {}, "effectOfAccountingCharges": {}, "otherItems": {}, "netIncome": -5709000, "netIncomeApplicableToCommonShares": -5709000}], "maxAge": 86400}, "cashflowStatementHistoryQuarterly": {"cashflowStatements": [{"maxAge": 1, "endDate": "2020-06-30", "netIncome": -7260000, "changeToLiabilities": 0}, {"maxAge": 1, "endDate": "2020-03-31", "netIncome": 31255000, "changeToLiabilities": 0}, {"maxAge": 1, "endDate": "2019-12-31", "netIncome": -3163000, "changeToLiabilities": 0}, {"maxAge": 1, "endDate": "2019-09-30", "netIncome": -5709000, "changeToLiabilities": 0}], "maxAge": 86400}, "insiderHolders": {"holders": [{"maxAge": 1, "name": "Artinvest India Pvt Ltd", "relation": "Promoter", "url": "", "transactionDescription": "Acquisition", "latestTransDate": "2019-12-16", "positionDirect": 1608978, "positionDirectDate": "2019-12-16"}, {"maxAge": 1, "name": "Bhattacharya (Pallab)", "relation": "Director", "url": "", "transactionDescription": "Acquisition", "latestTransDate": "2020-08-03", "positionDirect": 92000, "positionDirectDate": "2020-08-03"}, {"maxAge": 1, "name": "Ideas.Com India Pvt. Ltd.", "relation": "Promoter", "url": "", "transactionDescription": "Acquisition", "latestTransDate": "2020-02-27", "positionDirect": 1713140, "positionDirectDate": "2020-02-27"}], "maxAge": 1}, "calendarEvents": {"maxAge": 1, "earnings": {"earningsDate": ["2020-02-11 05:30:S"]}}, "price": {"maxAge": 1, "regularMarketChangePercent": -0.049295794, "regularMarketChange": -2.4500008, "regularMarketTime": "2021-04-30 15:25:17", "priceHint": 2, "regularMarketPrice": 47.25, "regularMarketDayHigh": 47.25, "regularMarketDayLow": 47.25, "regularMarketVolume": 8890, "averageDailyVolume10Day": 1766, "averageDailyVolume3Month": 7936, "regularMarketPreviousClose": 49.7, "regularMarketSource": "FREE_REALTIME", "regularMarketOpen": 47.25, "exchange": "BSE", "exchangeName": "BSE", "exchangeDataDelayedBy": 0, "marketState": "CLOSED", "quoteType": "EQUITY", "symbol": "PNC.BO", "underlyingSymbol": null, "shortName": "PRITISH NANDY COMMUNICATIONS L", "longName": "Pritish Nandy Communications Ltd", "currency": "INR", "quoteSourceName": "Delayed Quote", "currencySymbol": "\u20b9", "fromCurrency": null, "toCurrency": null, "lastMarket": null, "marketCap": 683565760}, "balanceSheetHistory": {"balanceSheetStatements": [{"maxAge": 1, "endDate": "2020-03-31", "cash": 130226000, "netReceivables": 2449000, "inventory": 567289000, "otherCurrentAssets": 7033000, "totalCurrentAssets": 706997000, "propertyPlantEquipment": 17328000, "otherAssets": 321467000, "deferredLongTermAssetCharges": 1893000, "totalAssets": 1045792000, "accountsPayable": 4608000, "otherCurrentLiab": 74864000, "longTermDebt": 9801000, "otherLiab": 131961000, "minorityInterest": 8000, "totalCurrentLiabilities": 93232000, "totalLiab": 234994000, "commonStock": 144670000, "treasuryStock": 666120000, "otherStockholderEquity": 666120000, "totalStockholderEquity": 810790000, "netTangibleAssets": 810790000}, {"maxAge": 1, "endDate": "2019-03-31", "cash": 29532000, "shortTermInvestments": 45833000, "netReceivables": 41993000, "inventory": 567289000, "otherCurrentAssets": 10624000, "totalCurrentAssets": 695271000, "propertyPlantEquipment": 19599000, "otherAssets": 311300000, "totalAssets": 1026170000, "accountsPayable": 8473000, "shortLongTermDebt": 1354000, "otherCurrentLiab": 36338000, "longTermDebt": 11286000, "otherLiab": 129823000, "minorityInterest": 8000, "totalCurrentLiabilities": 86723000, "totalLiab": 227832000, "commonStock": 144670000, "retainedEarnings": -18336000, "treasuryStock": 37000, "capitalSurplus": 671959000, "otherStockholderEquity": 37000, "totalStockholderEquity": 798330000, "netTangibleAssets": 798330000}, {"maxAge": 1, "endDate": "2018-03-31", "cash": 31533000, "shortTermInvestments": 46774000, "netReceivables": 5835000, "inventory": 577642000, "otherCurrentAssets": 15652000, "totalCurrentAssets": 677436000, "propertyPlantEquipment": 11025000, "otherAssets": 310181000, "totalAssets": 998642000, "accountsPayable": 13021000, "shortLongTermDebt": 971000, "otherCurrentLiab": 18798000, "longTermDebt": 6264000, "otherLiab": 129781000, "minorityInterest": 8000, "totalCurrentLiabilities": 73711000, "totalLiab": 209756000, "commonStock": 144670000, "retainedEarnings": -27788000, "treasuryStock": 37000, "capitalSurplus": 671959000, "otherStockholderEquity": 37000, "totalStockholderEquity": 788878000, "netTangibleAssets": 788878000}, {"maxAge": 1, "endDate": "2017-03-31", "cash": 622000, "shortTermInvestments": 45830000, "netReceivables": 24740000, "inventory": 593627000, "otherCurrentAssets": 13985000, "totalCurrentAssets": 679266000, "longTermInvestments": 57000, "propertyPlantEquipment": 11709000, "otherAssets": 289308000, "totalAssets": 980340000, "accountsPayable": 5219000, "shortLongTermDebt": 746000, "otherCurrentLiab": 15979000, "longTermDebt": 6527000, "otherLiab": 136254000, "minorityInterest": 9000, "totalCurrentLiabilities": 73859000, "totalLiab": 216640000, "commonStock": 144670000, "retainedEarnings": -52975000, "treasuryStock": 37000, "capitalSurplus": 671959000, "otherStockholderEquity": 37000, "totalStockholderEquity": 763691000, "netTangibleAssets": 763691000}], "maxAge": 86400}, "financialData": {"maxAge": 86400, "currentPrice": 47.25, "recommendationKey": "none", "grossProfits": 40247000, "financialCurrency": "INR"}}}