{"PNCINFRA.BO": {"recommendationTrend": {"trend": [{"period": "0m", "strongBuy": 0, "buy": 0, "hold": 0, "sell": 0, "strongSell": 0}, {"period": "-1m", "strongBuy": 0, "buy": 0, "hold": 0, "sell": 0, "strongSell": 0}, {"period": "-2m", "strongBuy": 0, "buy": 0, "hold": 0, "sell": 0, "strongSell": 0}, {"period": "-3m", "strongBuy": 0, "buy": 0, "hold": 0, "sell": 0, "strongSell": 0}], "maxAge": 86400}, "cashflowStatementHistory": {"cashflowStatements": [{"maxAge": 1, "endDate": "2020-03-31", "netIncome": 5498848000, "depreciation": 3478224000, "changeToNetincome": 2626549000, "changeToAccountReceivables": -8932989000, "changeToLiabilities": -2060337000, "changeToInventory": 1362616000, "changeToOperatingActivities": 3270967000, "totalCashFromOperatingActivities": 5249723000, "capitalExpenditures": -910108000, "investments": -1144847000, "otherCashflowsFromInvestingActivities": 1525221000, "totalCashflowsFromInvestingActivities": -2297179000, "dividendsPaid": -253893000, "netBorrowings": 7236106000, "otherCashflowsFromFinancingActivities": -4445726000, "totalCashFromFinancingActivities": 2536487000, "changeInCash": 5489031000}, {"maxAge": 1, "endDate": "2019-03-31", "netIncome": 3513731000, "depreciation": 3418066000, "changeToNetincome": 1982102000, "changeToAccountReceivables": -4839115000, "changeToLiabilities": -1447707000, "changeToInventory": -2278001000, "changeToOperatingActivities": 1617709000, "totalCashFromOperatingActivities": 1973315000, "capitalExpenditures": -2983808000, "investments": -1486640000, "otherCashflowsFromInvestingActivities": 196405000, "totalCashflowsFromInvestingActivities": -4437896000, "dividendsPaid": -128270000, "netBorrowings": 6693383000, "otherCashflowsFromFinancingActivities": -2566397000, "totalCashFromFinancingActivities": 3998716000, "changeInCash": 1534134000}, {"maxAge": 1, "endDate": "2018-03-31", "netIncome": 2430076000, "depreciation": 2544489000, "changeToNetincome": 2744461000, "changeToAccountReceivables": -4212367000, "changeToLiabilities": 802710000, "changeToInventory": -222719000, "changeToOperatingActivities": 1820965000, "totalCashFromOperatingActivities": 5912242000, "capitalExpenditures": -1415076000, "investments": -752788000, "otherCashflowsFromInvestingActivities": -447314000, "totalCashflowsFromInvestingActivities": -2517128000, "dividendsPaid": -128270000, "netBorrowings": 1144097000, "otherCashflowsFromFinancingActivities": -3125885000, "totalCashFromFinancingActivities": -2110058000, "changeInCash": 1285056000}, {"maxAge": 1, "endDate": "2017-03-31", "netIncome": 1182781000, "depreciation": 2344419000, "changeToNetincome": 2762627000, "changeToAccountReceivables": -3124923000, "changeToLiabilities": -135066000, "changeToInventory": 828988000, "changeToOperatingActivities": -1012712000, "totalCashFromOperatingActivities": 2850854000, "capitalExpenditures": -2091423000, "investments": -364777000, "otherCashflowsFromInvestingActivities": 416469000, "totalCashflowsFromInvestingActivities": -2015280000, "dividendsPaid": -161058000, "netBorrowings": 1917447000, "otherCashflowsFromFinancingActivities": -3101921000, "totalCashFromFinancingActivities": -1345532000, "changeInCash": -509958000}], "maxAge": 86400}, "institutionOwnership": {"maxAge": 1, "ownershipList": []}, "balanceSheetHistoryQuarterly": {"balanceSheetStatements": [{"maxAge": 1, "endDate": "2020-06-30", "totalStockholderEquity": 25542598000, "netTangibleAssets": 11672480000}, {"maxAge": 1, "endDate": "2020-03-31", "cash": 8490698000, "shortTermInvestments": 4284882000, "netReceivables": 5476808000, "inventory": 2672893000, "otherCurrentAssets": 2914118000, "totalCurrentAssets": 23839399000, "longTermInvestments": 394310000, "propertyPlantEquipment": 5910848000, "goodWill": 90688000, "intangibleAssets": 13779430000, "otherAssets": 40888322000, "deferredLongTermAssetCharges": 1583637000, "totalAssets": 84902997000, "accountsPayable": 4757604000, "shortLongTermDebt": 2527303000, "otherCurrentLiab": 3746401000, "longTermDebt": 32460182000, "otherLiab": 14692337000, "totalCurrentLiabilities": 12139786000, "totalLiab": 59360399000, "commonStock": 513078000, "retainedEarnings": 19127916000, "capitalSurplus": 5901604000, "totalStockholderEquity": 25542598000, "netTangibleAssets": 11672480000}, {"maxAge": 1, "endDate": "2019-12-31", "totalStockholderEquity": 24011174000, "netTangibleAssets": 9027517000}, {"maxAge": 1, "endDate": "2019-09-30", "cash": 5006114000, "shortTermInvestments": 3441093000, "netReceivables": 3944489000, "inventory": 2525008000, "otherCurrentAssets": 2725451000, "totalCurrentAssets": 17642155000, "longTermInvestments": 2393518000, "propertyPlantEquipment": 6420503000, "intangibleAssets": 14983657000, "otherAssets": 39861203000, "deferredLongTermAssetCharges": 1937086000, "totalAssets": 81301036000, "accountsPayable": 5436543000, "otherCurrentLiab": 8867973000, "longTermDebt": 27293179000, "otherLiab": 15375690000, "minorityInterest": 23000, "totalCurrentLiabilities": 14620970000, "totalLiab": 57289839000, "commonStock": 513078000, "treasuryStock": 23498096000, "otherStockholderEquity": 23498096000, "totalStockholderEquity": 24011174000, "netTangibleAssets": 9027517000}], "maxAge": 86400}, "earningsHistory": {"history": [{"maxAge": 1, "epsActual": 1.69, "epsEstimate": 2.27, "epsDifference": -0.58, "surprisePercent": -0.256, "quarter": "2017-12-31", "period": "-4q"}, {"maxAge": 1, "epsActual": 4.35, "epsEstimate": 2.16, "epsDifference": 2.19, "surprisePercent": 1.014, "quarter": "2018-03-31", "period": "-3q"}, {"maxAge": 1, "epsActual": 4.0, "epsEstimate": 2.26, "epsDifference": 1.74, "surprisePercent": 0.77, "quarter": "2018-06-30", "period": "-2q"}, {"maxAge": 1, "epsActual": 1.37, "epsEstimate": 1.16, "epsDifference": 0.21, "surprisePercent": 0.18100001, "quarter": "2018-09-30", "period": "-1q"}], "maxAge": 86400}, "indexTrend": {"maxAge": 1, "symbol": "SP5", "peRatio": 19.7411, "pegRatio": 1.34172, "estimates": [{"period": "0q", "growth": 0.549}, {"period": "+1q", "growth": 0.431}, {"period": "0y", "growth": 0.305}, {"period": "+1y", "growth": 0.109}, {"period": "+5y", "growth": 0.120865}, {"period": "-5y"}]}, "industryTrend": {"maxAge": 1, "symbol": null, "estimates": []}, "insiderTransactions": {"transactions": [{"maxAge": 1, "shares": 23921250, "filerUrl": "", "transactionText": "", "filerName": "Pppl Constructions Pvt. Ltd.", "filerRelation": "Promoter", "moneyText": "", "startDate": "2018-07-02", "ownership": "D"}, {"maxAge": 1, "shares": 23921250, "filerUrl": "", "transactionText": "", "filerName": "NCJ Infrastructural Consultants Pvt. Ltd.", "filerRelation": "Promoter", "moneyText": "", "startDate": "2018-07-02", "ownership": "D"}, {"maxAge": 1, "shares": 11671500, "filerUrl": "", "transactionText": "", "filerName": "Jain (Renu)", "filerRelation": "Promoter", "moneyText": "", "startDate": "2017-11-03", "ownership": "D"}, {"maxAge": 1, "shares": 11671500, "filerUrl": "", "transactionText": "", "filerName": "Jain (Vaibhav)", "filerRelation": "UNREPORTED", "moneyText": "", "startDate": "2017-11-03", "ownership": "D"}, {"maxAge": 1, "shares": 337875, "filerUrl": "", "transactionText": "", "filerName": "Jain (Chakresh Kumar)", "filerRelation": "Chief Financial Officer", "moneyText": "", "startDate": "2017-09-08", "ownership": "D"}, {"maxAge": 1, "shares": 337875, "filerUrl": "", "transactionText": "", "filerName": "Jain (Navin Kumar)", "filerRelation": "Wholetime Director", "moneyText": "", "startDate": "2017-09-08", "ownership": "D"}, {"maxAge": 1, "shares": 337875, "filerUrl": "", "transactionText": "", "filerName": "Jain (Yogesh Kumar)", "filerRelation": "Managing Director", "moneyText": "", "startDate": "2017-09-08", "ownership": "D"}, {"maxAge": 1, "shares": 1013625, "filerUrl": "", "transactionText": "", "filerName": "Jain (Pradeep Kumar)", "filerRelation": "Non Independent Chairman Of The Board", "moneyText": "", "startDate": "2017-09-06", "ownership": "D"}, {"maxAge": 1, "shares": 2133000, "filerUrl": "", "transactionText": "", "filerName": "Pnc Project Pvt. Ltd.", "filerRelation": "Promoter", "moneyText": "", "startDate": "2016-04-29", "ownership": "D"}, {"maxAge": 1, "shares": 1410000, "filerUrl": "", "transactionText": "", "filerName": "Parasnath Infrastructures Pvt. Ltd.", "filerRelation": "Promoter", "moneyText": "", "startDate": "2016-04-29", "ownership": "D"}, {"maxAge": 1, "shares": 360000, "filerUrl": "", "transactionText": "", "filerName": "P N C Cold Storage Pvt. Ltd.", "filerRelation": "Promoter", "moneyText": "", "startDate": "2016-04-29", "ownership": "D"}, {"maxAge": 1, "shares": 600000, "filerUrl": "", "transactionText": "", "filerName": "Mahaveen Infrastructures Pvt. Ltd.", "filerRelation": "Institution- Corporation", "moneyText": "", "startDate": "2016-04-29", "ownership": "D"}, {"maxAge": 1, "shares": 281250, "filerUrl": "", "transactionText": "", "filerName": "KMJ Infrastructure Pvt. Ltd.", "filerRelation": "Promoter", "moneyText": "", "startDate": "2016-04-29", "ownership": "D"}, {"maxAge": 1, "shares": 8353, "filerUrl": "", "transactionText": "", "filerName": "Sharma (Dharam Vir)", "filerRelation": "Director (Independent)", "moneyText": "", "startDate": "2015-05-28", "ownership": "D"}], "maxAge": 1}, "quoteType": {"exchange": "BSE", "quoteType": "EQUITY", "symbol": "PNCINFRA.BO", "underlyingSymbol": "PNCINFRA.BO", "shortName": "PNC Infratech Limited", "longName": "PNC Infratech Limited", "firstTradeDateEpochUtc": "2015-05-26 09:15:00", "timeZoneFullName": "Asia/Kolkata", "timeZoneShortName": "IST", "uuid": "7c8c2c34-02be-3dd3-88e3-d45355615392", "messageBoardId": null, "gmtOffSetMilliseconds": 19800000, "maxAge": 1}, "incomeStatementHistory": {"incomeStatementHistory": [{"maxAge": 1, "endDate": "2020-03-31", "totalRevenue": 56025736000, "costOfRevenue": 22252009000, "grossProfit": 33773727000, "researchDevelopment": {}, "sellingGeneralAdministrative": 3188049000, "nonRecurring": {}, "otherOperatingExpenses": 17292148000, "totalOperatingExpenses": 46239548000, "operatingIncome": 9786188000, "totalOtherIncomeExpenseNet": -2593505000, "ebit": 9786188000, "interestExpense": -4200413000, "incomeBeforeTax": 7192683000, "incomeTaxExpense": 1693835000, "minorityInterest": {}, "netIncomeFromContinuingOps": 5498848000, "discontinuedOperations": {}, "extraordinaryItems": {}, "effectOfAccountingCharges": {}, "otherItems": {}, "netIncome": 5498848000, "netIncomeApplicableToCommonShares": 5498848000}, {"maxAge": 1, "endDate": "2019-03-31", "totalRevenue": 37743582000, "costOfRevenue": 15220132000, "grossProfit": 22523450000, "researchDevelopment": {}, "sellingGeneralAdministrative": 2347966000, "nonRecurring": {}, "otherOperatingExpenses": 10134944000, "totalOperatingExpenses": 31167666000, "operatingIncome": 6575916000, "totalOtherIncomeExpenseNet": -2979174000, "ebit": 6575916000, "interestExpense": -3350313000, "incomeBeforeTax": 3596742000, "incomeTaxExpense": 83099000, "minorityInterest": 23000, "netIncomeFromContinuingOps": 3513643000, "discontinuedOperations": {}, "extraordinaryItems": {}, "effectOfAccountingCharges": {}, "otherItems": {}, "netIncome": 3513731000, "netIncomeApplicableToCommonShares": 3513731000}, {"maxAge": 1, "endDate": "2018-03-31", "totalRevenue": 24113929000, "costOfRevenue": 9043088000, "grossProfit": 15070841000, "researchDevelopment": {}, "sellingGeneralAdministrative": 1593298000, "nonRecurring": {}, "otherOperatingExpenses": 5699154000, "totalOperatingExpenses": 18953650000, "operatingIncome": 5160279000, "totalOtherIncomeExpenseNet": -2996708000, "ebit": 5160279000, "interestExpense": -2995107000, "incomeBeforeTax": 2163571000, "incomeTaxExpense": -266502000, "minorityInterest": 111000, "netIncomeFromContinuingOps": 2430073000, "discontinuedOperations": {}, "extraordinaryItems": {}, "effectOfAccountingCharges": {}, "otherItems": {}, "netIncome": 2430076000, "netIncomeApplicableToCommonShares": 2430076000}, {"maxAge": 1, "endDate": "2017-03-31", "totalRevenue": 22523320000, "costOfRevenue": 8887255000, "grossProfit": 13636065000, "researchDevelopment": {}, "sellingGeneralAdministrative": 1314750000, "nonRecurring": {}, "otherOperatingExpenses": 6065080000, "totalOperatingExpenses": 18682758000, "operatingIncome": 3840562000, "totalOtherIncomeExpenseNet": -2918691000, "ebit": 3840562000, "interestExpense": -2988409000, "incomeBeforeTax": 921871000, "incomeTaxExpense": -260910000, "minorityInterest": 84000, "netIncomeFromContinuingOps": 1182781000, "discontinuedOperations": {}, "extraordinaryItems": {}, "effectOfAccountingCharges": {}, "otherItems": {}, "netIncome": 1182781000, "netIncomeApplicableToCommonShares": 1182781000}], "maxAge": 86400}, "fundOwnership": {"maxAge": 1, "ownershipList": [{"maxAge": 1, "reportDate": "2020-07-31", "organization": "DFA Investment Dimensions-DFA Emerging Mkts Value", "pctHeld": 0.0013, "position": 321227, "value": 42851681}, {"maxAge": 1, "reportDate": "2020-07-31", "organization": "USAA Mutual Fund Tr-Capital Growth Fund", "pctHeld": 0.0007, "position": 182417, "value": 24334427}, {"maxAge": 1, "reportDate": "2020-07-31", "organization": "iShares MSCI India Small Cap ETF", "pctHeld": 0.0005, "position": 138807, "value": 18516853}, {"maxAge": 1, "reportDate": "2020-07-31", "organization": "DFA Emerging Markets Small Cap Series", "pctHeld": 0.0005, "position": 120036, "value": 16012802}, {"maxAge": 1, "reportDate": "2020-07-31", "organization": "DFA Emerging Markets Core Equity Portfolio", "pctHeld": 0.0004, "position": 104489, "value": 13938832}, {"maxAge": 1, "reportDate": "2020-06-30", "organization": "SPDR (R) Idx Shares-SPDR (R) Emerging Markets Small Cap ETF", "pctHeld": 0.00029999999, "position": 88826, "value": 12728765}, {"maxAge": 1, "reportDate": "2020-07-31", "organization": "DFA Investment Dimensions-Emerging Markets Social Core Equity", "pctHeld": 0.0001, "position": 35001, "value": 4669133}, {"maxAge": 1, "reportDate": "2020-07-31", "organization": "DFA Investment Dimensions-World Ex U.S. Core Equity Port", "pctHeld": 0.0001, "position": 30500, "value": 4068700}, {"maxAge": 1, "reportDate": "2020-06-30", "organization": "Victory Portfolios-Victory Sophus Emerging Markets Small Cap Fund", "pctHeld": 0.0001, "position": 26081, "value": 3737407}, {"maxAge": 1, "reportDate": "2020-07-31", "organization": "DFA T.A. World Ex U.S. Core Equity Portfolio", "pctHeld": 0.0001, "position": 21068, "value": 2810471}]}, "summaryDetail": {"maxAge": 1, "priceHint": 2, "previousClose": 242.9, "open": 238.6, "dayLow": 230.0, "dayHigh": 240.95, "regularMarketPreviousClose": 242.9, "regularMarketOpen": 238.6, "regularMarketDayLow": 230.0, "regularMarketDayHigh": 240.95, "trailingPE": 12.9957905, "forwardPE": 21.002686, "volume": 33543, "regularMarketVolume": 33543, "averageVolume": 569286, "averageVolume10days": 185730, "averageDailyVolume10Day": 185730, "bid": 234.6, "ask": 234.6, "bidSize": 0, "askSize": 0, "marketCap": 60184051712, "fiftyTwoWeekLow": 80.85, "fiftyTwoWeekHigh": 291.0, "fiftyDayAverage": 203.12794, "twoHundredDayAverage": 173.41397, "trailingAnnualDividendRate": 0.5, "trailingAnnualDividendYield": 0.0020584604, "currency": "INR", "fromCurrency": null, "toCurrency": null, "lastMarket": null, "algorithm": null, "tradeable": false}, "sectorTrend": {"maxAge": 1, "symbol": null, "estimates": []}, "incomeStatementHistoryQuarterly": {"incomeStatementHistory": [{"maxAge": 1, "endDate": "2020-06-30", "totalRevenue": 10928111000, "costOfRevenue": 6571571000, "grossProfit": 4356540000, "researchDevelopment": {}, "sellingGeneralAdministrative": 494959000, "nonRecurring": {}, "otherOperatingExpenses": 992884000, "totalOperatingExpenses": 8807351000, "operatingIncome": 2120760000, "totalOtherIncomeExpenseNet": -892318000, "ebit": 2120760000, "interestExpense": -1164696000, "incomeBeforeTax": 1228442000, "incomeTaxExpense": 310979000, "minorityInterest": {}, "netIncomeFromContinuingOps": 917463000, "discontinuedOperations": {}, "extraordinaryItems": {}, "effectOfAccountingCharges": {}, "otherItems": {}, "netIncome": 917463000, "netIncomeApplicableToCommonShares": 917463000}, {"maxAge": 1, "endDate": "2020-03-31", "totalRevenue": 13467012000, "costOfRevenue": -3363555000, "grossProfit": 16830567000, "researchDevelopment": {}, "sellingGeneralAdministrative": 958512000, "nonRecurring": {}, "otherOperatingExpenses": 12899963000, "totalOperatingExpenses": 11251031000, "operatingIncome": 2215981000, "totalOtherIncomeExpenseNet": -887642000, "ebit": 2215981000, "interestExpense": -990223000, "incomeBeforeTax": 1328339000, "incomeTaxExpense": 424459000, "minorityInterest": {}, "netIncomeFromContinuingOps": 903880000, "discontinuedOperations": {}, "extraordinaryItems": {}, "effectOfAccountingCharges": {}, "otherItems": {}, "netIncome": 903880000, "netIncomeApplicableToCommonShares": 903880000}, {"maxAge": 1, "endDate": "2019-12-31", "totalRevenue": 13904069000, "costOfRevenue": 8551103000, "grossProfit": 5352966000, "researchDevelopment": {}, "sellingGeneralAdministrative": 933760000, "nonRecurring": {}, "otherOperatingExpenses": 1445116000, "totalOperatingExpenses": 11878453000, "operatingIncome": 2025616000, "totalOtherIncomeExpenseNet": -1021133000, "ebit": 2025616000, "interestExpense": -1235666000, "incomeBeforeTax": 1004483000, "incomeTaxExpense": 335440000, "minorityInterest": {}, "netIncomeFromContinuingOps": 669043000, "discontinuedOperations": {}, "extraordinaryItems": {}, "effectOfAccountingCharges": {}, "otherItems": {}, "netIncome": 669043000, "netIncomeApplicableToCommonShares": 669043000}, {"maxAge": 1, "endDate": "2019-09-30", "totalRevenue": 13409461000, "costOfRevenue": 7623683000, "grossProfit": 5785778000, "researchDevelopment": {}, "sellingGeneralAdministrative": 645207000, "nonRecurring": {}, "otherOperatingExpenses": 1303464000, "totalOperatingExpenses": 10394646000, "operatingIncome": 3014815000, "totalOtherIncomeExpenseNet": -525224000, "ebit": 3014815000, "interestExpense": -1047441000, "incomeBeforeTax": 2489591000, "incomeTaxExpense": 348762000, "minorityInterest": 23000, "netIncomeFromContinuingOps": 2140829000, "discontinuedOperations": {}, "extraordinaryItems": {}, "effectOfAccountingCharges": {}, "otherItems": {}, "netIncome": 2140829000, "netIncomeApplicableToCommonShares": 2140829000}], "maxAge": 86400}, "cashflowStatementHistoryQuarterly": {"cashflowStatements": [{"maxAge": 1, "endDate": "2020-06-30", "netIncome": 917463000, "changeToLiabilities": 0}, {"maxAge": 1, "endDate": "2020-03-31", "netIncome": 903880000, "changeToLiabilities": 0}, {"maxAge": 1, "endDate": "2019-12-31", "netIncome": 669043000, "changeToLiabilities": 0}, {"maxAge": 1, "endDate": "2019-09-30", "netIncome": 2140829000, "changeToLiabilities": 0}], "maxAge": 86400}, "insiderHolders": {"holders": [{"maxAge": 1, "name": "Jain (Chakresh Kumar)", "relation": "Chief Financial Officer", "url": "", "transactionDescription": "Purchase", "latestTransDate": "2017-09-08", "positionDirect": 2514000, "positionDirectDate": "2017-09-08"}, {"maxAge": 1, "name": "Jain (Navin Kumar)", "relation": "Wholetime Director", "url": "", "transactionDescription": "Purchase", "latestTransDate": "2017-09-08", "positionDirect": 18096000, "positionDirectDate": "2017-09-08"}, {"maxAge": 1, "name": "Jain (Pradeep Kumar)", "relation": "Non Independent Chairman Of The Board", "url": "", "transactionDescription": "Sale", "latestTransDate": "2017-09-06", "positionDirect": 15349500, "positionDirectDate": "2017-09-06"}, {"maxAge": 1, "name": "Jain (Renu)", "relation": "Promoter", "url": "", "transactionDescription": "Other", "latestTransDate": "2017-11-03", "positionDirect": 0, "positionDirectDate": "2017-11-03"}, {"maxAge": 1, "name": "Jain (Vaibhav)", "relation": "UNREPORTED", "url": "", "transactionDescription": "Purchase", "latestTransDate": "2017-11-03", "positionDirect": 11671500, "positionDirectDate": "2017-11-03"}, {"maxAge": 1, "name": "Jain (Yogesh Kumar)", "relation": "Managing Director", "url": "", "transactionDescription": "Purchase", "latestTransDate": "2017-09-08", "positionDirect": 16794000, "positionDirectDate": "2017-09-08"}, {"maxAge": 1, "name": "NCJ Infrastructural Consultants Pvt. Ltd.", "relation": "Promoter", "url": "", "transactionDescription": "Other", "latestTransDate": "2018-07-02", "positionDirect": 24765000, "positionDirectDate": "2018-07-02"}, {"maxAge": 1, "name": "Parasnath Infrastructures Pvt. Ltd.", "relation": "Promoter", "url": "", "transactionDescription": "Sale", "latestTransDate": "2016-04-29", "positionDirect": 0, "positionDirectDate": "2016-04-29"}, {"maxAge": 1, "name": "Pnc Project Pvt. Ltd.", "relation": "Promoter", "url": "", "transactionDescription": "Sale", "latestTransDate": "2016-04-29", "positionDirect": 0, "positionDirectDate": "2016-04-29"}, {"maxAge": 1, "name": "Pppl Constructions Pvt. Ltd.", "relation": "Promoter", "url": "", "transactionDescription": "Other", "latestTransDate": "2018-07-02", "positionDirect": 0, "positionDirectDate": "2018-07-02"}], "maxAge": 1}, "earnings": {"maxAge": 86400, "earningsChart": {"quarterly": [{"date": "4Q2017", "actual": 1.69, "estimate": 2.27}, {"date": "1Q2018", "actual": 4.35, "estimate": 2.16}, {"date": "2Q2018", "actual": 4.0, "estimate": 2.26}, {"date": "3Q2018", "actual": 1.37, "estimate": 1.16}], "currentQuarterEstimateDate": "4Q", "currentQuarterEstimateYear": 2018, "earningsDate": []}, "financialsChart": {"yearly": [{"date": 2017, "revenue": 22523320000, "earnings": 1182781000}, {"date": 2018, "revenue": 24113929000, "earnings": 2430076000}, {"date": 2019, "revenue": 37743582000, "earnings": 3513731000}, {"date": 2020, "revenue": 56025736000, "earnings": 5498848000}], "quarterly": [{"date": "3Q2019", "revenue": 13409461000, "earnings": 2140829000}, {"date": "4Q2019", "revenue": 13904069000, "earnings": 669043000}, {"date": "1Q2020", "revenue": 13467012000, "earnings": 903880000}, {"date": "2Q2020", "revenue": 10928111000, "earnings": 917463000}]}, "financialCurrency": "INR"}, "calendarEvents": {"maxAge": 1, "earnings": {"earningsDate": [], "revenueAverage": 5906000000, "revenueLow": 5906000000, "revenueHigh": 5906000000}}, "price": {"maxAge": 1, "regularMarketChangePercent": -0.034170393, "regularMarketChange": -8.299988, "regularMarketTime": "2021-04-30 15:41:28", "priceHint": 2, "regularMarketPrice": 234.6, "regularMarketDayHigh": 240.95, "regularMarketDayLow": 230.0, "regularMarketVolume": 33543, "averageDailyVolume10Day": 185730, "averageDailyVolume3Month": 569286, "regularMarketPreviousClose": 242.9, "regularMarketSource": "FREE_REALTIME", "regularMarketOpen": 238.6, "exchange": "BSE", "exchangeName": "BSE", "exchangeDataDelayedBy": 0, "marketState": "CLOSED", "quoteType": "EQUITY", "symbol": "PNCINFRA.BO", "underlyingSymbol": null, "shortName": "PNC Infratech Limited", "longName": "PNC Infratech Limited", "currency": "INR", "quoteSourceName": "Delayed Quote", "currencySymbol": "\u20b9", "fromCurrency": null, "toCurrency": null, "lastMarket": null, "marketCap": 60184051712}, "balanceSheetHistory": {"balanceSheetStatements": [{"maxAge": 1, "endDate": "2020-03-31", "cash": 8490698000, "shortTermInvestments": 4284882000, "netReceivables": 5476808000, "inventory": 2672893000, "otherCurrentAssets": 2914118000, "totalCurrentAssets": 23839399000, "longTermInvestments": 394310000, "propertyPlantEquipment": 5910848000, "goodWill": 90688000, "intangibleAssets": 13779430000, "otherAssets": 40888322000, "deferredLongTermAssetCharges": 1583637000, "totalAssets": 84902997000, "accountsPayable": 4757604000, "shortLongTermDebt": 2527303000, "otherCurrentLiab": 3746401000, "longTermDebt": 32460182000, "otherLiab": 14692337000, "totalCurrentLiabilities": 12139786000, "totalLiab": 59360399000, "commonStock": 513078000, "retainedEarnings": 19127916000, "capitalSurplus": 5901604000, "totalStockholderEquity": 25542598000, "netTangibleAssets": 11672480000}, {"maxAge": 1, "endDate": "2019-03-31", "cash": 3003189000, "shortTermInvestments": 2892944000, "netReceivables": 6064053000, "inventory": 4035509000, "otherCurrentAssets": 3402665000, "totalCurrentAssets": 19398360000, "longTermInvestments": 1174694000, "propertyPlantEquipment": 6229021000, "goodWill": 7346000, "intangibleAssets": 16164066000, "otherAssets": 29570220000, "deferredLongTermAssetCharges": 2049533000, "totalAssets": 72543707000, "accountsPayable": 4787905000, "shortLongTermDebt": 2406288000, "otherCurrentLiab": 2950595000, "longTermDebt": 25150727000, "otherLiab": 15719339000, "deferredLongTermLiab": 305014000, "minorityInterest": 23000, "totalCurrentLiabilities": 11429790000, "totalLiab": 52299856000, "commonStock": 513078000, "retainedEarnings": 13829476000, "treasuryStock": 19730752000, "capitalSurplus": 5901274000, "otherStockholderEquity": 19730752000, "totalStockholderEquity": 20243828000, "netTangibleAssets": 4072416000}, {"maxAge": 1, "endDate": "2018-03-31", "cash": 1456299000, "shortTermInvestments": 1403335000, "netReceivables": 6478440000, "inventory": 1757507000, "otherCurrentAssets": 3011100000, "totalCurrentAssets": 14106681000, "longTermInvestments": 1062707000, "propertyPlantEquipment": 4203686000, "goodWill": 417000, "intangibleAssets": 18694636000, "otherAssets": 20952175000, "deferredLongTermAssetCharges": 1766876000, "totalAssets": 59020302000, "accountsPayable": 4726866000, "shortLongTermDebt": 1556596000, "otherCurrentLiab": 1990268000, "longTermDebt": 18427243000, "otherLiab": 13938687000, "deferredLongTermLiab": 288000, "minorityInterest": 111000, "totalCurrentLiabilities": 9767142000, "totalLiab": 42133072000, "commonStock": 513078000, "retainedEarnings": 10473074000, "capitalSurplus": 5900967000, "totalStockholderEquity": 16887119000, "netTangibleAssets": -1807934000}, {"maxAge": 1, "endDate": "2017-03-31", "cash": 190285000, "shortTermInvestments": 678615000, "netReceivables": 6697674000, "inventory": 1534787000, "otherCurrentAssets": 2476249000, "totalCurrentAssets": 11577610000, "longTermInvestments": 1028257000, "propertyPlantEquipment": 3590265000, "goodWill": 270000, "intangibleAssets": 20535890000, "otherAssets": 15452808000, "deferredLongTermAssetCharges": 1149980000, "totalAssets": 52185100000, "accountsPayable": 2767715000, "shortLongTermDebt": 1118288000, "otherCurrentLiab": 2030337000, "longTermDebt": 16733656000, "otherLiab": 13456063000, "deferredLongTermLiab": -42000, "minorityInterest": 84000, "totalCurrentLiabilities": 7384984000, "totalLiab": 37574703000, "commonStock": 513078000, "retainedEarnings": 8196268000, "capitalSurplus": 5900967000, "totalStockholderEquity": 14610313000, "netTangibleAssets": -5925847000}], "maxAge": 86400}, "earningsTrend": {"trend": [{"maxAge": 1, "period": "0q", "endDate": "2018-12-31", "growth": {}, "earningsEstimate": {"avg": 0.0, "low": 0.0, "high": 0.0, "yearAgoEps": 1.69, "numberOfAnalysts": 0, "growth": {}}, "revenueEstimate": {"avg": 5906000000, "low": 5906000000, "high": 5906000000, "numberOfAnalysts": 1, "yearAgoRevenue": 4724830000, "growth": 0.25}, "epsTrend": {"current": 0.0, "7daysAgo": 1.62, "30daysAgo": 1.62, "60daysAgo": 1.62, "90daysAgo": 1.62}, "epsRevisions": {"upLast7days": 0, "upLast30days": 0, "downLast30days": 0, "downLast90days": {}}}, {"maxAge": 1, "period": "+1q", "endDate": "2019-03-31", "growth": {}, "earningsEstimate": {"avg": 0.0, "low": 0.0, "high": 0.0, "yearAgoEps": 4.35, "numberOfAnalysts": 0, "growth": {}}, "revenueEstimate": {"avg": 9486000000, "low": 9486000000, "high": 9486000000, "numberOfAnalysts": 1, "yearAgoRevenue": 7588810000, "growth": 0.25}, "epsTrend": {"current": 0.0, "7daysAgo": 3.15, "30daysAgo": 3.15, "60daysAgo": 3.15, "90daysAgo": 3.15}, "epsRevisions": {"upLast7days": 0, "upLast30days": 0, "downLast30days": 0, "downLast90days": {}}}, {"maxAge": 1, "period": "0y", "endDate": "2019-03-31", "growth": {}, "earningsEstimate": {"avg": 0.0, "low": 0.0, "high": 0.0, "yearAgoEps": {}, "numberOfAnalysts": 0, "growth": {}}, "revenueEstimate": {"avg": 28263600000, "low": 26549000000, "high": 31649000000, "numberOfAnalysts": 14, "yearAgoRevenue": 18565800000, "growth": 0.522}, "epsTrend": {"current": 0.0, "7daysAgo": 8.75, "30daysAgo": 8.75, "60daysAgo": 8.75, "90daysAgo": 8.75}, "epsRevisions": {"upLast7days": 0, "upLast30days": 2, "downLast30days": 0, "downLast90days": {}}}, {"maxAge": 1, "period": "+1y", "endDate": "2020-03-31", "growth": {}, "earningsEstimate": {"avg": 0.0, "low": 0.0, "high": 0.0, "yearAgoEps": {}, "numberOfAnalysts": 0, "growth": {}}, "revenueEstimate": {"avg": 40454500000, "low": 33186000000, "high": 50271400000, "numberOfAnalysts": 14, "yearAgoRevenue": 28263600000, "growth": 0.431}, "epsTrend": {"current": 0.0, "7daysAgo": 11.17, "30daysAgo": 11.17, "60daysAgo": 11.17, "90daysAgo": 11.17}, "epsRevisions": {"upLast7days": 0, "upLast30days": 1, "downLast30days": 0, "downLast90days": {}}}, {"maxAge": 1, "period": "+5y", "endDate": null, "growth": 0.081999995, "earningsEstimate": {"avg": {}, "low": {}, "high": {}, "yearAgoEps": {}, "numberOfAnalysts": {}, "growth": {}}, "revenueEstimate": {"avg": {}, "low": {}, "high": {}, "numberOfAnalysts": {}, "yearAgoRevenue": {}, "growth": {}}, "epsTrend": {"current": {}, "7daysAgo": {}, "30daysAgo": {}, "60daysAgo": {}, "90daysAgo": {}}, "epsRevisions": {"upLast7days": {}, "upLast30days": {}, "downLast30days": {}, "downLast90days": {}}}, {"maxAge": 1, "period": "-5y", "endDate": null, "growth": {}, "earningsEstimate": {"avg": {}, "low": {}, "high": {}, "yearAgoEps": {}, "numberOfAnalysts": {}, "growth": {}}, "revenueEstimate": {"avg": {}, "low": {}, "high": {}, "numberOfAnalysts": {}, "yearAgoRevenue": {}, "growth": {}}, "epsTrend": {"current": {}, "7daysAgo": {}, "30daysAgo": {}, "60daysAgo": {}, "90daysAgo": {}}, "epsRevisions": {"upLast7days": {}, "upLast30days": {}, "downLast30days": {}, "downLast90days": {}}}], "maxAge": 1}, "financialData": {"maxAge": 86400, "currentPrice": 234.6, "targetHighPrice": 272.0, "targetLowPrice": 180.0, "targetMeanPrice": 209.67, "targetMedianPrice": 209.0, "recommendationKey": "none", "numberOfAnalystOpinions": 18, "grossProfits": 33773727000, "financialCurrency": "INR"}}}