{"PODDARMENT.NS": {"assetProfile": {"address1": "No. 302, Nanak Chambers", "address2": "3rd Floor, Opposite Fun Republic Off New Link Road Andheri (West)", "city": "Mumbai", "zip": "400053", "country": "India", "phone": "91 22 2674 0582", "fax": "91 22 2673 2905", "website": "http://www.poddarpigmentsltd.com", "industry": "Specialty Chemicals", "sector": "Basic Materials", "longBusinessSummary": "Poddar Pigments Limited manufactures and sells color and additive masterbatches for dope dyeing of man-made fibers and various plastic applications in India. It offers manmade fiber products, such as polyester, polypropylene, and polyamide products; and plastic and packaging products that include additive masterbatches, film and packaging products, injection/blow/roto moldings, pipe extrusions, cables, pet performs and bottles, polyester films, and plastics smart products. The company also provides engineering compounds, including carboplus series, butoplus series, nyloplus series, and polyplus series under the MASTERPLUS brand name. Its products are used in various applications, such as automotive, carpets, home furnishing, apparel, non-woven fabric, upholstery, luggage, lamination, technical fiber, etc. Poddar Pigments Limited also exports its products. The company was incorporated in 1991 and is headquartered in Mumbai, India.", "fullTimeEmployees": 298, "companyOfficers": [{"maxAge": 1, "name": "Mr. Ramesh Kumar Sureka", "age": 64, "title": "CEO & Exec. Director", "yearBorn": 1956, "fiscalYear": 2020, "totalPay": 17900000, "exercisedValue": 0, "unexercisedValue": 0}, {"maxAge": 1, "name": "Mr. Shiv Shankar Poddar", "age": 71, "title": "MD & Exec. Director", "yearBorn": 1949, "fiscalYear": 2020, "totalPay": 16124604, "exercisedValue": 0, "unexercisedValue": 0}, {"maxAge": 1, "name": "Mr. Gaurav  Goenka", "age": 45, "title": "Joint MD & Director", "yearBorn": 1975, "fiscalYear": 2020, "totalPay": 10080000, "exercisedValue": 0, "unexercisedValue": 0}, {"maxAge": 1, "name": "Mr. Bipin Kumar Bohra", "title": "Chief Financial Officer", "exercisedValue": 0, "unexercisedValue": 0}, {"maxAge": 1, "name": "Mr. Navin Kumar Jain", "age": 53, "title": "Assistant VP of Legal & Company Sec.", "yearBorn": 1967, "exercisedValue": 0, "unexercisedValue": 0}, {"maxAge": 1, "name": "Mr. Dharmendra  Kumar", "title": "Sr. Mang. of Legal & Secretarial and Compliance Officer", "exercisedValue": 0, "unexercisedValue": 0}], "compensationAsOfEpochDate": "2020-12-31 05:30:00", "maxAge": 86400}, "cashflowStatementHistory": {"cashflowStatements": [{"maxAge": 1, "endDate": "2020-03-31", "netIncome": 212537000, "depreciation": 28573000, "changeToNetincome": -25204000, "changeToAccountReceivables": 77005000, "changeToLiabilities": 21993000, "changeToInventory": -16182000, "changeToOperatingActivities": 6487000, "totalCashFromOperatingActivities": 305886000, "capitalExpenditures": -184263000, "investments": -99165000, "otherCashflowsFromInvestingActivities": 5024000, "totalCashflowsFromInvestingActivities": -259979000, "dividendsPaid": -31830000, "otherCashflowsFromFinancingActivities": -9554000, "totalCashFromFinancingActivities": -41384000, "changeInCash": 4523000}, {"maxAge": 1, "endDate": "2019-03-31", "netIncome": 165388000, "depreciation": 30644000, "changeToNetincome": -14865000, "changeToAccountReceivables": 9424000, "changeToLiabilities": 11998000, "changeToInventory": -18914000, "changeToOperatingActivities": 38219000, "totalCashFromOperatingActivities": 222464000, "capitalExpenditures": -211314000, "investments": 48891000, "otherCashflowsFromInvestingActivities": 3195000, "totalCashflowsFromInvestingActivities": -155971000, "dividendsPaid": -37136000, "otherCashflowsFromFinancingActivities": -12288000, "totalCashFromFinancingActivities": -49424000, "changeInCash": 17069000}, {"maxAge": 1, "endDate": "2018-03-31", "netIncome": 191050000, "depreciation": 30819000, "changeToNetincome": -34833000, "changeToAccountReceivables": 44790000, "changeToLiabilities": -23393000, "changeToInventory": -150282000, "changeToOperatingActivities": 11634000, "totalCashFromOperatingActivities": 69787000, "capitalExpenditures": -21994000, "investments": -53134000, "otherCashflowsFromInvestingActivities": 3779000, "totalCashflowsFromInvestingActivities": -64309000, "dividendsPaid": -10610000, "netBorrowings": -11419000, "otherCashflowsFromFinancingActivities": -5464000, "totalCashFromFinancingActivities": -27493000, "changeInCash": -22015000}, {"maxAge": 1, "endDate": "2017-03-31", "netIncome": 202660000, "depreciation": 29340000, "changeToNetincome": -23358000, "changeToAccountReceivables": -10239000, "changeToLiabilities": 37045000, "changeToInventory": 49112000, "changeToOperatingActivities": -13150000, "totalCashFromOperatingActivities": 271410000, "capitalExpenditures": -46889000, "investments": -94288000, "otherCashflowsFromInvestingActivities": 4598000, "totalCashflowsFromInvestingActivities": -135760000, "dividendsPaid": -26526000, "netBorrowings": -18739000, "otherCashflowsFromFinancingActivities": -8398000, "totalCashFromFinancingActivities": -53663000, "changeInCash": 81987000}], "maxAge": 86400}, "institutionOwnership": {"ownershipList": [], "maxAge": 1}, "majorHoldersBreakdown": {"maxAge": 1, "insidersPercentHeld": 0.74709, "institutionsPercentHeld": 0.00055, "institutionsFloatPercentHeld": 0.00217, "institutionsCount": 1}, "balanceSheetHistoryQuarterly": {"balanceSheetStatements": [{"maxAge": 1, "endDate": "2020-12-31", "totalStockholderEquity": 2125447000, "netTangibleAssets": 2122506000}, {"maxAge": 1, "endDate": "2020-09-30", "cash": 124403000, "shortTermInvestments": 395959000, "netReceivables": 317914000, "inventory": 509675000, "otherCurrentAssets": 35360000, "totalCurrentAssets": 1383311000, "longTermInvestments": 363274000, "propertyPlantEquipment": 450736000, "intangibleAssets": 2941000, "otherAssets": 168257000, "totalAssets": 2368519000, "accountsPayable": 86049000, "otherCurrentLiab": 114339000, "otherLiab": 41906000, "totalCurrentLiabilities": 201166000, "totalLiab": 243072000, "commonStock": 106100000, "treasuryStock": 2019347000, "otherStockholderEquity": 2019347000, "totalStockholderEquity": 2125447000, "netTangibleAssets": 2122506000}, {"maxAge": 1, "endDate": "2020-06-30", "totalStockholderEquity": 1881747000, "netTangibleAssets": 1878446000}, {"maxAge": 1, "endDate": "2020-03-31", "cash": 103349000, "netReceivables": 450375000, "inventory": 507799000, "otherCurrentAssets": 43026000, "totalCurrentAssets": 1433386000, "longTermInvestments": 173774000, "propertyPlantEquipment": 438043000, "intangibleAssets": 3301000, "otherAssets": 161496000, "totalAssets": 2210000000, "accountsPayable": 166578000, "otherCurrentLiab": 57051000, "otherLiab": 41082000, "totalCurrentLiabilities": 287171000, "totalLiab": 328253000, "commonStock": 106100000, "retainedEarnings": 1729928000, "treasuryStock": 45719000, "otherStockholderEquity": 45719000, "totalStockholderEquity": 1881747000, "netTangibleAssets": 1878446000}], "maxAge": 86400}, "indexTrend": {"maxAge": 1, "symbol": "SP5", "peRatio": 19.7411, "pegRatio": 1.34172, "estimates": [{"period": "0q", "growth": 0.549}, {"period": "+1q", "growth": 0.431}, {"period": "0y", "growth": 0.305}, {"period": "+1y", "growth": 0.109}, {"period": "+5y", "growth": 0.120865}, {"period": "-5y"}]}, "defaultKeyStatistics": {"maxAge": 1, "priceHint": 2, "enterpriseValue": 1732325504, "profitMargins": 0.07524, "floatShares": 2538332, "sharesOutstanding": 10610000, "heldPercentInsiders": 0.74709, "heldPercentInstitutions": 0.00055, "beta": 1.172224, "category": null, "bookValue": 200.585, "priceToBook": 1.0424508, "fundFamily": null, "legalType": null, "lastFiscalYearEnd": "2020-03-31 05:30:00", "nextFiscalYearEnd": "2022-03-31 05:30:00", "mostRecentQuarter": "2020-12-31 05:30:00", "earningsQuarterlyGrowth": 0.51, "netIncomeToCommon": 193118000, "trailingEps": 18.2, "lastSplitFactor": null, "enterpriseToRevenue": 0.675, "enterpriseToEbitda": 7.173}, "summaryProfile": {"address1": "No. 302, Nanak Chambers", "address2": "3rd Floor, Opposite Fun Republic Off New Link Road Andheri (West)", "city": "Mumbai", "zip": "400053", "country": "India", "phone": "91 22 2674 0582", "fax": "91 22 2673 2905", "website": "http://www.poddarpigmentsltd.com", "industry": "Specialty Chemicals", "sector": "Basic Materials", "longBusinessSummary": "Poddar Pigments Limited manufactures and sells color and additive masterbatches for dope dyeing of man-made fibers and various plastic applications in India. It offers manmade fiber products, such as polyester, polypropylene, and polyamide products; and plastic and packaging products that include additive masterbatches, film and packaging products, injection/blow/roto moldings, pipe extrusions, cables, pet performs and bottles, polyester films, and plastics smart products. The company also provides engineering compounds, including carboplus series, butoplus series, nyloplus series, and polyplus series under the MASTERPLUS brand name. Its products are used in various applications, such as automotive, carpets, home furnishing, apparel, non-woven fabric, upholstery, luggage, lamination, technical fiber, etc. Poddar Pigments Limited also exports its products. The company was incorporated in 1991 and is headquartered in Mumbai, India.", "fullTimeEmployees": 298, "companyOfficers": [], "maxAge": 86400}, "netSharePurchaseActivity": {"maxAge": 1, "period": "6m", "buyInfoCount": 0, "buyInfoShares": 0, "sellInfoCount": 0, "netInfoCount": 0, "netInfoShares": 0, "netPercentInsiderShares": 0.0, "totalInsiderShares": 7927274}, "insiderTransactions": {"transactions": [{"maxAge": 1, "shares": 165000, "filerUrl": "", "transactionText": "", "filerName": "GKS Logistics Pvt Ltd", "filerRelation": "Promoter", "moneyText": "", "startDate": "2018-01-31", "ownership": "D"}, {"maxAge": 1, "shares": 2298, "filerUrl": "", "transactionText": "", "filerName": "Poddar (Shiv Shankar)", "filerRelation": "Managing Director", "moneyText": "", "startDate": "2018-01-31", "ownership": "D"}, {"maxAge": 1, "shares": 44600, "filerUrl": "", "transactionText": "", "filerName": "GKS Logistics Pvt Ltd", "filerRelation": "Promoter", "moneyText": "", "startDate": "2016-02-24", "ownership": "D"}, {"maxAge": 1, "shares": 50000, "filerUrl": "", "transactionText": "", "filerName": "Poddar (S S) HUF", "filerRelation": "UNREPORTED", "moneyText": "", "startDate": "2015-11-05", "ownership": "D"}, {"maxAge": 1, "shares": 63000, "filerUrl": "", "transactionText": "", "filerName": "Agarwal (Mahima Poddar)", "filerRelation": "Promoter", "moneyText": "", "startDate": "2015-11-05", "ownership": "D"}, {"maxAge": 1, "shares": 978500, "filerUrl": "", "transactionText": "", "filerName": "Trustline Capital Finance Ltd", "filerRelation": "Promoter", "moneyText": "", "startDate": "2015-11-04", "ownership": "D"}, {"maxAge": 1, "shares": 978500, "filerUrl": "", "transactionText": "", "filerName": "GKS Logistics Pvt Ltd", "filerRelation": "Promoter", "moneyText": "", "startDate": "2015-11-04", "ownership": "D"}, {"maxAge": 1, "shares": 15144, "filerUrl": "", "transactionText": "", "filerName": "Poddar (Shiv Shankar)", "filerRelation": "Managing Director", "moneyText": "", "startDate": "2014-05-07", "ownership": "D"}, {"maxAge": 1, "shares": 8550, "filerUrl": "", "transactionText": "", "filerName": "Poddar (Shiv Shankar)", "filerRelation": "Managing Director", "moneyText": "", "startDate": "2014-04-11", "ownership": "D"}, {"maxAge": 1, "shares": 8024, "filerUrl": "", "transactionText": "", "filerName": "Poddar (Shiv Shankar)", "filerRelation": "Managing Director", "moneyText": "", "startDate": "2013-11-21", "ownership": "D"}, {"maxAge": 1, "shares": 2, "filerUrl": "", "transactionText": "", "filerName": "Poddar (Shiv Shankar)", "filerRelation": "Managing Director", "moneyText": "", "startDate": "2013-11-01", "ownership": "D"}, {"maxAge": 1, "shares": 1, "filerUrl": "", "transactionText": "", "filerName": "Poddar (Shiv Shankar)", "filerRelation": "Managing Director", "moneyText": "", "startDate": "2013-10-31", "ownership": "D"}, {"maxAge": 1, "shares": 200, "filerUrl": "", "transactionText": "", "filerName": "Poddar (Shiv Shankar)", "filerRelation": "Managing Director", "moneyText": "", "startDate": "2013-10-30", "ownership": "D"}, {"maxAge": 1, "shares": 675, "filerUrl": "", "transactionText": "", "filerName": "Poddar (Shiv Shankar)", "filerRelation": "Managing Director", "moneyText": "", "startDate": "2013-10-28", "ownership": "D"}, {"maxAge": 1, "shares": 3501, "filerUrl": "", "transactionText": "", "filerName": "Poddar (Shiv Shankar)", "filerRelation": "Managing Director", "moneyText": "", "startDate": "2013-10-24", "ownership": "D"}, {"maxAge": 1, "shares": 1, "filerUrl": "", "transactionText": "", "filerName": "Poddar (Shiv Shankar)", "filerRelation": "Managing Director", "moneyText": "", "startDate": "2013-10-23", "ownership": "D"}, {"maxAge": 1, "shares": 154, "filerUrl": "", "transactionText": "", "filerName": "Poddar (Shiv Shankar)", "filerRelation": "Managing Director", "moneyText": "", "startDate": "2013-10-22", "ownership": "D"}, {"maxAge": 1, "shares": 1700, "filerUrl": "", "transactionText": "", "filerName": "Poddar (Shiv Shankar)", "filerRelation": "Managing Director", "moneyText": "", "startDate": "2013-10-04", "ownership": "D"}, {"maxAge": 1, "shares": 50, "filerUrl": "", "transactionText": "", "filerName": "Poddar (Shiv Shankar)", "filerRelation": "Managing Director", "moneyText": "", "startDate": "2013-09-27", "ownership": "D"}, {"maxAge": 1, "shares": 200, "filerUrl": "", "transactionText": "", "filerName": "Poddar (Shiv Shankar)", "filerRelation": "Managing Director", "moneyText": "", "startDate": "2013-09-24", "ownership": "D"}, {"maxAge": 1, "shares": 3857, "filerUrl": "", "transactionText": "", "filerName": "GKS Logistics Pvt Ltd", "filerRelation": "Promoter", "moneyText": "", "startDate": "2013-09-02", "ownership": "D"}, {"maxAge": 1, "shares": 7012, "filerUrl": "", "transactionText": "", "filerName": "GKS Logistics Pvt Ltd", "filerRelation": "Promoter", "moneyText": "", "startDate": "2013-08-30", "ownership": "D"}, {"maxAge": 1, "shares": 1200, "filerUrl": "", "transactionText": "", "filerName": "GKS Logistics Pvt Ltd", "filerRelation": "Promoter", "moneyText": "", "startDate": "2013-06-13", "ownership": "D"}, {"maxAge": 1, "shares": 1000, "filerUrl": "", "transactionText": "", "filerName": "GKS Logistics Pvt Ltd", "filerRelation": "Promoter", "moneyText": "", "startDate": "2013-06-12", "ownership": "D"}, {"maxAge": 1, "shares": 52781, "filerUrl": "", "transactionText": "", "filerName": "Uddhav Trading Pvt. Ltd.", "filerRelation": "Institution- Corporation", "moneyText": "", "startDate": "2013-03-18", "ownership": "D"}, {"maxAge": 1, "shares": 44453, "filerUrl": "", "transactionText": "", "filerName": "Uddhav Trading Pvt. Ltd.", "filerRelation": "Institution- Corporation", "moneyText": "", "startDate": "2013-03-01", "ownership": "D"}, {"maxAge": 1, "shares": 61170, "filerUrl": "", "transactionText": "", "filerName": "Uddhav Trading Pvt. Ltd.", "filerRelation": "Institution- Corporation", "moneyText": "", "startDate": "2013-02-28", "ownership": "D"}, {"maxAge": 1, "shares": 24518, "filerUrl": "", "transactionText": "", "filerName": "Poddar (Kusum)", "filerRelation": "Promoter", "moneyText": "", "startDate": "2012-05-30", "ownership": "D"}, {"maxAge": 1, "shares": 30222, "filerUrl": "", "transactionText": "", "filerName": "Poddar (Kusum)", "filerRelation": "Promoter", "moneyText": "", "startDate": "2012-05-28", "ownership": "D"}, {"maxAge": 1, "shares": 22000, "filerUrl": "", "transactionText": "", "filerName": "Agarwal (Mahima Poddar)", "filerRelation": "Promoter", "moneyText": "", "startDate": "2011-11-30", "ownership": "D"}, {"maxAge": 1, "shares": 5900, "filerUrl": "", "transactionText": "", "filerName": "Poddar (S S) HUF", "filerRelation": "UNREPORTED", "moneyText": "", "startDate": "2010-08-16", "ownership": "D"}, {"maxAge": 1, "shares": 5000, "filerUrl": "", "transactionText": "", "filerName": "Poddar (Kusum)", "filerRelation": "Director (Non-Executive)", "moneyText": "", "startDate": "2010-08-16", "ownership": "D"}, {"maxAge": 1, "shares": 30000, "filerUrl": "", "transactionText": "", "filerName": "Poddar (Rochna)", "filerRelation": "UNREPORTED", "moneyText": "", "startDate": "2010-08-16", "ownership": "D"}, {"maxAge": 1, "shares": 10000, "filerUrl": "", "transactionText": "", "filerName": "Agarwal (Mahima Poddar)", "filerRelation": "Promoter", "moneyText": "", "startDate": "2010-08-16", "ownership": "D"}, {"maxAge": 1, "shares": 39000, "filerUrl": "", "transactionText": "", "filerName": "Agarwal (Mahima Poddar)", "filerRelation": "Promoter", "moneyText": "", "startDate": "2010-08-13", "ownership": "D"}, {"maxAge": 1, "shares": 12040, "filerUrl": "", "transactionText": "", "filerName": "Poddar (S S) HUF", "filerRelation": "UNREPORTED", "moneyText": "", "startDate": "2010-08-13", "ownership": "D"}, {"maxAge": 1, "shares": 47600, "filerUrl": "", "transactionText": "", "filerName": "Poddar (Rochna)", "filerRelation": "UNREPORTED", "moneyText": "", "startDate": "2010-08-13", "ownership": "D"}, {"maxAge": 1, "shares": 66100, "filerUrl": "", "transactionText": "", "filerName": "Trustline Capital Finance Ltd", "filerRelation": "Promoter", "moneyText": "", "startDate": "2010-04-13", "ownership": "D"}, {"maxAge": 1, "shares": 66100, "filerUrl": "", "transactionText": "", "filerName": "Pluto Tradelinks Ltd", "filerRelation": "Institution- Corporation", "moneyText": "", "startDate": "2010-04-13", "ownership": "D"}, {"maxAge": 1, "shares": 52000, "filerUrl": "", "transactionText": "", "filerName": "Trustline Capital Finance Ltd", "filerRelation": "Promoter", "moneyText": "", "startDate": "2010-04-12", "ownership": "D"}, {"maxAge": 1, "shares": 52000, "filerUrl": "", "transactionText": "", "filerName": "Pluto Tradelinks Ltd", "filerRelation": "Institution- Corporation", "moneyText": "", "startDate": "2010-04-12", "ownership": "D"}, {"maxAge": 1, "shares": 20000, "filerUrl": "", "transactionText": "", "filerName": "Pluto Tradelinks Ltd", "filerRelation": "Institution- Corporation", "moneyText": "", "startDate": "2010-04-09", "ownership": "D"}, {"maxAge": 1, "shares": 20000, "filerUrl": "", "transactionText": "", "filerName": "Trustline Capital Finance Ltd", "filerRelation": "Promoter", "moneyText": "", "startDate": "2010-04-09", "ownership": "D"}, {"maxAge": 1, "shares": 50000, "filerUrl": "", "transactionText": "", "filerName": "Trustline Capital Finance Ltd", "filerRelation": "Promoter", "moneyText": "", "startDate": "2010-04-08", "ownership": "D"}, {"maxAge": 1, "shares": 50000, "filerUrl": "", "transactionText": "", "filerName": "Pluto Tradelinks Ltd", "filerRelation": "Institution- Corporation", "moneyText": "", "startDate": "2010-04-08", "ownership": "D"}, {"maxAge": 1, "shares": 791145, "filerUrl": "", "transactionText": "", "filerName": "Cradle Finance & Investments Pvt. Ltd.", "filerRelation": "Institution- Corporation", "moneyText": "", "startDate": "2010-03-26", "ownership": "D"}, {"maxAge": 1, "shares": 224855, "filerUrl": "", "transactionText": "", "filerName": "Cradle Finance & Investments Pvt. Ltd.", "filerRelation": "Institution- Corporation", "moneyText": "", "startDate": "2010-03-21", "ownership": "D"}, {"maxAge": 1, "shares": 41400, "filerUrl": "", "transactionText": "", "filerName": "Trustline Capital Finance Ltd", "filerRelation": "Promoter", "moneyText": "", "startDate": "2010-03-19", "ownership": "D"}, {"maxAge": 1, "shares": 41400, "filerUrl": "", "transactionText": "", "filerName": "Pluto Tradelinks Ltd", "filerRelation": "Institution- Corporation", "moneyText": "", "startDate": "2010-03-19", "ownership": "D"}], "maxAge": 1}, "quoteType": {"exchange": "NSI", "quoteType": "EQUITY", "symbol": "PODDARMENT.NS", "underlyingSymbol": "PODDARMENT.NS", "shortName": "PODDAR PIGMENTS", "longName": "Poddar Pigments Limited", "firstTradeDateEpochUtc": "2016-11-22 09:15:00", "timeZoneFullName": "Asia/Kolkata", "timeZoneShortName": "IST", "uuid": "4cd8901f-0d11-308e-adfc-490e487c1082", "gmtOffSetMilliseconds": 19800000, "maxAge": 1}, "incomeStatementHistory": {"incomeStatementHistory": [{"maxAge": 1, "endDate": "2020-03-31", "totalRevenue": 3566691000, "costOfRevenue": 2699864000, "grossProfit": 866827000, "researchDevelopment": {}, "sellingGeneralAdministrative": 271472000, "nonRecurring": {}, "otherOperatingExpenses": 318889000, "totalOperatingExpenses": 3319416000, "operatingIncome": 247275000, "totalOtherIncomeExpenseNet": 40913000, "ebit": 247275000, "interestExpense": -1472000, "incomeBeforeTax": 288188000, "incomeTaxExpense": 75651000, "minorityInterest": {}, "netIncomeFromContinuingOps": 212537000, "discontinuedOperations": {}, "extraordinaryItems": {}, "effectOfAccountingCharges": {}, "otherItems": {}, "netIncome": 212537000, "netIncomeApplicableToCommonShares": 212537000}, {"maxAge": 1, "endDate": "2019-03-31", "totalRevenue": 3570870000, "costOfRevenue": 2802461000, "grossProfit": 768409000, "researchDevelopment": {}, "sellingGeneralAdministrative": 240456000, "nonRecurring": {}, "otherOperatingExpenses": 298492000, "totalOperatingExpenses": 3372564000, "operatingIncome": 198306000, "totalOtherIncomeExpenseNet": 37804000, "ebit": 198306000, "interestExpense": -2400000, "incomeBeforeTax": 236110000, "incomeTaxExpense": 70722000, "minorityInterest": {}, "netIncomeFromContinuingOps": 165388000, "discontinuedOperations": {}, "extraordinaryItems": {}, "effectOfAccountingCharges": {}, "otherItems": {}, "netIncome": 165388000, "netIncomeApplicableToCommonShares": 165388000}, {"maxAge": 1, "endDate": "2018-03-31", "totalRevenue": 3341486000, "costOfRevenue": 2576758000, "grossProfit": 764728000, "researchDevelopment": {}, "sellingGeneralAdministrative": 217207000, "nonRecurring": {}, "otherOperatingExpenses": 304775000, "totalOperatingExpenses": 3129443000, "operatingIncome": 212043000, "totalOtherIncomeExpenseNet": 71180000, "ebit": 212043000, "interestExpense": -1740000, "incomeBeforeTax": 283223000, "incomeTaxExpense": 92173000, "minorityInterest": {}, "netIncomeFromContinuingOps": 191050000, "discontinuedOperations": {}, "extraordinaryItems": {}, "effectOfAccountingCharges": {}, "otherItems": {}, "netIncome": 191050000, "netIncomeApplicableToCommonShares": 191050000}, {"maxAge": 1, "endDate": "2017-03-31", "totalRevenue": 3287227000, "costOfRevenue": 2534452000, "grossProfit": 752775000, "researchDevelopment": {}, "sellingGeneralAdministrative": 194776000, "nonRecurring": {}, "otherOperatingExpenses": 289711000, "totalOperatingExpenses": 3048279000, "operatingIncome": 238948000, "totalOtherIncomeExpenseNet": 41222000, "ebit": 238948000, "interestExpense": -1070000, "incomeBeforeTax": 280170000, "incomeTaxExpense": 77510000, "minorityInterest": {}, "netIncomeFromContinuingOps": 202660000, "discontinuedOperations": {}, "extraordinaryItems": {}, "effectOfAccountingCharges": {}, "otherItems": {}, "netIncome": 202660000, "netIncomeApplicableToCommonShares": 202660000}], "maxAge": 86400}, "fundOwnership": {"ownershipList": [], "maxAge": 1}, "summaryDetail": {"maxAge": 1, "priceHint": 2, "previousClose": 212.3, "open": 212.25, "dayLow": 207.7, "dayHigh": 213.45, "regularMarketPreviousClose": 212.3, "regularMarketOpen": 212.25, "regularMarketDayLow": 207.7, "regularMarketDayHigh": 213.45, "exDividendDate": "2019-09-12 05:30:00", "payoutRatio": 0.0, "beta": 1.172224, "trailingPE": 11.489011, "volume": 6205, "regularMarketVolume": 6205, "averageVolume": 13694, "averageVolume10days": 4406, "averageDailyVolume10Day": 4406, "bid": 0.0, "ask": 0.0, "bidSize": 0, "askSize": 0, "marketCap": 2221164800, "fiftyTwoWeekLow": 115.0, "fiftyTwoWeekHigh": 226.5, "priceToSalesTrailing12Months": 0.8653311, "fiftyDayAverage": 198.65909, "twoHundredDayAverage": 189.5625, "trailingAnnualDividendRate": 3.0, "trailingAnnualDividendYield": 0.014130946, "currency": "INR", "fromCurrency": null, "lastMarket": null, "algorithm": null, "tradeable": false}, "incomeStatementHistoryQuarterly": {"incomeStatementHistory": [{"maxAge": 1, "endDate": "2020-12-31", "totalRevenue": 831325000, "costOfRevenue": 601256000, "grossProfit": 230069000, "researchDevelopment": {}, "sellingGeneralAdministrative": 63900000, "nonRecurring": {}, "otherOperatingExpenses": 64900000, "totalOperatingExpenses": 735409000, "operatingIncome": 95916000, "totalOtherIncomeExpenseNet": 12046000, "ebit": 95916000, "interestExpense": -519000, "incomeBeforeTax": 107962000, "incomeTaxExpense": 29866000, "minorityInterest": {}, "netIncomeFromContinuingOps": 78096000, "discontinuedOperations": {}, "extraordinaryItems": {}, "effectOfAccountingCharges": {}, "otherItems": {}, "netIncome": 78096000, "netIncomeApplicableToCommonShares": 78096000}, {"maxAge": 1, "endDate": "2020-09-30", "totalRevenue": 605468000, "costOfRevenue": 424486000, "grossProfit": 180982000, "researchDevelopment": {}, "sellingGeneralAdministrative": 62982000, "nonRecurring": {}, "otherOperatingExpenses": 64600000, "totalOperatingExpenses": 557344000, "operatingIncome": 48124000, "totalOtherIncomeExpenseNet": 6252000, "ebit": 48124000, "interestExpense": -755000, "incomeBeforeTax": 54376000, "incomeTaxExpense": 15064000, "minorityInterest": {}, "netIncomeFromContinuingOps": 39312000, "discontinuedOperations": {}, "extraordinaryItems": {}, "effectOfAccountingCharges": {}, "otherItems": {}, "netIncome": 39312000, "netIncomeApplicableToCommonShares": 39312000}, {"maxAge": 1, "endDate": "2020-06-30", "totalRevenue": 361010000, "costOfRevenue": 234911000, "grossProfit": 126099000, "researchDevelopment": {}, "sellingGeneralAdministrative": 62017000, "nonRecurring": {}, "otherOperatingExpenses": 50443000, "totalOperatingExpenses": 352647000, "operatingIncome": 8363000, "totalOtherIncomeExpenseNet": 15221000, "ebit": 8363000, "interestExpense": -712000, "incomeBeforeTax": 23584000, "incomeTaxExpense": 7420000, "minorityInterest": {}, "netIncomeFromContinuingOps": 16164000, "discontinuedOperations": {}, "extraordinaryItems": {}, "effectOfAccountingCharges": {}, "otherItems": {}, "netIncome": 16164000, "netIncomeApplicableToCommonShares": 16164000}, {"maxAge": 1, "endDate": "2020-03-31", "totalRevenue": 769035000, "costOfRevenue": 558749000, "grossProfit": 210286000, "researchDevelopment": {}, "sellingGeneralAdministrative": 76504000, "nonRecurring": {}, "otherOperatingExpenses": 64321000, "totalOperatingExpenses": 706941000, "operatingIncome": 62094000, "totalOtherIncomeExpenseNet": 15959000, "ebit": 62094000, "interestExpense": -712000, "incomeBeforeTax": 78053000, "incomeTaxExpense": 18507000, "minorityInterest": {}, "netIncomeFromContinuingOps": 59546000, "discontinuedOperations": {}, "extraordinaryItems": {}, "effectOfAccountingCharges": {}, "otherItems": {}, "netIncome": 59546000, "netIncomeApplicableToCommonShares": 59546000}], "maxAge": 86400}, "cashflowStatementHistoryQuarterly": {"cashflowStatements": [{"maxAge": 1, "endDate": "2020-12-31", "netIncome": 78096000, "changeToLiabilities": 0}, {"maxAge": 1, "endDate": "2020-09-30", "netIncome": 39312000, "changeToLiabilities": 0}, {"maxAge": 1, "endDate": "2020-06-30", "netIncome": 16164000, "changeToLiabilities": 0}, {"maxAge": 1, "endDate": "2020-03-31", "netIncome": 59546000, "changeToLiabilities": 0}], "maxAge": 86400}, "insiderHolders": {"holders": [{"maxAge": 1, "name": "Agarwal (Mahima Poddar)", "relation": "Promoter", "url": "", "transactionDescription": "Acquisition", "latestTransDate": "2015-11-05", "positionDirect": 605000, "positionDirectDate": "2015-11-05"}, {"maxAge": 1, "name": "Cradle Finance & Investments Pvt. Ltd.", "relation": "Institution- Corporation", "url": "", "transactionDescription": "Sale", "latestTransDate": "2010-03-26", "positionDirect": 200000, "positionDirectDate": "2010-03-26"}, {"maxAge": 1, "name": "GKS Logistics Pvt Ltd", "relation": "Promoter", "url": "", "transactionDescription": "Acquisition", "latestTransDate": "2018-01-31", "positionDirect": 1359772, "positionDirectDate": "2018-01-31"}, {"maxAge": 1, "name": "Pluto Tradelinks Ltd", "relation": "Institution- Corporation", "url": "", "transactionDescription": "Acquisition", "latestTransDate": "2010-04-13", "positionDirect": 2053400, "positionDirectDate": "2010-04-13"}, {"maxAge": 1, "name": "Poddar (Kusum)", "relation": "Promoter", "url": "", "transactionDescription": "Acquisition", "latestTransDate": "2012-05-30", "positionDirect": 883800, "positionDirectDate": "2012-05-30"}, {"maxAge": 1, "name": "Poddar (Rochna)", "relation": "UNREPORTED", "url": "", "transactionDescription": "Acquisition", "latestTransDate": "2010-08-16", "positionDirect": 590000, "positionDirectDate": "2010-08-16"}, {"maxAge": 1, "name": "Poddar (S S) HUF", "relation": "UNREPORTED", "url": "", "transactionDescription": "Sale", "latestTransDate": "2015-11-05", "positionDirect": 0, "positionDirectDate": "2015-11-05"}, {"maxAge": 1, "name": "Poddar (Shiv Shankar)", "relation": "Managing Director", "url": "", "transactionDescription": "Acquisition", "latestTransDate": "2018-01-31", "positionDirect": 41000, "positionDirectDate": "2018-01-31"}, {"maxAge": 1, "name": "Trustline Capital Finance Ltd", "relation": "Promoter", "url": "", "transactionDescription": "Other", "latestTransDate": "2015-11-04", "positionDirect": 0, "positionDirectDate": "2015-11-04"}, {"maxAge": 1, "name": "Uddhav Trading Pvt. Ltd.", "relation": "Institution- Corporation", "url": "", "transactionDescription": "Acquisition", "latestTransDate": "2013-03-18", "positionDirect": 158404, "positionDirectDate": "2013-03-18"}], "maxAge": 1}, "calendarEvents": {"maxAge": 1, "earnings": {"earningsDate": []}, "exDividendDate": "2019-09-12 05:30:00"}, "upgradeDowngradeHistory": {"history": [], "maxAge": 86400}, "price": {"maxAge": 1, "regularMarketChangePercent": -0.015072996, "regularMarketChange": -3.199997, "regularMarketTime": "2021-04-30 15:29:55", "priceHint": 2, "regularMarketPrice": 209.1, "regularMarketDayHigh": 213.45, "regularMarketDayLow": 207.7, "regularMarketVolume": 6205, "averageDailyVolume10Day": 4406, "averageDailyVolume3Month": 13694, "regularMarketPreviousClose": 212.3, "regularMarketSource": "FREE_REALTIME", "regularMarketOpen": 212.25, "exchange": "NSI", "exchangeName": "NSE", "exchangeDataDelayedBy": 15, "marketState": "CLOSED", "quoteType": "EQUITY", "symbol": "PODDARMENT.NS", "underlyingSymbol": null, "shortName": "PODDAR PIGMENTS", "longName": "Poddar Pigments Limited", "currency": "INR", "quoteSourceName": "Delayed Quote", "currencySymbol": "\u20b9", "fromCurrency": null, "lastMarket": null, "marketCap": 2221164800}, "balanceSheetHistory": {"balanceSheetStatements": [{"maxAge": 1, "endDate": "2020-03-31", "cash": 103349000, "netReceivables": 450375000, "inventory": 507799000, "otherCurrentAssets": 43026000, "totalCurrentAssets": 1433386000, "longTermInvestments": 173774000, "propertyPlantEquipment": 438043000, "intangibleAssets": 3301000, "otherAssets": 161496000, "totalAssets": 2210000000, "accountsPayable": 166578000, "otherCurrentLiab": 57051000, "otherLiab": 41082000, "totalCurrentLiabilities": 287171000, "totalLiab": 328253000, "commonStock": 106100000, "retainedEarnings": 1729928000, "treasuryStock": 45719000, "otherStockholderEquity": 45719000, "totalStockholderEquity": 1881747000, "netTangibleAssets": 1878446000}, {"maxAge": 1, "endDate": "2019-03-31", "cash": 98826000, "shortTermInvestments": 233444000, "netReceivables": 509162000, "inventory": 491617000, "otherCurrentAssets": 39596000, "totalCurrentAssets": 1364586000, "longTermInvestments": 648529000, "propertyPlantEquipment": 379645000, "intangibleAssets": 3028000, "otherAssets": 62824000, "totalAssets": 2458612000, "accountsPayable": 142307000, "otherCurrentLiab": 42029000, "otherLiab": 50303000, "totalCurrentLiabilities": 221902000, "totalLiab": 272205000, "commonStock": 106100000, "retainedEarnings": 1560003000, "treasuryStock": 520304000, "otherStockholderEquity": 520304000, "totalStockholderEquity": 2186407000, "netTangibleAssets": 2183379000}, {"maxAge": 1, "endDate": "2018-03-31", "cash": 81757000, "netReceivables": 549143000, "inventory": 472703000, "otherCurrentAssets": 34967000, "totalCurrentAssets": 1403553000, "longTermInvestments": 552271000, "propertyPlantEquipment": 256332000, "intangibleAssets": 3598000, "otherAssets": 8423000, "totalAssets": 2224177000, "accountsPayable": 130309000, "otherCurrentLiab": 29083000, "otherLiab": 49283000, "totalCurrentLiabilities": 203195000, "totalLiab": 252478000, "commonStock": 106100000, "retainedEarnings": 1441388000, "treasuryStock": 424211000, "otherStockholderEquity": 424211000, "totalStockholderEquity": 1971699000, "netTangibleAssets": 1968101000}, {"maxAge": 1, "endDate": "2017-03-31", "cash": 103772000, "netReceivables": 556098000, "inventory": 322421000, "otherCurrentAssets": 65195000, "totalCurrentAssets": 1171120000, "longTermInvestments": 434796000, "propertyPlantEquipment": 274143000, "otherAssets": 7275000, "totalAssets": 1887334000, "accountsPayable": 153617000, "otherCurrentLiab": 31540000, "otherLiab": 42721000, "totalCurrentLiabilities": 240956000, "totalLiab": 283677000, "commonStock": 106100000, "retainedEarnings": 1148632000, "treasuryStock": 348925000, "otherStockholderEquity": 348925000, "totalStockholderEquity": 1603657000, "netTangibleAssets": 1603657000}], "maxAge": 86400}, "financialData": {"maxAge": 86400, "currentPrice": 209.1, "recommendationKey": "none", "totalCash": 520361984, "totalCashPerShare": 49.04, "ebitda": 241516752, "totalDebt": 0, "totalRevenue": 2566838016, "revenuePerShare": 241.931, "grossProfits": 866827000, "earningsGrowth": 0.511, "revenueGrowth": -0.05, "grossMargins": 0.29119, "ebitdaMargins": 0.09409001, "operatingMargins": 0.08356, "profitMargins": 0.07524, "financialCurrency": "INR"}}}