{"POKARNA.BO": {"recommendationTrend": {"trend": [{"period": "0m", "strongBuy": 0, "buy": 0, "hold": 0, "sell": 0, "strongSell": 0}, {"period": "-1m", "strongBuy": 0, "buy": 0, "hold": 0, "sell": 0, "strongSell": 0}, {"period": "-2m", "strongBuy": 0, "buy": 0, "hold": 0, "sell": 0, "strongSell": 0}, {"period": "-3m", "strongBuy": 0, "buy": 0, "hold": 0, "sell": 0, "strongSell": 0}], "maxAge": 86400}, "cashflowStatementHistory": {"cashflowStatements": [{"maxAge": 1, "endDate": "2020-03-31", "netIncome": 707291000, "depreciation": 231701000, "changeToNetincome": 277486000, "changeToAccountReceivables": 361142000, "changeToLiabilities": 0, "changeToInventory": 86777000, "changeToOperatingActivities": 2126377000, "totalCashFromOperatingActivities": 3791205000, "capitalExpenditures": -3922398000, "otherCashflowsFromInvestingActivities": 7757000, "totalCashflowsFromInvestingActivities": -3904613000, "dividendsPaid": -18602000, "netBorrowings": 237414000, "otherCashflowsFromFinancingActivities": -224608000, "totalCashFromFinancingActivities": -5796000, "effectOfExchangeRate": 47905000, "changeInCash": -71299000}, {"maxAge": 1, "endDate": "2019-03-31", "netIncome": 806783000, "depreciation": 241200000, "changeToNetincome": 241620000, "changeToAccountReceivables": 1351000, "changeToLiabilities": 0, "changeToInventory": 15130000, "changeToOperatingActivities": -240347000, "totalCashFromOperatingActivities": 1083495000, "capitalExpenditures": -676751000, "otherCashflowsFromInvestingActivities": 6934000, "totalCashflowsFromInvestingActivities": -667719000, "dividendsPaid": -18602000, "netBorrowings": -162078000, "otherCashflowsFromFinancingActivities": -257612000, "totalCashFromFinancingActivities": -438292000, "effectOfExchangeRate": 30960000, "changeInCash": 8444000}, {"maxAge": 1, "endDate": "2018-03-31", "netIncome": 422420000, "depreciation": 186948000, "changeToNetincome": 177413000, "changeToAccountReceivables": -17508000, "changeToLiabilities": 0, "changeToInventory": -38648000, "changeToOperatingActivities": 25324000, "totalCashFromOperatingActivities": 771362000, "capitalExpenditures": -308273000, "otherCashflowsFromInvestingActivities": 8673000, "totalCashflowsFromInvestingActivities": -296958000, "dividendsPaid": -18602000, "netBorrowings": -207506000, "otherCashflowsFromFinancingActivities": -289715000, "totalCashFromFinancingActivities": -515823000, "effectOfExchangeRate": 15479000, "changeInCash": -25940000}, {"maxAge": 1, "endDate": "2017-03-31", "netIncome": 702551000, "depreciation": 172482000, "changeToNetincome": 322161000, "changeToAccountReceivables": 117519000, "changeToLiabilities": 0, "changeToInventory": -109612000, "changeToOperatingActivities": -98376000, "totalCashFromOperatingActivities": 1110321000, "capitalExpenditures": -316427000, "otherCashflowsFromInvestingActivities": -4517000, "totalCashflowsFromInvestingActivities": -320070000, "dividendsPaid": -18602400, "netBorrowings": -242593000, "otherCashflowsFromFinancingActivities": -342002000, "totalCashFromFinancingActivities": -646603000, "effectOfExchangeRate": 13426000, "changeInCash": 157074000}], "maxAge": 86400}, "institutionOwnership": {"maxAge": 1, "ownershipList": []}, "balanceSheetHistoryQuarterly": {"balanceSheetStatements": [{"maxAge": 1, "endDate": "2020-06-30", "totalStockholderEquity": 3386977000, "netTangibleAssets": 3386977000}, {"maxAge": 1, "endDate": "2020-03-31", "cash": 110825000, "netReceivables": 451499000, "inventory": 912732000, "otherCurrentAssets": 261388000, "totalCurrentAssets": 1763043000, "propertyPlantEquipment": 6990442000, "otherAssets": 444498000, "deferredLongTermAssetCharges": 20579000, "totalAssets": 9197983000, "accountsPayable": 336267000, "shortLongTermDebt": 138939000, "otherCurrentLiab": 551063000, "longTermDebt": 2236576000, "otherLiab": 1954663000, "deferredLongTermLiab": 189770000, "totalCurrentLiabilities": 1558240000, "totalLiab": 5811006000, "commonStock": 62008000, "retainedEarnings": 3305614000, "treasuryStock": 11959000, "capitalSurplus": 7396000, "otherStockholderEquity": 11959000, "totalStockholderEquity": 3386977000, "netTangibleAssets": 3386977000}, {"maxAge": 1, "endDate": "2019-12-31", "totalStockholderEquity": 3290957000, "netTangibleAssets": 3290957000}, {"maxAge": 1, "endDate": "2019-09-30", "cash": 514454000, "netReceivables": 461682000, "inventory": 924061000, "otherCurrentAssets": 114113000, "totalCurrentAssets": 2014310000, "longTermInvestments": 195190000, "propertyPlantEquipment": 6099707000, "otherAssets": 417593000, "deferredLongTermAssetCharges": 131699000, "totalAssets": 8726800000, "accountsPayable": 375491000, "shortLongTermDebt": 292498000, "otherCurrentLiab": 1214062000, "longTermDebt": 1841826000, "otherLiab": 1271209000, "deferredLongTermLiab": 5517000, "totalCurrentLiabilities": 2322808000, "totalLiab": 5435843000, "commonStock": 62008000, "treasuryStock": 3228949000, "otherStockholderEquity": 3228949000, "totalStockholderEquity": 3290957000, "netTangibleAssets": 3290957000}], "maxAge": 86400}, "earningsHistory": {"history": [{"maxAge": 1, "epsActual": 5.77, "epsEstimate": 7.15, "epsDifference": -1.38, "surprisePercent": -0.19299999, "quarter": "2017-03-31", "period": "-4q"}, {"maxAge": 1, "epsActual": 1.75, "epsEstimate": 4.93, "epsDifference": -3.18, "surprisePercent": -0.645, "quarter": "2017-06-30", "period": "-3q"}, {"maxAge": 1, "epsActual": 4.18, "epsEstimate": 7.62, "epsDifference": -3.44, "surprisePercent": -0.45099998, "quarter": "2017-09-30", "period": "-2q"}, {"maxAge": 1, "epsActual": 4.64, "epsEstimate": 4.8, "epsDifference": -0.16, "surprisePercent": -0.033, "quarter": "2017-12-31", "period": "-1q"}], "maxAge": 86400}, "indexTrend": {"maxAge": 1, "symbol": "SP5", "peRatio": 19.7411, "pegRatio": 1.34172, "estimates": [{"period": "0q", "growth": 0.549}, {"period": "+1q", "growth": 0.431}, {"period": "0y", "growth": 0.305}, {"period": "+1y", "growth": 0.109}, {"period": "+5y", "growth": 0.120865}, {"period": "-5y"}]}, "industryTrend": {"maxAge": 1, "symbol": null, "estimates": []}, "insiderTransactions": {"transactions": [{"maxAge": 1, "shares": 53138, "filerUrl": "", "transactionText": "", "filerName": "Reliance Capital Trustee Co Ltd A/C Reliance Mid & Small Cap", "filerRelation": "Institution- Corporation", "moneyText": "", "startDate": "2020-09-15", "ownership": "D"}, {"maxAge": 1, "shares": 14225, "filerUrl": "", "transactionText": "", "filerName": "Meka (Rajini)", "filerRelation": "UNREPORTED", "moneyText": "", "startDate": "2020-03-18", "ownership": "D"}], "maxAge": 1}, "quoteType": {"exchange": "BSE", "quoteType": "EQUITY", "symbol": "POKARNA.BO", "underlyingSymbol": "POKARNA.BO", "shortName": "POKARNA LTD.", "longName": "Pokarna Limited", "firstTradeDateEpochUtc": "2003-01-17 09:15:00", "timeZoneFullName": "Asia/Kolkata", "timeZoneShortName": "IST", "uuid": "bb5f1fb0-1375-3fb3-92a6-52df2e61740e", "messageBoardId": null, "gmtOffSetMilliseconds": 19800000, "maxAge": 1}, "incomeStatementHistory": {"incomeStatementHistory": [{"maxAge": 1, "endDate": "2020-03-31", "totalRevenue": 3939103000, "costOfRevenue": 1228598000, "grossProfit": 2710505000, "researchDevelopment": {}, "sellingGeneralAdministrative": 498255000, "nonRecurring": {}, "otherOperatingExpenses": 886650000, "totalOperatingExpenses": 2845635000, "operatingIncome": 1093468000, "totalOtherIncomeExpenseNet": -185535000, "ebit": 1093468000, "interestExpense": -220784000, "incomeBeforeTax": 907933000, "incomeTaxExpense": 200642000, "minorityInterest": {}, "netIncomeFromContinuingOps": 707291000, "discontinuedOperations": {}, "extraordinaryItems": {}, "effectOfAccountingCharges": {}, "otherItems": {}, "netIncome": 707291000, "netIncomeApplicableToCommonShares": 707291000}, {"maxAge": 1, "endDate": "2019-03-31", "totalRevenue": 4622199000, "costOfRevenue": 1501235000, "grossProfit": 3120964000, "researchDevelopment": {}, "sellingGeneralAdministrative": 526233000, "nonRecurring": {}, "otherOperatingExpenses": 1134406000, "totalOperatingExpenses": 3417236000, "operatingIncome": 1204963000, "totalOtherIncomeExpenseNet": -192576000, "ebit": 1204963000, "interestExpense": -253788000, "incomeBeforeTax": 1012387000, "incomeTaxExpense": 205604000, "minorityInterest": {}, "netIncomeFromContinuingOps": 806783000, "discontinuedOperations": {}, "extraordinaryItems": {}, "effectOfAccountingCharges": {}, "otherItems": {}, "netIncome": 806783000, "netIncomeApplicableToCommonShares": 806783000}, {"maxAge": 1, "endDate": "2018-03-31", "totalRevenue": 3365989000, "costOfRevenue": 852608000, "grossProfit": 2513381000, "researchDevelopment": {}, "sellingGeneralAdministrative": 488740000, "nonRecurring": {}, "otherOperatingExpenses": 1066974000, "totalOperatingExpenses": 2608947000, "operatingIncome": 757042000, "totalOtherIncomeExpenseNet": -245577000, "ebit": 757042000, "interestExpense": -285928000, "incomeBeforeTax": 511465000, "incomeTaxExpense": 89045000, "minorityInterest": {}, "netIncomeFromContinuingOps": 422420000, "discontinuedOperations": {}, "extraordinaryItems": {}, "effectOfAccountingCharges": {}, "otherItems": {}, "netIncome": 422420000, "netIncomeApplicableToCommonShares": 422421000}, {"maxAge": 1, "endDate": "2017-03-31", "totalRevenue": 3673548000, "costOfRevenue": 802322000, "grossProfit": 2871226000, "researchDevelopment": {}, "sellingGeneralAdministrative": 389528000, "nonRecurring": {}, "otherOperatingExpenses": 1082122000, "totalOperatingExpenses": 2462759000, "operatingIncome": 1210789000, "totalOtherIncomeExpenseNet": -239467000, "ebit": 1210789000, "interestExpense": -320144000, "incomeBeforeTax": 971322000, "incomeTaxExpense": 199262000, "minorityInterest": {}, "netIncomeFromContinuingOps": 772060000, "discontinuedOperations": -69509000, "extraordinaryItems": {}, "effectOfAccountingCharges": {}, "otherItems": {}, "netIncome": 702551000, "netIncomeApplicableToCommonShares": 702551000}], "maxAge": 86400}, "fundOwnership": {"maxAge": 1, "ownershipList": []}, "summaryDetail": {"maxAge": 1, "priceHint": 2, "previousClose": 243.05, "open": 241.6, "dayLow": 241.6, "dayHigh": 246.25, "regularMarketPreviousClose": 243.05, "regularMarketOpen": 241.6, "regularMarketDayLow": 241.6, "regularMarketDayHigh": 246.25, "trailingPE": 24.464464, "forwardPE": 12.406091, "volume": 5001, "regularMarketVolume": 5001, "averageVolume": 22589, "averageVolume10days": 16030, "averageDailyVolume10Day": 16030, "bid": 242.0, "ask": 244.3, "bidSize": 0, "askSize": 0, "marketCap": 7578281472, "fiftyTwoWeekLow": 46.75, "fiftyTwoWeekHigh": 258.5, "fiftyDayAverage": 209.48824, "twoHundredDayAverage": 160.43567, "trailingAnnualDividendRate": 0.6, "trailingAnnualDividendYield": 0.0024686279, "currency": "INR", "fromCurrency": null, "toCurrency": null, "lastMarket": null, "algorithm": null, "tradeable": false}, "sectorTrend": {"maxAge": 1, "symbol": null, "estimates": []}, "incomeStatementHistoryQuarterly": {"incomeStatementHistory": [{"maxAge": 1, "endDate": "2020-06-30", "totalRevenue": 273250000, "costOfRevenue": 82859000, "grossProfit": 190391000, "researchDevelopment": {}, "sellingGeneralAdministrative": 73573000, "nonRecurring": {}, "otherOperatingExpenses": 141086000, "totalOperatingExpenses": 351970000, "operatingIncome": -78720000, "totalOtherIncomeExpenseNet": -45246000, "ebit": -78720000, "interestExpense": -49092000, "incomeBeforeTax": -123966000, "incomeTaxExpense": -31254000, "minorityInterest": {}, "netIncomeFromContinuingOps": -92712000, "discontinuedOperations": {}, "extraordinaryItems": {}, "effectOfAccountingCharges": {}, "otherItems": {}, "netIncome": -92712000, "netIncomeApplicableToCommonShares": -92712000}, {"maxAge": 1, "endDate": "2020-03-31", "totalRevenue": 890006000, "costOfRevenue": 303078000, "grossProfit": 586928000, "researchDevelopment": {}, "sellingGeneralAdministrative": 167486000, "nonRecurring": {}, "otherOperatingExpenses": 129018000, "totalOperatingExpenses": 655015000, "operatingIncome": 234991000, "totalOtherIncomeExpenseNet": -56519000, "ebit": 234991000, "interestExpense": -50017000, "incomeBeforeTax": 178472000, "incomeTaxExpense": 146657000, "minorityInterest": {}, "netIncomeFromContinuingOps": 31815000, "discontinuedOperations": {}, "extraordinaryItems": {}, "effectOfAccountingCharges": {}, "otherItems": {}, "netIncome": 31815000, "netIncomeApplicableToCommonShares": 31815000}, {"maxAge": 1, "endDate": "2019-12-31", "totalRevenue": 618070000, "costOfRevenue": 144555000, "grossProfit": 473515000, "researchDevelopment": {}, "sellingGeneralAdministrative": 99943000, "nonRecurring": {}, "otherOperatingExpenses": 187889000, "totalOperatingExpenses": 489888000, "operatingIncome": 128182000, "totalOtherIncomeExpenseNet": -53704000, "ebit": 128182000, "interestExpense": -55557000, "incomeBeforeTax": 74478000, "incomeTaxExpense": 8851000, "minorityInterest": {}, "netIncomeFromContinuingOps": 65627000, "discontinuedOperations": {}, "extraordinaryItems": {}, "effectOfAccountingCharges": {}, "otherItems": {}, "netIncome": 65627000, "netIncomeApplicableToCommonShares": 65627000}, {"maxAge": 1, "endDate": "2019-09-30", "totalRevenue": 1170946000, "costOfRevenue": 354172000, "grossProfit": 816774000, "researchDevelopment": {}, "sellingGeneralAdministrative": 115403000, "nonRecurring": {}, "otherOperatingExpenses": 273053000, "totalOperatingExpenses": 801968000, "operatingIncome": 368978000, "totalOtherIncomeExpenseNet": -27723000, "ebit": 368978000, "interestExpense": -58748000, "incomeBeforeTax": 341255000, "incomeTaxExpense": 36283000, "minorityInterest": {}, "netIncomeFromContinuingOps": 304972000, "discontinuedOperations": {}, "extraordinaryItems": {}, "effectOfAccountingCharges": {}, "otherItems": {}, "netIncome": 304972000, "netIncomeApplicableToCommonShares": 304972000}], "maxAge": 86400}, "cashflowStatementHistoryQuarterly": {"cashflowStatements": [{"maxAge": 1, "endDate": "2020-06-30", "netIncome": -92712000, "changeToLiabilities": 0}, {"maxAge": 1, "endDate": "2020-03-31", "netIncome": 31815000, "changeToLiabilities": 0}, {"maxAge": 1, "endDate": "2019-12-31", "netIncome": 65627000, "changeToLiabilities": 0}, {"maxAge": 1, "endDate": "2019-09-30", "netIncome": 304972000, "changeToLiabilities": 0}], "maxAge": 86400}, "insiderHolders": {"holders": [{"maxAge": 1, "name": "Meka (Rajini)", "relation": "UNREPORTED", "url": "", "transactionDescription": "Acquisition", "latestTransDate": "2020-03-18", "positionDirect": 28500, "positionDirectDate": "2020-03-18"}, {"maxAge": 1, "name": "Reliance Capital Trustee Co Ltd A/C Reliance Mid & Small Cap", "relation": "Institution- Corporation", "url": "", "transactionDescription": "Purchase", "latestTransDate": "2020-09-15", "positionDirect": 2246499, "positionDirectDate": "2020-09-15"}], "maxAge": 1}, "earnings": {"maxAge": 86400, "earningsChart": {"quarterly": [{"date": "1Q2017", "actual": 5.77, "estimate": 7.15}, {"date": "2Q2017", "actual": 1.75, "estimate": 4.93}, {"date": "3Q2017", "actual": 4.18, "estimate": 7.62}, {"date": "4Q2017", "actual": 4.64, "estimate": 4.8}], "currentQuarterEstimateDate": "1Q", "currentQuarterEstimateYear": 2018, "earningsDate": ["2020-09-12 05:30:S"]}, "financialsChart": {"yearly": [{"date": 2017, "revenue": 3673548000, "earnings": 702551000}, {"date": 2018, "revenue": 3365989000, "earnings": 422420000}, {"date": 2019, "revenue": 4622199000, "earnings": 806783000}, {"date": 2020, "revenue": 3939103000, "earnings": 707291000}], "quarterly": [{"date": "3Q2019", "revenue": 1170946000, "earnings": 304972000}, {"date": "4Q2019", "revenue": 618070000, "earnings": 65627000}, {"date": "1Q2020", "revenue": 890006000, "earnings": 31815000}, {"date": "2Q2020", "revenue": 273250000, "earnings": -92712000}]}, "financialCurrency": "INR"}, "calendarEvents": {"maxAge": 1, "earnings": {"earningsDate": ["2020-09-12 05:30:S"], "revenueAverage": 1804200000, "revenueLow": 1152000000, "revenueHigh": 1152000000}}, "price": {"maxAge": 1, "regularMarketChangePercent": 0.0055543752, "regularMarketChange": 1.3499908, "regularMarketTime": "2021-04-30 15:29:56", "priceHint": 2, "regularMarketPrice": 244.4, "regularMarketDayHigh": 246.25, "regularMarketDayLow": 241.6, "regularMarketVolume": 5001, "averageDailyVolume10Day": 16030, "averageDailyVolume3Month": 22589, "regularMarketPreviousClose": 243.05, "regularMarketSource": "FREE_REALTIME", "regularMarketOpen": 241.6, "exchange": "BSE", "exchangeName": "BSE", "exchangeDataDelayedBy": 0, "marketState": "CLOSED", "quoteType": "EQUITY", "symbol": "POKARNA.BO", "underlyingSymbol": null, "shortName": "POKARNA LTD.", "longName": "Pokarna Limited", "currency": "INR", "quoteSourceName": "Delayed Quote", "currencySymbol": "\u20b9", "fromCurrency": null, "toCurrency": null, "lastMarket": null, "marketCap": 7578281472}, "balanceSheetHistory": {"balanceSheetStatements": [{"maxAge": 1, "endDate": "2020-03-31", "cash": 110825000, "netReceivables": 451499000, "inventory": 912732000, "otherCurrentAssets": 261388000, "totalCurrentAssets": 1763043000, "propertyPlantEquipment": 6990442000, "otherAssets": 444498000, "deferredLongTermAssetCharges": 20579000, "totalAssets": 9197983000, "accountsPayable": 336267000, "shortLongTermDebt": 138939000, "otherCurrentLiab": 551063000, "longTermDebt": 2236576000, "otherLiab": 1954663000, "deferredLongTermLiab": 189770000, "totalCurrentLiabilities": 1558240000, "totalLiab": 5811006000, "commonStock": 62008000, "retainedEarnings": 3305614000, "treasuryStock": 11959000, "capitalSurplus": 7396000, "otherStockholderEquity": 11959000, "totalStockholderEquity": 3386977000, "netTangibleAssets": 3386977000}, {"maxAge": 1, "endDate": "2019-03-31", "cash": 78449000, "netReceivables": 741723000, "inventory": 999510000, "otherCurrentAssets": 338010000, "totalCurrentAssets": 2184026000, "propertyPlantEquipment": 3135485000, "otherAssets": 711599000, "deferredLongTermAssetCharges": 70546000, "totalAssets": 6031110000, "accountsPayable": 388753000, "shortLongTermDebt": 304726000, "otherCurrentLiab": 440223000, "longTermDebt": 1516505000, "otherLiab": 98637000, "deferredLongTermLiab": 5732000, "totalCurrentLiabilities": 1711377000, "totalLiab": 3326519000, "commonStock": 62008000, "retainedEarnings": 2620750000, "treasuryStock": 14437000, "capitalSurplus": 7396000, "otherStockholderEquity": 14437000, "totalStockholderEquity": 2704591000, "netTangibleAssets": 2704591000}, {"maxAge": 1, "endDate": "2018-03-31", "cash": 134013000, "netReceivables": 739873000, "inventory": 1014640000, "otherCurrentAssets": 105384000, "totalCurrentAssets": 2021639000, "propertyPlantEquipment": 2705953000, "otherAssets": 378498000, "deferredLongTermAssetCharges": 41186000, "totalAssets": 5106090000, "accountsPayable": 297995000, "shortLongTermDebt": 319198000, "otherCurrentLiab": 210184000, "longTermDebt": 1591774000, "otherLiab": 112393000, "deferredLongTermLiab": 19226000, "totalCurrentLiabilities": 1460346000, "totalLiab": 3191692000, "commonStock": 62008000, "retainedEarnings": 1823118000, "treasuryStock": 21876000, "capitalSurplus": 7396000, "otherStockholderEquity": 21876000, "totalStockholderEquity": 1914398000, "netTangibleAssets": 1914398000}, {"maxAge": 1, "endDate": "2017-03-31", "cash": 209661000, "netReceivables": 711640000, "inventory": 975993000, "otherCurrentAssets": 86145000, "totalCurrentAssets": 2009543000, "propertyPlantEquipment": 2614108000, "otherAssets": 354428000, "deferredLongTermAssetCharges": 4165000, "totalAssets": 4978079000, "accountsPayable": 279188000, "shortLongTermDebt": 328695000, "otherCurrentLiab": 345715000, "longTermDebt": 1789156000, "otherLiab": 111590000, "deferredLongTermLiab": 9787000, "totalCurrentLiabilities": 1534632000, "totalLiab": 3469000000, "commonStock": 62008000, "retainedEarnings": 1409812000, "treasuryStock": 29863000, "capitalSurplus": 7396000, "otherStockholderEquity": 29863000, "totalStockholderEquity": 1509079000, "netTangibleAssets": 1509079000}], "maxAge": 86400}, "earningsTrend": {"trend": [{"maxAge": 1, "period": "0q", "endDate": "2018-03-31", "growth": {}, "earningsEstimate": {"avg": 0.0, "low": 0.0, "high": 0.0, "yearAgoEps": 5.77, "numberOfAnalysts": 0, "growth": {}}, "revenueEstimate": {"avg": 1804200000, "low": 1152000000, "high": 1152000000, "numberOfAnalysts": 1, "yearAgoRevenue": 1000410000, "growth": 0.80300003}, "epsTrend": {"current": 0.0, "7daysAgo": 7.93, "30daysAgo": 7.93, "60daysAgo": 7.93, "90daysAgo": 7.93}, "epsRevisions": {"upLast7days": 0, "upLast30days": 0, "downLast30days": 0, "downLast90days": {}}}, {"maxAge": 1, "period": "+1q", "endDate": "2018-06-30", "growth": {}, "earningsEstimate": {"avg": 0.0, "low": 0.0, "high": 0.0, "yearAgoEps": 1.75, "numberOfAnalysts": 0, "growth": {}}, "revenueEstimate": {"avg": 846026000, "low": 1114000000, "high": 1114000000, "numberOfAnalysts": 1, "yearAgoRevenue": 665200000, "growth": 0.272}, "epsTrend": {"current": 0.0, "7daysAgo": 6.38, "30daysAgo": 6.38, "60daysAgo": 6.38, "90daysAgo": 6.38}, "epsRevisions": {"upLast7days": 0, "upLast30days": 0, "downLast30days": 0, "downLast90days": {}}}, {"maxAge": 1, "period": "0y", "endDate": "2018-03-31", "growth": {}, "earningsEstimate": {"avg": 0.0, "low": 0.0, "high": 0.0, "yearAgoEps": {}, "numberOfAnalysts": 0, "growth": {}}, "revenueEstimate": {"avg": 3281620000, "low": 3480000000, "high": 3480000000, "numberOfAnalysts": 1, "yearAgoRevenue": 3802990000, "growth": -0.137}, "epsTrend": {"current": 0.0, "7daysAgo": 17.2, "30daysAgo": 17.2, "60daysAgo": 17.2, "90daysAgo": 17.2}, "epsRevisions": {"upLast7days": 0, "upLast30days": 0, "downLast30days": 0, "downLast90days": {}}}, {"maxAge": 1, "period": "+1y", "endDate": "2019-03-31", "growth": {}, "earningsEstimate": {"avg": 0.0, "low": 0.0, "high": 0.0, "yearAgoEps": {}, "numberOfAnalysts": 0, "growth": {}}, "revenueEstimate": {"avg": 3770000000, "low": 3770000000, "high": 3770000000, "numberOfAnalysts": 1, "yearAgoRevenue": 3281620000, "growth": 0.14899999}, "epsTrend": {"current": 0.0, "7daysAgo": 19.7, "30daysAgo": 19.7, "60daysAgo": 19.7, "90daysAgo": 19.7}, "epsRevisions": {"upLast7days": 0, "upLast30days": 0, "downLast30days": 0, "downLast90days": {}}}, {"maxAge": 1, "period": "+5y", "endDate": null, "growth": {}, "earningsEstimate": {"avg": {}, "low": {}, "high": {}, "yearAgoEps": {}, "numberOfAnalysts": {}, "growth": {}}, "revenueEstimate": {"avg": {}, "low": {}, "high": {}, "numberOfAnalysts": {}, "yearAgoRevenue": {}, "growth": {}}, "epsTrend": {"current": {}, "7daysAgo": {}, "30daysAgo": {}, "60daysAgo": {}, "90daysAgo": {}}, "epsRevisions": {"upLast7days": {}, "upLast30days": {}, "downLast30days": {}, "downLast90days": {}}}, {"maxAge": 1, "period": "-5y", "endDate": null, "growth": {}, "earningsEstimate": {"avg": {}, "low": {}, "high": {}, "yearAgoEps": {}, "numberOfAnalysts": {}, "growth": {}}, "revenueEstimate": {"avg": {}, "low": {}, "high": {}, "numberOfAnalysts": {}, "yearAgoRevenue": {}, "growth": {}}, "epsTrend": {"current": {}, "7daysAgo": {}, "30daysAgo": {}, "60daysAgo": {}, "90daysAgo": {}}, "epsRevisions": {"upLast7days": {}, "upLast30days": {}, "downLast30days": {}, "downLast90days": {}}}], "maxAge": 1}, "financialData": {"maxAge": 86400, "currentPrice": 244.4, "targetHighPrice": 223.0, "targetLowPrice": 200.0, "targetMeanPrice": 211.5, "targetMedianPrice": 211.5, "recommendationKey": "none", "numberOfAnalystOpinions": 2, "grossProfits": 2710505000, "financialCurrency": "INR"}}}