{"POLOHOT.BO": {"cashflowStatementHistory": {"cashflowStatements": [{"maxAge": 1, "endDate": "2020-03-31", "netIncome": -4355000, "changeToLiabilities": 0}, {"maxAge": 1, "endDate": "2019-03-31", "netIncome": -2250000, "changeToLiabilities": 0}, {"maxAge": 1, "endDate": "2018-03-31", "netIncome": -5123000, "changeToLiabilities": 0}, {"maxAge": 1, "endDate": "2017-03-31", "netIncome": 167369, "depreciation": 1436242, "changeToNetincome": 1846112, "changeToAccountReceivables": -3061697, "changeToLiabilities": 20145986, "changeToInventory": -500000, "totalCashFromOperatingActivities": 20034012, "capitalExpenditures": -75808639, "totalCashflowsFromInvestingActivities": -77364923, "netBorrowings": -42129839, "otherCashflowsFromFinancingActivities": -1845128, "totalCashFromFinancingActivities": 56025033, "changeInCash": -1305878, "issuanceOfStock": 100000000}], "maxAge": 86400}, "institutionOwnership": {"ownershipList": [], "maxAge": 1}, "balanceSheetHistoryQuarterly": {"balanceSheetStatements": [{"maxAge": 1, "endDate": "2020-06-30", "totalStockholderEquity": 643700000, "netTangibleAssets": 643700000}, {"maxAge": 1, "endDate": "2020-03-31", "cash": 3680000, "shortTermInvestments": 6623000, "netReceivables": 1282000, "inventory": 312000, "totalCurrentAssets": 11897000, "longTermInvestments": 9573000, "propertyPlantEquipment": 1556469000, "otherAssets": 5092000, "totalAssets": 1583031000, "accountsPayable": 21535000, "shortLongTermDebt": 785519000, "otherCurrentLiab": 22925000, "longTermDebt": 22949000, "otherLiab": 86403000, "totalCurrentLiabilities": 829979000, "totalLiab": 939331000, "commonStock": 223743000, "treasuryStock": 419957000, "otherStockholderEquity": 419957000, "totalStockholderEquity": 643700000, "netTangibleAssets": 643700000}, {"maxAge": 1, "endDate": "2019-12-31", "totalStockholderEquity": 645702000, "netTangibleAssets": 645702000}, {"maxAge": 1, "endDate": "2019-09-30", "cash": 3385000, "shortTermInvestments": 6575000, "netReceivables": 810000, "inventory": 572000, "totalCurrentAssets": 11342000, "longTermInvestments": 9873000, "propertyPlantEquipment": 1519512000, "otherAssets": 5091000, "totalAssets": 1545818000, "accountsPayable": 21410000, "shortLongTermDebt": 758306000, "otherCurrentLiab": 21012000, "longTermDebt": 12748000, "otherLiab": 86640000, "totalCurrentLiabilities": 800728000, "totalLiab": 900116000, "commonStock": 223743000, "treasuryStock": 421959000, "otherStockholderEquity": 421959000, "totalStockholderEquity": 645702000, "netTangibleAssets": 645702000}], "maxAge": 86400}, "indexTrend": {"maxAge": 1, "symbol": "SP5", "peRatio": 19.7411, "pegRatio": 1.34172, "estimates": [{"period": "0q", "growth": 0.549}, {"period": "+1q", "growth": 0.431}, {"period": "0y", "growth": 0.305}, {"period": "+1y", "growth": 0.109}, {"period": "+5y", "growth": 0.120859005}, {"period": "-5y"}]}, "insiderTransactions": {"transactions": [{"maxAge": 1, "shares": 400000, "filerUrl": "", "transactionText": "", "filerName": "Dahiya (Amardeep Singh)", "filerRelation": "Managing Director", "moneyText": "", "startDate": "2018-12-21", "ownership": "D"}, {"maxAge": 1, "shares": 100000, "filerUrl": "", "transactionText": "", "filerName": "Dahiya (Amardeep Singh)", "filerRelation": "Managing Director", "moneyText": "", "startDate": "2018-12-07", "ownership": "D"}, {"maxAge": 1, "shares": 500000, "filerUrl": "", "transactionText": "", "filerName": "Dahiya (Abhey Ram)", "filerRelation": "Chairman of the Board", "moneyText": "", "startDate": "2018-12-06", "ownership": "D"}, {"maxAge": 1, "shares": 400000, "filerUrl": "", "transactionText": "", "filerName": "Dahiya (Amardeep Singh)", "filerRelation": "Managing Director", "moneyText": "", "startDate": "2018-11-26", "ownership": "D"}, {"maxAge": 1, "shares": 250000, "filerUrl": "", "transactionText": "", "filerName": "Dahiya (Amardeep Singh)", "filerRelation": "Managing Director", "moneyText": "", "startDate": "2018-11-20", "ownership": "D"}, {"maxAge": 1, "shares": 300000, "filerUrl": "", "transactionText": "", "filerName": "Dahiya (Abhey Ram)", "filerRelation": "Chairman of the Board", "moneyText": "", "startDate": "2018-11-19", "ownership": "D"}, {"maxAge": 1, "shares": 245000, "filerUrl": "", "transactionText": "", "filerName": "Dahiya (Amardeep Singh)", "filerRelation": "Managing Director", "moneyText": "", "startDate": "2018-01-15", "ownership": "D"}, {"maxAge": 1, "shares": 37500, "filerUrl": "", "transactionText": "", "filerName": "Dahiya (Amardeep Singh)", "filerRelation": "Managing Director", "moneyText": "", "startDate": "2017-11-17", "ownership": "D"}, {"maxAge": 1, "shares": 365515, "filerUrl": "", "transactionText": "", "filerName": "Dahiya (Amardeep Singh)", "filerRelation": "Managing Director", "moneyText": "", "startDate": "2017-11-06", "ownership": "D"}, {"maxAge": 1, "shares": 150000, "filerUrl": "", "transactionText": "", "filerName": "Dahiya (Amardeep Singh)", "filerRelation": "Managing Director", "moneyText": "", "startDate": "2017-09-25", "ownership": "D"}, {"maxAge": 1, "shares": 1000000, "filerUrl": "", "transactionText": "", "filerName": "Dahiya (Amardeep Singh)", "filerRelation": "Managing Director", "moneyText": "", "startDate": "2017-09-22", "ownership": "D"}, {"maxAge": 1, "shares": 1000000, "filerUrl": "", "transactionText": "", "filerName": "Dahiya (Abhey Ram)", "filerRelation": "Chairman of the Board", "moneyText": "", "startDate": "2017-09-22", "ownership": "D"}, {"maxAge": 1, "shares": 290000, "filerUrl": "", "transactionText": "", "filerName": "Dahiya (Amardeep Singh)", "filerRelation": "Managing Director", "moneyText": "", "startDate": "2017-09-01", "ownership": "D"}, {"maxAge": 1, "shares": 2916667, "filerUrl": "", "transactionText": "", "filerName": "Dahiya (Amardeep Singh)", "filerRelation": "Managing Director", "moneyText": "", "startDate": "2017-08-07", "ownership": "D"}, {"maxAge": 1, "shares": 5972222, "filerUrl": "", "transactionText": "", "filerName": "Dahiya (Abhey Ram)", "filerRelation": "Chairman of the Board", "moneyText": "", "startDate": "2017-08-07", "ownership": "D"}, {"maxAge": 1, "shares": 250000, "filerUrl": "", "transactionText": "", "filerName": "Dahiya (Amardeep Singh)", "filerRelation": "Managing Director", "moneyText": "", "startDate": "2017-07-18", "ownership": "D"}, {"maxAge": 1, "shares": 250000, "filerUrl": "", "transactionText": "", "filerName": "Dahiya (Amardeep Singh)", "filerRelation": "Managing Director", "moneyText": "", "startDate": "2017-07-04", "ownership": "D"}, {"maxAge": 1, "shares": 250000, "filerUrl": "", "transactionText": "", "filerName": "Dahiya (Abhey Ram)", "filerRelation": "Chairman of the Board", "moneyText": "", "startDate": "2017-07-04", "ownership": "D"}, {"maxAge": 1, "shares": 400000, "filerUrl": "", "transactionText": "", "filerName": "Dahiya (Amardeep Singh)", "filerRelation": "Managing Director", "moneyText": "", "startDate": "2017-05-10", "ownership": "D"}, {"maxAge": 1, "shares": 200000, "filerUrl": "", "transactionText": "", "filerName": "Dahiya (Abhey Ram)", "filerRelation": "Chairman of the Board", "moneyText": "", "startDate": "2017-04-28", "ownership": "D"}, {"maxAge": 1, "shares": 200000, "filerUrl": "", "transactionText": "", "filerName": "Dahiya (Amardeep Singh)", "filerRelation": "Managing Director", "moneyText": "", "startDate": "2017-04-28", "ownership": "D"}, {"maxAge": 1, "shares": 400000, "filerUrl": "", "transactionText": "", "filerName": "Dahiya (Abhey Ram)", "filerRelation": "Chairman of the Board", "moneyText": "", "startDate": "2017-04-12", "ownership": "D"}, {"maxAge": 1, "shares": 50000, "filerUrl": "", "transactionText": "", "filerName": "Dahiya (Amardeep Singh)", "filerRelation": "Managing Director", "moneyText": "", "startDate": "2017-03-30", "ownership": "D"}, {"maxAge": 1, "shares": 10000, "filerUrl": "", "transactionText": "", "filerName": "Dahiya (Amardeep Singh)", "filerRelation": "Managing Director", "moneyText": "", "startDate": "2017-03-16", "ownership": "D"}, {"maxAge": 1, "shares": 120000, "filerUrl": "", "transactionText": "", "filerName": "Dahiya (Amardeep Singh)", "filerRelation": "Managing Director", "moneyText": "", "startDate": "2017-02-15", "ownership": "D"}, {"maxAge": 1, "shares": 200000, "filerUrl": "", "transactionText": "", "filerName": "Dahiya (Abhey Ram)", "filerRelation": "Chairman of the Board", "moneyText": "", "startDate": "2017-02-14", "ownership": "D"}, {"maxAge": 1, "shares": 200000, "filerUrl": "", "transactionText": "", "filerName": "Dahiya (Amardeep Singh)", "filerRelation": "Managing Director", "moneyText": "", "startDate": "2017-02-14", "ownership": "D"}, {"maxAge": 1, "shares": 31000, "filerUrl": "", "transactionText": "", "filerName": "Dahiya (Amardeep Singh)", "filerRelation": "Managing Director", "moneyText": "", "startDate": "2017-01-30", "ownership": "D"}, {"maxAge": 1, "shares": 42000, "filerUrl": "", "transactionText": "", "filerName": "Dahiya (Amardeep Singh)", "filerRelation": "Managing Director", "moneyText": "", "startDate": "2017-01-27", "ownership": "D"}, {"maxAge": 1, "shares": 200000, "filerUrl": "", "transactionText": "", "filerName": "Dahiya (Amardeep Singh)", "filerRelation": "Managing Director", "moneyText": "", "startDate": "2017-01-03", "ownership": "D"}, {"maxAge": 1, "shares": 303965, "filerUrl": "", "transactionText": "", "filerName": "Dahiya (Amardeep Singh)", "filerRelation": "Managing Director", "moneyText": "", "startDate": "2017-01-02", "ownership": "D"}, {"maxAge": 1, "shares": 700000, "filerUrl": "", "transactionText": "", "filerName": "Dahiya (Abhey Ram)", "filerRelation": "Chairman of the Board", "moneyText": "", "startDate": "2017-01-02", "ownership": "D"}, {"maxAge": 1, "shares": 200000, "filerUrl": "", "transactionText": "", "filerName": "Dahiya (Amardeep Singh)", "filerRelation": "Managing Director", "moneyText": "", "startDate": "2016-11-11", "ownership": "D"}, {"maxAge": 1, "shares": 200000, "filerUrl": "", "transactionText": "", "filerName": "Dahiya (Amardeep Singh)", "filerRelation": "Managing Director", "moneyText": "", "startDate": "2016-11-10", "ownership": "D"}, {"maxAge": 1, "shares": 200000, "filerUrl": "", "transactionText": "", "filerName": "Dahiya (Abhey Ram)", "filerRelation": "Chairman of the Board", "moneyText": "", "startDate": "2016-11-10", "ownership": "D"}, {"maxAge": 1, "shares": 128965, "filerUrl": "", "transactionText": "", "filerName": "Dahiya (Amardeep Singh)", "filerRelation": "Managing Director", "moneyText": "", "startDate": "2016-10-28", "ownership": "D"}, {"maxAge": 1, "shares": 200000, "filerUrl": "", "transactionText": "", "filerName": "Dahiya (Amardeep Singh)", "filerRelation": "Managing Director", "moneyText": "", "startDate": "2016-10-06", "ownership": "D"}, {"maxAge": 1, "shares": 200000, "filerUrl": "", "transactionText": "", "filerName": "Dahiya (Amardeep Singh)", "filerRelation": "Managing Director", "moneyText": "", "startDate": "2016-10-03", "ownership": "D"}, {"maxAge": 1, "shares": 200000, "filerUrl": "", "transactionText": "", "filerName": "Dahiya (Abhey Ram)", "filerRelation": "Chairman of the Board", "moneyText": "", "startDate": "2016-10-03", "ownership": "D"}, {"maxAge": 1, "shares": 130000, "filerUrl": "", "transactionText": "", "filerName": "Dahiya (Amardeep Singh)", "filerRelation": "Managing Director", "moneyText": "", "startDate": "2016-09-30", "ownership": "D"}, {"maxAge": 1, "shares": 100000, "filerUrl": "", "transactionText": "", "filerName": "Dahiya (Amardeep Singh)", "filerRelation": "Managing Director", "moneyText": "", "startDate": "2016-09-22", "ownership": "D"}, {"maxAge": 1, "shares": 166169, "filerUrl": "", "transactionText": "", "filerName": "Dahiya (Amardeep Singh)", "filerRelation": "Managing Director", "moneyText": "", "startDate": "2016-09-19", "ownership": "D"}, {"maxAge": 1, "shares": 200000, "filerUrl": "", "transactionText": "", "filerName": "Dahiya (Abhey Ram)", "filerRelation": "Promoter", "moneyText": "", "startDate": "2016-09-08", "ownership": "D"}, {"maxAge": 1, "shares": 200000, "filerUrl": "", "transactionText": "", "filerName": "Dahiya (Amardeep Singh)", "filerRelation": "Managing Director", "moneyText": "", "startDate": "2016-09-08", "ownership": "D"}, {"maxAge": 1, "shares": 233831, "filerUrl": "", "transactionText": "", "filerName": "Dahiya (Amardeep Singh)", "filerRelation": "Managing Director", "moneyText": "", "startDate": "2016-09-02", "ownership": "D"}, {"maxAge": 1, "shares": 166169, "filerUrl": "", "transactionText": "", "filerName": "Dahiya (Amardeep Singh)", "filerRelation": "Managing Director", "moneyText": "", "startDate": "2016-09-01", "ownership": "D"}, {"maxAge": 1, "shares": 200000, "filerUrl": "", "transactionText": "", "filerName": "Dahiya (Amardeep Singh)", "filerRelation": "Managing Director", "moneyText": "", "startDate": "2016-08-30", "ownership": "D"}, {"maxAge": 1, "shares": 200000, "filerUrl": "", "transactionText": "", "filerName": "Dahiya (Abhey Ram)", "filerRelation": "Promoter", "moneyText": "", "startDate": "2016-08-29", "ownership": "D"}, {"maxAge": 1, "shares": 200000, "filerUrl": "", "transactionText": "", "filerName": "Dahiya (Amardeep Singh)", "filerRelation": "Managing Director", "moneyText": "", "startDate": "2016-08-29", "ownership": "D"}, {"maxAge": 1, "shares": 150000, "filerUrl": "", "transactionText": "", "filerName": "Dahiya (Amardeep Singh)", "filerRelation": "Managing Director", "moneyText": "", "startDate": "2016-08-12", "ownership": "D"}, {"maxAge": 1, "shares": 162000, "filerUrl": "", "transactionText": "", "filerName": "Dahiya (Amardeep Singh)", "filerRelation": "Managing Director", "moneyText": "", "startDate": "2016-08-01", "ownership": "D"}, {"maxAge": 1, "shares": 88000, "filerUrl": "", "transactionText": "", "filerName": "Dahiya (Amardeep Singh)", "filerRelation": "Managing Director", "moneyText": "", "startDate": "2016-07-21", "ownership": "D"}, {"maxAge": 1, "shares": 200000, "filerUrl": "", "transactionText": "", "filerName": "Dahiya (Amardeep Singh)", "filerRelation": "Managing Director", "moneyText": "", "startDate": "2016-07-18", "ownership": "D"}, {"maxAge": 1, "shares": 200000, "filerUrl": "", "transactionText": "", "filerName": "Dahiya (Amardeep Singh)", "filerRelation": "Managing Director", "moneyText": "", "startDate": "2016-07-14", "ownership": "D"}, {"maxAge": 1, "shares": 300000, "filerUrl": "", "transactionText": "", "filerName": "Dahiya (Abhey Ram)", "filerRelation": "Promoter", "moneyText": "", "startDate": "2016-07-14", "ownership": "D"}, {"maxAge": 1, "shares": 200000, "filerUrl": "", "transactionText": "", "filerName": "Dahiya (Amardeep Singh)", "filerRelation": "Managing Director", "moneyText": "", "startDate": "2016-06-29", "ownership": "D"}, {"maxAge": 1, "shares": 200000, "filerUrl": "", "transactionText": "", "filerName": "Dahiya (Amardeep Singh)", "filerRelation": "Managing Director", "moneyText": "", "startDate": "2016-06-24", "ownership": "D"}, {"maxAge": 1, "shares": 100000, "filerUrl": "", "transactionText": "", "filerName": "Dahiya (Amardeep Singh)", "filerRelation": "Managing Director", "moneyText": "", "startDate": "2016-06-09", "ownership": "D"}, {"maxAge": 1, "shares": 100000, "filerUrl": "", "transactionText": "", "filerName": "Dahiya (Amardeep Singh)", "filerRelation": "Managing Director", "moneyText": "", "startDate": "2016-05-26", "ownership": "D"}, {"maxAge": 1, "shares": 20000, "filerUrl": "", "transactionText": "", "filerName": "Dahiya (Amardeep Singh)", "filerRelation": "Managing Director", "moneyText": "", "startDate": "2016-01-28", "ownership": "D"}, {"maxAge": 1, "shares": 80000, "filerUrl": "", "transactionText": "", "filerName": "Dahiya (Amardeep Singh)", "filerRelation": "Managing Director", "moneyText": "", "startDate": "2016-01-27", "ownership": "D"}, {"maxAge": 1, "shares": 3158, "filerUrl": "", "transactionText": "", "filerName": "Dahiya (Amardeep Singh)", "filerRelation": "Managing Director", "moneyText": "", "startDate": "2016-01-18", "ownership": "D"}, {"maxAge": 1, "shares": 11746, "filerUrl": "", "transactionText": "", "filerName": "Dahiya (Amardeep Singh)", "filerRelation": "Managing Director", "moneyText": "", "startDate": "2016-01-11", "ownership": "D"}, {"maxAge": 1, "shares": 45089, "filerUrl": "", "transactionText": "", "filerName": "Dahiya (Amardeep Singh)", "filerRelation": "Managing Director", "moneyText": "", "startDate": "2016-01-08", "ownership": "D"}, {"maxAge": 1, "shares": 43165, "filerUrl": "", "transactionText": "", "filerName": "Dahiya (Amardeep Singh)", "filerRelation": "Managing Director", "moneyText": "", "startDate": "2016-01-04", "ownership": "D"}, {"maxAge": 1, "shares": 263000, "filerUrl": "", "transactionText": "", "filerName": "Dahiya (Amardeep Singh)", "filerRelation": "Managing Director", "moneyText": "", "startDate": "2015-12-29", "ownership": "D"}, {"maxAge": 1, "shares": 137000, "filerUrl": "", "transactionText": "", "filerName": "Dahiya (Amardeep Singh)", "filerRelation": "Managing Director", "moneyText": "", "startDate": "2015-12-28", "ownership": "D"}, {"maxAge": 1, "shares": 300000, "filerUrl": "", "transactionText": "", "filerName": "Dahiya (Abhey Ram)", "filerRelation": "Chairman of the Board", "moneyText": "", "startDate": "2015-12-28", "ownership": "D"}, {"maxAge": 1, "shares": 142000, "filerUrl": "", "transactionText": "", "filerName": "Dahiya (Amardeep Singh)", "filerRelation": "Managing Director", "moneyText": "", "startDate": "2015-12-23", "ownership": "D"}, {"maxAge": 1, "shares": 1666524, "filerUrl": "", "transactionText": "", "filerName": "Dahiya (Amardeep Singh)", "filerRelation": "Managing Director", "moneyText": "", "startDate": "2015-10-28", "ownership": "D"}, {"maxAge": 1, "shares": 3497733, "filerUrl": "", "transactionText": "", "filerName": "Dahiya (Abhey Ram)", "filerRelation": "Chairman of the Board", "moneyText": "", "startDate": "2015-10-13", "ownership": "D"}, {"maxAge": 1, "shares": 52500, "filerUrl": "", "transactionText": "", "filerName": "Dahiya (Abhey Ram)", "filerRelation": "Chairman of the Board", "moneyText": "", "startDate": "2014-10-31", "ownership": "D"}, {"maxAge": 1, "shares": 407000, "filerUrl": "", "transactionText": "", "filerName": "Dahiya (Amardeep Singh)", "filerRelation": "Managing Director", "moneyText": "", "startDate": "2014-09-09", "ownership": "D"}, {"maxAge": 1, "shares": 300000, "filerUrl": "", "transactionText": "", "filerName": "Dahiya (Abhey Ram)", "filerRelation": "Chairman of the Board", "moneyText": "", "startDate": "2014-08-26", "ownership": "D"}, {"maxAge": 1, "shares": 25000, "filerUrl": "", "transactionText": "", "filerName": "Dahiya (Abhey Ram)", "filerRelation": "Chairman of the Board", "moneyText": "", "startDate": "2014-08-22", "ownership": "D"}, {"maxAge": 1, "shares": 30000, "filerUrl": "", "transactionText": "", "filerName": "Dahiya (Abhey Ram)", "filerRelation": "Chairman of the Board", "moneyText": "", "startDate": "2014-08-21", "ownership": "D"}, {"maxAge": 1, "shares": 455000, "filerUrl": "", "transactionText": "", "filerName": "Dahiya (Abhey Ram)", "filerRelation": "Chairman of the Board", "moneyText": "", "startDate": "2014-08-19", "ownership": "D"}, {"maxAge": 1, "shares": 96690, "filerUrl": "", "transactionText": "", "filerName": "Dahiya (Abhey Ram)", "filerRelation": "Chairman of the Board", "moneyText": "", "startDate": "2014-08-08", "ownership": "D"}, {"maxAge": 1, "shares": 85133, "filerUrl": "", "transactionText": "", "filerName": "Dahiya (Amardeep Singh)", "filerRelation": "Managing Director", "moneyText": "", "startDate": "2014-07-31", "ownership": "D"}, {"maxAge": 1, "shares": 86000, "filerUrl": "", "transactionText": "", "filerName": "Dahiya (Amardeep Singh)", "filerRelation": "Managing Director", "moneyText": "", "startDate": "2014-07-18", "ownership": "D"}, {"maxAge": 1, "shares": 107500, "filerUrl": "", "transactionText": "", "filerName": "Dahiya (Abhey Ram)", "filerRelation": "Chairman of the Board", "moneyText": "", "startDate": "2014-07-14", "ownership": "D"}], "maxAge": 1}, "quoteType": {"exchange": "BSE", "quoteType": "EQUITY", "symbol": "POLOHOT.BO", "underlyingSymbol": "POLOHOT.BO", "shortName": "POLO HOTELS LTD.", "longName": "Polo Hotels Limited", "firstTradeDateEpochUtc": "2004-09-17 09:15:00", "timeZoneFullName": "Asia/Kolkata", "timeZoneShortName": "IST", "uuid": "cc950411-b962-35bb-8f17-80c0098cf580", "gmtOffSetMilliseconds": 19800000, "maxAge": 1}, "incomeStatementHistory": {"incomeStatementHistory": [{"maxAge": 1, "endDate": "2020-03-31", "totalRevenue": 7680000, "costOfRevenue": 3986000, "grossProfit": 3694000, "researchDevelopment": {}, "sellingGeneralAdministrative": {}, "nonRecurring": {}, "otherOperatingExpenses": 6344000, "totalOperatingExpenses": 11766000, "operatingIncome": -4086000, "totalOtherIncomeExpenseNet": -269000, "ebit": -4086000, "interestExpense": -269000, "incomeBeforeTax": -4355000, "incomeTaxExpense": 0, "minorityInterest": {}, "netIncomeFromContinuingOps": -4355000, "discontinuedOperations": {}, "extraordinaryItems": {}, "effectOfAccountingCharges": {}, "otherItems": {}, "netIncome": -4355000, "netIncomeApplicableToCommonShares": -4355000}, {"maxAge": 1, "endDate": "2019-03-31", "totalRevenue": 16378000, "costOfRevenue": 10243000, "grossProfit": 6135000, "researchDevelopment": {}, "sellingGeneralAdministrative": {}, "nonRecurring": {}, "otherOperatingExpenses": 7234000, "totalOperatingExpenses": 18913000, "operatingIncome": -2535000, "totalOtherIncomeExpenseNet": 285000, "ebit": -2535000, "interestExpense": -258000, "incomeBeforeTax": -2250000, "incomeTaxExpense": 0, "minorityInterest": {}, "netIncomeFromContinuingOps": -2250000, "discontinuedOperations": {}, "extraordinaryItems": {}, "effectOfAccountingCharges": {}, "otherItems": {}, "netIncome": -2250000, "netIncomeApplicableToCommonShares": -2250000}, {"maxAge": 1, "endDate": "2018-03-31", "totalRevenue": 16831000, "costOfRevenue": 12412000, "grossProfit": 4419000, "researchDevelopment": {}, "sellingGeneralAdministrative": {}, "nonRecurring": {}, "otherOperatingExpenses": 7238000, "totalOperatingExpenses": 21086000, "operatingIncome": -4255000, "totalOtherIncomeExpenseNet": 168000, "ebit": -4255000, "interestExpense": -331000, "incomeBeforeTax": -4087000, "incomeTaxExpense": 1036000, "minorityInterest": {}, "netIncomeFromContinuingOps": -5123000, "discontinuedOperations": {}, "extraordinaryItems": {}, "effectOfAccountingCharges": {}, "otherItems": {}, "netIncome": -5123000, "netIncomeApplicableToCommonShares": -5123000}, {"maxAge": 1, "endDate": "2017-03-31", "totalRevenue": 17445964, "costOfRevenue": 9323971, "grossProfit": 8121993, "researchDevelopment": {}, "sellingGeneralAdministrative": 84590, "nonRecurring": {}, "otherOperatingExpenses": 4554386, "totalOperatingExpenses": 15399189, "operatingIncome": 2046775, "totalOtherIncomeExpenseNet": -1840006, "ebit": 2046775, "interestExpense": -1853068, "incomeBeforeTax": 206769, "incomeTaxExpense": 39400, "minorityInterest": {}, "netIncomeFromContinuingOps": 167369, "discontinuedOperations": {}, "extraordinaryItems": {}, "effectOfAccountingCharges": {}, "otherItems": {}, "netIncome": 167369, "netIncomeApplicableToCommonShares": 167369}], "maxAge": 86400}, "fundOwnership": {"ownershipList": [], "maxAge": 1}, "summaryDetail": {"maxAge": 1, "priceHint": 4, "previousClose": 2.89, "open": 2.87, "dayLow": 2.87, "dayHigh": 2.87, "regularMarketPreviousClose": 2.89, "regularMarketOpen": 2.87, "regularMarketDayLow": 2.87, "regularMarketDayHigh": 2.87, "volume": 1, "regularMarketVolume": 1, "averageVolume": 2847, "averageVolume10days": 1128, "averageDailyVolume10Day": 1128, "bid": 2.89, "ask": 3.5, "marketCap": 64214240, "fiftyTwoWeekLow": 2.28, "fiftyTwoWeekHigh": 5.18, "fiftyDayAverage": 4.3475757, "twoHundredDayAverage": 3.422143, "currency": "INR", "fromCurrency": null, "lastMarket": null, "algorithm": null, "tradeable": false}, "incomeStatementHistoryQuarterly": {"incomeStatementHistory": [{"maxAge": 1, "endDate": "2020-06-30", "totalRevenue": 22000, "costOfRevenue": 35000, "grossProfit": -13000, "researchDevelopment": {}, "sellingGeneralAdministrative": {}, "nonRecurring": {}, "otherOperatingExpenses": 426000, "totalOperatingExpenses": 820000, "operatingIncome": -798000, "totalOtherIncomeExpenseNet": -3000, "ebit": -798000, "interestExpense": -3000, "incomeBeforeTax": -801000, "incomeTaxExpense": 0, "minorityInterest": {}, "netIncomeFromContinuingOps": -801000, "discontinuedOperations": {}, "extraordinaryItems": {}, "effectOfAccountingCharges": {}, "otherItems": {}, "netIncome": -801000, "netIncomeApplicableToCommonShares": -801000}, {"maxAge": 1, "endDate": "2020-03-31", "totalRevenue": 1231000, "costOfRevenue": 629000, "grossProfit": 602000, "researchDevelopment": {}, "sellingGeneralAdministrative": {}, "nonRecurring": {}, "otherOperatingExpenses": 1063000, "totalOperatingExpenses": 2051000, "operatingIncome": -820000, "totalOtherIncomeExpenseNet": -199000, "ebit": -820000, "interestExpense": -200000, "incomeBeforeTax": -1019000, "incomeTaxExpense": 0, "minorityInterest": {}, "netIncomeFromContinuingOps": -1019000, "discontinuedOperations": {}, "extraordinaryItems": {}, "effectOfAccountingCharges": {}, "otherItems": {}, "netIncome": -1019000, "netIncomeApplicableToCommonShares": -1019000}, {"maxAge": 1, "endDate": "2019-12-31", "totalRevenue": 1867000, "costOfRevenue": 834000, "grossProfit": 1033000, "researchDevelopment": {}, "sellingGeneralAdministrative": {}, "nonRecurring": {}, "otherOperatingExpenses": 1625000, "totalOperatingExpenses": 2818000, "operatingIncome": -951000, "totalOtherIncomeExpenseNet": -32000, "ebit": -951000, "interestExpense": -32000, "incomeBeforeTax": -983000, "incomeTaxExpense": 0, "minorityInterest": {}, "netIncomeFromContinuingOps": -983000, "discontinuedOperations": {}, "extraordinaryItems": {}, "effectOfAccountingCharges": {}, "otherItems": {}, "netIncome": -983000, "netIncomeApplicableToCommonShares": -983000}, {"maxAge": 1, "endDate": "2019-09-30", "totalRevenue": 1810000, "costOfRevenue": 1011000, "grossProfit": 799000, "researchDevelopment": {}, "sellingGeneralAdministrative": {}, "nonRecurring": {}, "otherOperatingExpenses": 1922000, "totalOperatingExpenses": 3292000, "operatingIncome": -1482000, "totalOtherIncomeExpenseNet": -17000, "ebit": -1482000, "interestExpense": -16000, "incomeBeforeTax": -1499000, "incomeTaxExpense": 0, "minorityInterest": {}, "netIncomeFromContinuingOps": -1499000, "discontinuedOperations": {}, "extraordinaryItems": {}, "effectOfAccountingCharges": {}, "otherItems": {}, "netIncome": -1499000, "netIncomeApplicableToCommonShares": -1499000}], "maxAge": 86400}, "cashflowStatementHistoryQuarterly": {"cashflowStatements": [{"maxAge": 1, "endDate": "2020-06-30", "netIncome": -801000, "changeToLiabilities": 0}, {"maxAge": 1, "endDate": "2020-03-31", "netIncome": -1019000, "changeToLiabilities": 0}, {"maxAge": 1, "endDate": "2019-12-31", "netIncome": -983000, "changeToLiabilities": 0}, {"maxAge": 1, "endDate": "2019-09-30", "netIncome": -1499000, "changeToLiabilities": 0}], "maxAge": 86400}, "insiderHolders": {"holders": [{"maxAge": 1, "name": "Dahiya (Abhey Ram)", "relation": "Chairman of the Board", "url": "", "transactionDescription": "Sale", "latestTransDate": "2018-12-06", "positionDirect": 7934439, "positionDirectDate": "2018-12-06"}, {"maxAge": 1, "name": "Dahiya (Amardeep Singh)", "relation": "Managing Director", "url": "", "transactionDescription": "Sale", "latestTransDate": "2018-12-21", "positionDirect": 3659274, "positionDirectDate": "2018-12-21"}], "maxAge": 1}, "calendarEvents": {"maxAge": 1, "earnings": {"earningsDate": []}}, "upgradeDowngradeHistory": {"history": [], "maxAge": 86400}, "price": {"maxAge": 1, "regularMarketChangePercent": -0.006920491, "regularMarketChange": -0.02000022, "regularMarketTime": "2021-04-30 09:07:16", "priceHint": 4, "regularMarketPrice": 2.87, "regularMarketDayHigh": 2.87, "regularMarketDayLow": 2.87, "regularMarketVolume": 1, "averageDailyVolume10Day": 1128, "averageDailyVolume3Month": 2847, "regularMarketPreviousClose": 2.89, "regularMarketSource": "FREE_REALTIME", "regularMarketOpen": 2.87, "exchange": "BSE", "exchangeName": "BSE", "exchangeDataDelayedBy": 0, "marketState": "CLOSED", "quoteType": "EQUITY", "symbol": "POLOHOT.BO", "underlyingSymbol": null, "shortName": "POLO HOTELS LTD.", "longName": "Polo Hotels Limited", "currency": "INR", "quoteSourceName": "Delayed Quote", "currencySymbol": "\u20b9", "fromCurrency": null, "lastMarket": null, "marketCap": 64214240}, "balanceSheetHistory": {"balanceSheetStatements": [{"maxAge": 1, "endDate": "2020-03-31", "cash": 3680000, "shortTermInvestments": 6623000, "netReceivables": 1282000, "inventory": 312000, "totalCurrentAssets": 11897000, "longTermInvestments": 9573000, "propertyPlantEquipment": 1556469000, "otherAssets": 5092000, "totalAssets": 1583031000, "accountsPayable": 21535000, "shortLongTermDebt": 785519000, "otherCurrentLiab": 22925000, "longTermDebt": 22949000, "otherLiab": 86403000, "totalCurrentLiabilities": 829979000, "totalLiab": 939331000, "commonStock": 223743000, "treasuryStock": 419957000, "otherStockholderEquity": 419957000, "totalStockholderEquity": 643700000, "netTangibleAssets": 643700000}, {"maxAge": 1, "endDate": "2019-03-31", "cash": 3557000, "shortTermInvestments": 6313000, "netReceivables": 927000, "inventory": 515000, "totalCurrentAssets": 11312000, "longTermInvestments": 9873000, "propertyPlantEquipment": 1482223000, "otherAssets": 5091000, "totalAssets": 1508499000, "accountsPayable": 21234000, "shortLongTermDebt": 721311000, "otherCurrentLiab": 19382000, "longTermDebt": 13311000, "otherLiab": 85206000, "totalCurrentLiabilities": 761927000, "totalLiab": 860444000, "commonStock": 223743000, "treasuryStock": 424312000, "otherStockholderEquity": 424312000, "totalStockholderEquity": 648055000, "netTangibleAssets": 648055000}, {"maxAge": 1, "endDate": "2018-03-31", "cash": 12432000, "netReceivables": 482000, "inventory": 2258000, "totalCurrentAssets": 15172000, "longTermInvestments": 82000, "propertyPlantEquipment": 1408054000, "otherAssets": 14783000, "totalAssets": 1438091000, "accountsPayable": 21875000, "shortLongTermDebt": 578854000, "otherCurrentLiab": 89662000, "longTermDebt": 14493000, "otherLiab": 82901000, "totalCurrentLiabilities": 690391000, "totalLiab": 787785000, "commonStock": 223743000, "treasuryStock": 426563000, "otherStockholderEquity": 426563000, "totalStockholderEquity": 650306000, "netTangibleAssets": 650306000}, {"maxAge": 1, "endDate": "2017-03-31", "cash": 2262329, "netReceivables": 5543882, "inventory": 3538900, "otherCurrentAssets": 8369403, "totalCurrentAssets": 19714514, "longTermInvestments": 81579, "propertyPlantEquipment": 1316357246, "otherAssets": 17198268, "deferredLongTermAssetCharges": 1036162, "totalAssets": 1353351607, "accountsPayable": 22024841, "shortLongTermDebt": 37609684, "otherCurrentLiab": 11849560, "longTermDebt": 545246496, "otherLiab": 71516398, "deferredLongTermLiab": 3105686, "totalCurrentLiabilities": 78054832, "totalLiab": 694817726, "commonStock": 223742530, "retainedEarnings": -4455119, "capitalSurplus": 439246470, "totalStockholderEquity": 658533881, "netTangibleAssets": 658533881}], "maxAge": 86400}, "financialData": {"maxAge": 86400, "currentPrice": 2.87, "recommendationKey": "none", "grossProfits": 3694000, "financialCurrency": null}}}