{"POLSON.BO": {"cashflowStatementHistory": {"cashflowStatements": [{"maxAge": 1, "endDate": "2020-03-31", "netIncome": 70983000, "depreciation": 45255000, "changeToNetincome": 51321000, "changeToAccountReceivables": 36387000, "changeToLiabilities": -6000, "changeToInventory": 81745000, "changeToOperatingActivities": 31613000, "totalCashFromOperatingActivities": 317298000, "capitalExpenditures": -115224000, "investments": -90397000, "otherCashflowsFromInvestingActivities": -13913000, "totalCashflowsFromInvestingActivities": -219195000, "netBorrowings": -38259000, "otherCashflowsFromFinancingActivities": -60620000, "totalCashFromFinancingActivities": -98879000, "changeInCash": -776000}, {"maxAge": 1, "endDate": "2019-03-31", "netIncome": 99279958, "depreciation": 40210427, "changeToNetincome": 35032623, "changeToAccountReceivables": -19915134, "changeToLiabilities": -2171804, "changeToInventory": -18806927, "changeToOperatingActivities": -22148377, "totalCashFromOperatingActivities": 111480766, "capitalExpenditures": -76384320, "investments": 69897634, "otherCashflowsFromInvestingActivities": 9172484, "totalCashflowsFromInvestingActivities": 2742802, "netBorrowings": -52368329, "otherCashflowsFromFinancingActivities": -66803623, "totalCashFromFinancingActivities": -119171952, "changeInCash": -4948384}, {"maxAge": 1, "endDate": "2018-03-31", "netIncome": 109134911, "depreciation": 36820412, "changeToNetincome": 22012451, "changeToAccountReceivables": 45104901, "changeToLiabilities": -10172778, "changeToInventory": -95475759, "changeToOperatingActivities": -46087818, "totalCashFromOperatingActivities": 61336320, "capitalExpenditures": -96504860, "investments": -100001524, "otherCashflowsFromInvestingActivities": 4969320, "totalCashflowsFromInvestingActivities": -113520333, "netBorrowings": 115407675, "otherCashflowsFromFinancingActivities": -61660653, "totalCashFromFinancingActivities": 53747022, "changeInCash": 1563009}, {"maxAge": 1, "endDate": "2017-03-31", "netIncome": 103258046, "depreciation": 32544164, "changeToNetincome": 31679019, "changeToAccountReceivables": -28267134, "changeToLiabilities": -14941950, "changeToInventory": -44288586, "changeToOperatingActivities": 113510671, "totalCashFromOperatingActivities": 193494230, "capitalExpenditures": -28535933, "investments": -31599781, "otherCashflowsFromInvestingActivities": -41373910, "totalCashflowsFromInvestingActivities": -86654379, "netBorrowings": -47805863, "otherCashflowsFromFinancingActivities": -60066472, "totalCashFromFinancingActivities": -107872335, "changeInCash": -1032484}], "maxAge": 86400}, "institutionOwnership": {"maxAge": 1, "ownershipList": []}, "balanceSheetHistoryQuarterly": {"balanceSheetStatements": [{"maxAge": 1, "endDate": "2020-06-30", "totalStockholderEquity": 962310000, "netTangibleAssets": 962310000}, {"maxAge": 1, "endDate": "2020-03-31", "cash": 173067000, "netReceivables": 242777000, "inventory": 104628000, "otherCurrentAssets": 76239000, "totalCurrentAssets": 596711000, "longTermInvestments": 3000, "propertyPlantEquipment": 943309000, "otherAssets": 298582000, "totalAssets": 1838605000, "accountsPayable": 122558000, "shortLongTermDebt": 66093000, "otherCurrentLiab": 3763000, "longTermDebt": 401492000, "otherLiab": 97400000, "totalCurrentLiabilities": 377403000, "totalLiab": 876295000, "commonStock": 6000000, "treasuryStock": 956310000, "otherStockholderEquity": 956310000, "totalStockholderEquity": 962310000, "netTangibleAssets": 962310000}, {"maxAge": 1, "endDate": "2019-12-31", "totalStockholderEquity": 923214000, "netTangibleAssets": 923214000}, {"maxAge": 1, "endDate": "2019-09-30", "cash": 105031000, "netReceivables": 274543000, "inventory": 129738000, "otherCurrentAssets": 90373000, "totalCurrentAssets": 599685000, "longTermInvestments": 5000, "propertyPlantEquipment": 890682000, "otherAssets": 304268000, "totalAssets": 1794640000, "accountsPayable": 63472000, "shortLongTermDebt": 57125000, "otherCurrentLiab": 4200000, "longTermDebt": 404085000, "otherLiab": 91815000, "totalCurrentLiabilities": 375526000, "totalLiab": 871426000, "commonStock": 6000000, "treasuryStock": 917214000, "otherStockholderEquity": 917214000, "totalStockholderEquity": 923214000, "netTangibleAssets": 923214000}], "maxAge": 86400}, "indexTrend": {"maxAge": 1, "symbol": "SP5", "peRatio": 19.7411, "pegRatio": 1.34172, "estimates": [{"period": "0q", "growth": 0.549}, {"period": "+1q", "growth": 0.431}, {"period": "0y", "growth": 0.305}, {"period": "+1y", "growth": 0.109}, {"period": "+5y", "growth": 0.120859005}, {"period": "-5y"}]}, "insiderTransactions": {"transactions": [{"maxAge": 1, "shares": 4097, "filerUrl": "", "transactionText": "", "filerName": "Kapadia (Amol Jagdish)", "filerRelation": "Managing Director", "moneyText": "", "startDate": "2017-10-26", "ownership": "D"}, {"maxAge": 1, "shares": 4081, "filerUrl": "", "transactionText": "", "filerName": "Kapadia (Sushila Jagdish)", "filerRelation": "Chairman of the Board", "moneyText": "", "startDate": "2017-10-26", "ownership": "D"}, {"maxAge": 1, "shares": 1714, "filerUrl": "", "transactionText": "", "filerName": "Kapadia (Amol Jagdish)", "filerRelation": "Managing Director", "moneyText": "", "startDate": "2017-09-26", "ownership": "D"}, {"maxAge": 1, "shares": 699, "filerUrl": "", "transactionText": "", "filerName": "Kapadia (Sushila Jagdish)", "filerRelation": "Chairman of the Board", "moneyText": "", "startDate": "2017-08-24", "ownership": "D"}, {"maxAge": 1, "shares": 609, "filerUrl": "", "transactionText": "", "filerName": "Kapadia (Amol Jagdish)", "filerRelation": "Managing Director", "moneyText": "", "startDate": "2017-07-20", "ownership": "D"}], "maxAge": 1}, "quoteType": {"exchange": "BSE", "quoteType": "EQUITY", "symbol": "POLSON.BO", "underlyingSymbol": "POLSON.BO", "shortName": "POLSON LTD.", "longName": "Polson Limited", "firstTradeDateEpochUtc": "2011-11-18 09:15:00", "timeZoneFullName": "Asia/Kolkata", "timeZoneShortName": "IST", "uuid": "8af18139-065d-3ea1-af79-1c6913887fd3", "messageBoardId": null, "gmtOffSetMilliseconds": 19800000, "maxAge": 1}, "incomeStatementHistory": {"incomeStatementHistory": [{"maxAge": 1, "endDate": "2020-03-31", "totalRevenue": 1015679000, "costOfRevenue": 528453000, "grossProfit": 487226000, "researchDevelopment": {}, "sellingGeneralAdministrative": 63936000, "nonRecurring": {}, "otherOperatingExpenses": 208943000, "totalOperatingExpenses": 846587000, "operatingIncome": 169092000, "totalOtherIncomeExpenseNet": -64968000, "ebit": 169092000, "interestExpense": -64967000, "incomeBeforeTax": 104124000, "incomeTaxExpense": 33141000, "minorityInterest": {}, "netIncomeFromContinuingOps": 70983000, "discontinuedOperations": {}, "extraordinaryItems": {}, "effectOfAccountingCharges": {}, "otherItems": {}, "netIncome": 70983000, "netIncomeApplicableToCommonShares": 70983000}, {"maxAge": 1, "endDate": "2019-03-31", "totalRevenue": 1119373633, "costOfRevenue": 632044126, "grossProfit": 487329507, "researchDevelopment": {}, "sellingGeneralAdministrative": 69019162, "nonRecurring": {}, "otherOperatingExpenses": 187695359, "totalOperatingExpenses": 928969074, "operatingIncome": 190404559, "totalOtherIncomeExpenseNet": -76863583, "ebit": 190404559, "interestExpense": -66803623, "incomeBeforeTax": 113540976, "incomeTaxExpense": 14261018, "minorityInterest": {}, "netIncomeFromContinuingOps": 99279958, "discontinuedOperations": {}, "extraordinaryItems": {}, "effectOfAccountingCharges": {}, "otherItems": {}, "netIncome": 99279958, "netIncomeApplicableToCommonShares": 99279958}, {"maxAge": 1, "endDate": "2018-03-31", "totalRevenue": 1076063364, "costOfRevenue": 572935623, "grossProfit": 503127741, "researchDevelopment": {}, "sellingGeneralAdministrative": 67176798, "nonRecurring": {}, "otherOperatingExpenses": 196363566, "totalOperatingExpenses": 873296399, "operatingIncome": 202766965, "totalOtherIncomeExpenseNet": -21798299, "ebit": 202766965, "interestExpense": -61660653, "incomeBeforeTax": 180968666, "incomeTaxExpense": 71833755, "minorityInterest": {}, "netIncomeFromContinuingOps": 109134911, "discontinuedOperations": {}, "extraordinaryItems": {}, "effectOfAccountingCharges": {}, "otherItems": {}, "netIncome": 109134911, "netIncomeApplicableToCommonShares": 109134911}, {"maxAge": 1, "endDate": "2017-03-31", "totalRevenue": 1097627148, "costOfRevenue": 610906156, "grossProfit": 486720992, "researchDevelopment": {}, "sellingGeneralAdministrative": 55591910, "nonRecurring": {}, "otherOperatingExpenses": 179039965, "totalOperatingExpenses": 878082195, "operatingIncome": 219544953, "totalOtherIncomeExpenseNet": -60900053, "ebit": 219544953, "interestExpense": -60066472, "incomeBeforeTax": 158644900, "incomeTaxExpense": 55386854, "minorityInterest": {}, "netIncomeFromContinuingOps": 103258046, "discontinuedOperations": {}, "extraordinaryItems": {}, "effectOfAccountingCharges": {}, "otherItems": {}, "netIncome": 103258046, "netIncomeApplicableToCommonShares": 103258046}], "maxAge": 86400}, "fundOwnership": {"maxAge": 1, "ownershipList": []}, "summaryDetail": {"maxAge": 1, "priceHint": 2, "previousClose": 9554.0, "open": 9888.0, "dayLow": 9135.0, "dayHigh": 9950.0, "regularMarketPreviousClose": 9554.0, "regularMarketOpen": 9888.0, "regularMarketDayLow": 9135.0, "regularMarketDayHigh": 9950.0, "trailingPE": 23.54253, "volume": 274, "regularMarketVolume": 274, "averageVolume": 52, "averageVolume10days": 28, "averageDailyVolume10Day": 28, "bid": 0.0, "ask": 9799.0, "bidSize": 0, "askSize": 0, "marketCap": 1169993984, "fiftyTwoWeekLow": 6200.0, "fiftyTwoWeekHigh": 10122.0, "fiftyDayAverage": 8834.305, "twoHundredDayAverage": 8493.81, "currency": "INR", "fromCurrency": null, "toCurrency": null, "lastMarket": null, "algorithm": null, "tradeable": false}, "incomeStatementHistoryQuarterly": {"incomeStatementHistory": [{"maxAge": 1, "endDate": "2020-06-30", "totalRevenue": 115726000, "costOfRevenue": 57658000, "grossProfit": 58068000, "researchDevelopment": {}, "sellingGeneralAdministrative": 9037000, "nonRecurring": {}, "otherOperatingExpenses": 26772000, "totalOperatingExpenses": 105467000, "operatingIncome": 10259000, "totalOtherIncomeExpenseNet": -12861000, "ebit": 10259000, "interestExpense": -12861000, "incomeBeforeTax": -2602000, "incomeTaxExpense": 250000, "minorityInterest": {}, "netIncomeFromContinuingOps": -2852000, "discontinuedOperations": {}, "extraordinaryItems": {}, "effectOfAccountingCharges": {}, "otherItems": {}, "netIncome": -2852000, "netIncomeApplicableToCommonShares": -2852000}, {"maxAge": 1, "endDate": "2020-03-31", "totalRevenue": 219314000, "costOfRevenue": 107014000, "grossProfit": 112300000, "researchDevelopment": {}, "sellingGeneralAdministrative": 14665000, "nonRecurring": {}, "otherOperatingExpenses": 51429000, "totalOperatingExpenses": 178488000, "operatingIncome": 40826000, "totalOtherIncomeExpenseNet": -15674000, "ebit": 40826000, "interestExpense": -15673000, "incomeBeforeTax": 25152000, "incomeTaxExpense": 10528000, "minorityInterest": {}, "netIncomeFromContinuingOps": 14624000, "discontinuedOperations": {}, "extraordinaryItems": {}, "effectOfAccountingCharges": {}, "otherItems": {}, "netIncome": 14624000, "netIncomeApplicableToCommonShares": 14624000}, {"maxAge": 1, "endDate": "2019-12-31", "totalRevenue": 299127000, "costOfRevenue": 159873000, "grossProfit": 139254000, "researchDevelopment": {}, "sellingGeneralAdministrative": 16401000, "nonRecurring": {}, "otherOperatingExpenses": 56640000, "totalOperatingExpenses": 247914000, "operatingIncome": 51213000, "totalOtherIncomeExpenseNet": -16443000, "ebit": 51213000, "interestExpense": -16443000, "incomeBeforeTax": 34770000, "incomeTaxExpense": 9618000, "minorityInterest": {}, "netIncomeFromContinuingOps": 25152000, "discontinuedOperations": {}, "extraordinaryItems": {}, "effectOfAccountingCharges": {}, "otherItems": {}, "netIncome": 25152000, "netIncomeApplicableToCommonShares": 25152000}, {"maxAge": 1, "endDate": "2019-09-30", "totalRevenue": 231898000, "costOfRevenue": 120917000, "grossProfit": 110981000, "researchDevelopment": {}, "sellingGeneralAdministrative": 15280000, "nonRecurring": {}, "otherOperatingExpenses": 47650000, "totalOperatingExpenses": 198247000, "operatingIncome": 33651000, "totalOtherIncomeExpenseNet": -15685000, "ebit": 33651000, "interestExpense": -15684000, "incomeBeforeTax": 17966000, "incomeTaxExpense": 5196000, "minorityInterest": {}, "netIncomeFromContinuingOps": 12770000, "discontinuedOperations": {}, "extraordinaryItems": {}, "effectOfAccountingCharges": {}, "otherItems": {}, "netIncome": 12770000, "netIncomeApplicableToCommonShares": 12770000}], "maxAge": 86400}, "cashflowStatementHistoryQuarterly": {"cashflowStatements": [{"maxAge": 1, "endDate": "2020-06-30", "netIncome": -2852000, "changeToLiabilities": 0}, {"maxAge": 1, "endDate": "2020-03-31", "netIncome": 14624000, "changeToLiabilities": 0}, {"maxAge": 1, "endDate": "2019-12-31", "netIncome": 25152000, "changeToLiabilities": 0}, {"maxAge": 1, "endDate": "2019-09-30", "netIncome": 12770000, "changeToLiabilities": 0}], "maxAge": 86400}, "insiderHolders": {"holders": [{"maxAge": 1, "name": "Kapadia (Amol Jagdish)", "relation": "Managing Director", "url": "", "transactionDescription": "Sale", "latestTransDate": "2017-10-26", "positionDirect": 5580, "positionDirectDate": "2017-10-26"}, {"maxAge": 1, "name": "Kapadia (Sushila Jagdish)", "relation": "Chairman of the Board", "url": "", "transactionDescription": "Sale", "latestTransDate": "2017-10-26", "positionDirect": 8055, "positionDirectDate": "2017-10-26"}], "maxAge": 1}, "calendarEvents": {"maxAge": 1, "earnings": {"earningsDate": ["2020-09-15 05:30:S"]}}, "price": {"maxAge": 1, "regularMarketChangePercent": 0.020509755, "regularMarketChange": 195.9502, "regularMarketTime": "2021-04-30 15:44:12", "priceHint": 2, "regularMarketPrice": 9749.95, "regularMarketDayHigh": 9950.0, "regularMarketDayLow": 9135.0, "regularMarketVolume": 274, "averageDailyVolume10Day": 28, "averageDailyVolume3Month": 52, "regularMarketPreviousClose": 9554.0, "regularMarketSource": "FREE_REALTIME", "regularMarketOpen": 9888.0, "exchange": "BSE", "exchangeName": "BSE", "exchangeDataDelayedBy": 0, "marketState": "CLOSED", "quoteType": "EQUITY", "symbol": "POLSON.BO", "underlyingSymbol": null, "shortName": "POLSON LTD.", "longName": "Polson Limited", "currency": "INR", "quoteSourceName": "Delayed Quote", "currencySymbol": "\u20b9", "fromCurrency": null, "toCurrency": null, "lastMarket": null, "marketCap": 1169993984}, "balanceSheetHistory": {"balanceSheetStatements": [{"maxAge": 1, "endDate": "2020-03-31", "cash": 173067000, "netReceivables": 242777000, "inventory": 104628000, "otherCurrentAssets": 76239000, "totalCurrentAssets": 596711000, "longTermInvestments": 3000, "propertyPlantEquipment": 943309000, "otherAssets": 298582000, "totalAssets": 1838605000, "accountsPayable": 122558000, "shortLongTermDebt": 66093000, "otherCurrentLiab": 3763000, "longTermDebt": 401492000, "otherLiab": 97400000, "totalCurrentLiabilities": 377403000, "totalLiab": 876295000, "commonStock": 6000000, "treasuryStock": 956310000, "otherStockholderEquity": 956310000, "totalStockholderEquity": 962310000, "netTangibleAssets": 962310000}, {"maxAge": 1, "endDate": "2019-03-31", "cash": 2282415, "shortTermInvestments": 81160500, "netReceivables": 275545398, "inventory": 186553887, "otherCurrentAssets": 100419867, "totalCurrentAssets": 645962067, "longTermInvestments": 5465, "propertyPlantEquipment": 868951502, "otherAssets": 303513525, "totalAssets": 1818432559, "accountsPayable": 122563241, "shortLongTermDebt": 54405199, "otherCurrentLiab": 4463487, "longTermDebt": 425127033, "otherLiab": 91854566, "totalCurrentLiabilities": 395047968, "totalLiab": 912029567, "commonStock": 6000000, "retainedEarnings": 890879349, "treasuryStock": 7409643, "capitalSurplus": 2114000, "otherStockholderEquity": 7409643, "totalStockholderEquity": 906402992, "netTangibleAssets": 906402992}, {"maxAge": 1, "endDate": "2018-03-31", "cash": 7230799, "shortTermInvestments": 151060500, "netReceivables": 250636996, "inventory": 167853106, "otherCurrentAssets": 80564169, "totalCurrentAssets": 657345570, "longTermInvestments": 3099, "propertyPlantEquipment": 925644720, "otherAssets": 215398075, "totalAssets": 1798391464, "accountsPayable": 124735045, "shortLongTermDebt": 49356469, "otherCurrentLiab": 9840367, "longTermDebt": 478138586, "otherLiab": 110587546, "totalCurrentLiabilities": 402649665, "totalLiab": 991375797, "commonStock": 6000000, "retainedEarnings": 791494390, "treasuryStock": 7407277, "capitalSurplus": 2114000, "otherStockholderEquity": 7407277, "totalStockholderEquity": 807015667, "netTangibleAssets": 807015667}, {"maxAge": 1, "endDate": "2017-03-31", "cash": 5667790, "shortTermInvestments": 51060500, "netReceivables": 309869099, "inventory": 72377347, "otherCurrentAssets": 94821647, "totalCurrentAssets": 533796383, "longTermInvestments": 1575, "propertyPlantEquipment": 830984190, "otherAssets": 274006646, "totalAssets": 1638788794, "accountsPayable": 134907823, "shortLongTermDebt": 28626753, "otherCurrentLiab": 89006384, "longTermDebt": 407749672, "otherLiab": 89005834, "totalCurrentLiabilities": 445408675, "totalLiab": 942164181, "commonStock": 6000000, "retainedEarnings": 681104860, "treasuryStock": 7405753, "capitalSurplus": 2114000, "otherStockholderEquity": 7405753, "totalStockholderEquity": 696624613, "netTangibleAssets": 696624613}], "maxAge": 86400}, "financialData": {"maxAge": 86400, "currentPrice": 9749.95, "recommendationKey": "none", "grossProfits": 487226000, "financialCurrency": "INR"}}}