{"POLYCHMP.BO": {"cashflowStatementHistory": {"cashflowStatements": [{"maxAge": 1, "endDate": "2020-03-31", "netIncome": 17178000, "depreciation": 3129000, "changeToNetincome": 2466000, "changeToAccountReceivables": 13891000, "changeToLiabilities": -9157000, "changeToInventory": -4001000, "changeToOperatingActivities": 2079000, "totalCashFromOperatingActivities": 25585000, "capitalExpenditures": -22915000, "investments": -4222000, "otherCashflowsFromInvestingActivities": 1686000, "totalCashflowsFromInvestingActivities": -25451000, "dividendsPaid": -4612000, "netBorrowings": 928000, "otherCashflowsFromFinancingActivities": -4529000, "totalCashFromFinancingActivities": -8213000, "changeInCash": -8080000}, {"maxAge": 1, "endDate": "2019-03-31", "netIncome": 21942000, "depreciation": 3787000, "changeToNetincome": 860000, "changeToAccountReceivables": 1593000, "changeToLiabilities": 31607000, "changeToInventory": -39401000, "changeToOperatingActivities": -7355000, "totalCashFromOperatingActivities": 13033000, "capitalExpenditures": -20954000, "investments": -2655000, "otherCashflowsFromInvestingActivities": 2566000, "totalCashflowsFromInvestingActivities": -21028000, "dividendsPaid": -3826000, "netBorrowings": 1810000, "otherCashflowsFromFinancingActivities": -5236000, "totalCashFromFinancingActivities": -7252000, "changeInCash": -15247000}, {"maxAge": 1, "endDate": "2018-03-31", "netIncome": 12368000, "depreciation": 3677000, "changeToNetincome": 5653000, "changeToAccountReceivables": -1671000, "changeToLiabilities": 9015000, "changeToInventory": 595000, "changeToOperatingActivities": 10234000, "totalCashFromOperatingActivities": 39871000, "capitalExpenditures": -13860000, "investments": 2643000, "otherCashflowsFromInvestingActivities": 984000, "totalCashflowsFromInvestingActivities": -10233000, "dividendsPaid": -3826000, "netBorrowings": 6152000, "otherCashflowsFromFinancingActivities": -4047000, "totalCashFromFinancingActivities": 2105000, "changeInCash": 31744000}, {"maxAge": 1, "endDate": "2017-03-31", "netIncome": 10870000, "depreciation": 3117000, "changeToNetincome": 2868000, "changeToAccountReceivables": -5814000, "changeToLiabilities": -1680000, "changeToInventory": 4102000, "changeToOperatingActivities": -3263000, "totalCashFromOperatingActivities": 10200000, "capitalExpenditures": -2352000, "investments": -3410000, "otherCashflowsFromInvestingActivities": 2020000, "totalCashflowsFromInvestingActivities": -4221000, "dividendsPaid": -3826000, "netBorrowings": -1075000, "otherCashflowsFromFinancingActivities": -4993000, "totalCashFromFinancingActivities": -6068000, "changeInCash": -90000}], "maxAge": 86400}, "institutionOwnership": {"ownershipList": [], "maxAge": 1}, "balanceSheetHistoryQuarterly": {"balanceSheetStatements": [{"maxAge": 1, "endDate": "2020-06-30", "totalStockholderEquity": 138080000, "netTangibleAssets": 138080000}, {"maxAge": 1, "endDate": "2020-03-31", "cash": 9112000, "shortTermInvestments": 4714000, "netReceivables": 16755000, "inventory": 113084000, "otherCurrentAssets": 21374000, "totalCurrentAssets": 165039000, "longTermInvestments": 13300000, "propertyPlantEquipment": 115581000, "otherAssets": 10815000, "deferredLongTermAssetCharges": 179000, "totalAssets": 304735000, "accountsPayable": 44543000, "shortLongTermDebt": 3986000, "otherCurrentLiab": 48708000, "longTermDebt": 10800000, "totalCurrentLiabilities": 155855000, "totalLiab": 166655000, "commonStock": 47817000, "retainedEarnings": 85314000, "treasuryStock": 4949000, "otherStockholderEquity": 4949000, "totalStockholderEquity": 138080000, "netTangibleAssets": 138080000}, {"maxAge": 1, "endDate": "2019-12-31", "totalStockholderEquity": 130634000, "netTangibleAssets": 130634000}, {"maxAge": 1, "endDate": "2019-09-30", "cash": 16803000, "netReceivables": 29378000, "inventory": 126303000, "otherCurrentAssets": 7159000, "totalCurrentAssets": 179643000, "longTermInvestments": 22326000, "propertyPlantEquipment": 108454000, "otherAssets": 3633000, "deferredLongTermAssetCharges": 697000, "totalAssets": 314056000, "accountsPayable": 55168000, "otherCurrentLiab": 70076000, "longTermDebt": 10553000, "otherLiab": 1920000, "totalCurrentLiabilities": 170949000, "totalLiab": 183422000, "commonStock": 47817000, "treasuryStock": 82817000, "otherStockholderEquity": 82817000, "totalStockholderEquity": 130634000, "netTangibleAssets": 130634000}], "maxAge": 86400}, "indexTrend": {"maxAge": 1, "symbol": "SP5", "peRatio": 19.7411, "pegRatio": 1.34172, "estimates": [{"period": "0q", "growth": 0.549}, {"period": "+1q", "growth": 0.431}, {"period": "0y", "growth": 0.305}, {"period": "+1y", "growth": 0.109}, {"period": "+5y", "growth": 0.120859005}, {"period": "-5y"}]}, "quoteType": {"exchange": "BSE", "quoteType": "EQUITY", "symbol": "POLYCHMP.BO", "underlyingSymbol": "POLYCHMP.BO", "shortName": "POLYMECHPLAST MACHINES LTD.", "longName": "Polymechplast Machines Limited", "firstTradeDateEpochUtc": "2000-11-09 09:15:00", "timeZoneFullName": "Asia/Kolkata", "timeZoneShortName": "IST", "uuid": "02f613aa-7b28-3d6a-8036-ebd939a3e180", "gmtOffSetMilliseconds": 19800000, "maxAge": 1}, "incomeStatementHistory": {"incomeStatementHistory": [{"maxAge": 1, "endDate": "2020-03-31", "totalRevenue": 439112000, "costOfRevenue": 305342000, "grossProfit": 133770000, "researchDevelopment": {}, "sellingGeneralAdministrative": 50323000, "nonRecurring": {}, "otherOperatingExpenses": 55164000, "totalOperatingExpenses": 413958000, "operatingIncome": 25154000, "totalOtherIncomeExpenseNet": -1602000, "ebit": 25154000, "interestExpense": -3999000, "incomeBeforeTax": 23552000, "incomeTaxExpense": 6374000, "minorityInterest": {}, "netIncomeFromContinuingOps": 17178000, "discontinuedOperations": {}, "extraordinaryItems": {}, "effectOfAccountingCharges": {}, "otherItems": {}, "netIncome": 17178000, "netIncomeApplicableToCommonShares": 17178000}, {"maxAge": 1, "endDate": "2019-03-31", "totalRevenue": 545064000, "costOfRevenue": 384815000, "grossProfit": 160249000, "researchDevelopment": {}, "sellingGeneralAdministrative": 48551000, "nonRecurring": {}, "otherOperatingExpenses": 75652000, "totalOperatingExpenses": 512805000, "operatingIncome": 32259000, "totalOtherIncomeExpenseNet": -1442000, "ebit": 32259000, "interestExpense": -3752000, "incomeBeforeTax": 30817000, "incomeTaxExpense": 8875000, "minorityInterest": {}, "netIncomeFromContinuingOps": 21942000, "discontinuedOperations": {}, "extraordinaryItems": {}, "effectOfAccountingCharges": {}, "otherItems": {}, "netIncome": 21942000, "netIncomeApplicableToCommonShares": 21942000}, {"maxAge": 1, "endDate": "2018-03-31", "totalRevenue": 472402000, "costOfRevenue": 334801000, "grossProfit": 137601000, "researchDevelopment": {}, "sellingGeneralAdministrative": 43644000, "nonRecurring": {}, "otherOperatingExpenses": 66613000, "totalOperatingExpenses": 448735000, "operatingIncome": 23667000, "totalOtherIncomeExpenseNet": -1596000, "ebit": 23667000, "interestExpense": -3425000, "incomeBeforeTax": 22071000, "incomeTaxExpense": 9703000, "minorityInterest": {}, "netIncomeFromContinuingOps": 12368000, "discontinuedOperations": {}, "extraordinaryItems": {}, "effectOfAccountingCharges": {}, "otherItems": {}, "netIncome": 12368000, "netIncomeApplicableToCommonShares": 12368000}, {"maxAge": 1, "endDate": "2017-03-31", "totalRevenue": 337156000, "costOfRevenue": 235506000, "grossProfit": 101650000, "researchDevelopment": {}, "sellingGeneralAdministrative": 34672000, "nonRecurring": {}, "otherOperatingExpenses": 47039000, "totalOperatingExpenses": 320334000, "operatingIncome": 16822000, "totalOtherIncomeExpenseNet": -3033000, "ebit": 16822000, "interestExpense": -4525000, "incomeBeforeTax": 13789000, "incomeTaxExpense": 2919000, "minorityInterest": {}, "netIncomeFromContinuingOps": 10870000, "discontinuedOperations": {}, "extraordinaryItems": {}, "effectOfAccountingCharges": {}, "otherItems": {}, "netIncome": 10870000, "netIncomeApplicableToCommonShares": 10870000}], "maxAge": 86400}, "fundOwnership": {"ownershipList": [], "maxAge": 1}, "summaryDetail": {"maxAge": 1, "priceHint": 2, "previousClose": 31.95, "open": 30.05, "dayLow": 29.8, "dayHigh": 31.0, "regularMarketPreviousClose": 31.95, "regularMarketOpen": 30.05, "regularMarketDayLow": 29.8, "regularMarketDayHigh": 31.0, "trailingPE": 8.554084, "volume": 1017, "regularMarketVolume": 1017, "averageVolume": 1672, "averageVolume10days": 2118, "averageDailyVolume10Day": 2118, "bid": 31.0, "ask": 33.5, "bidSize": 0, "askSize": 0, "marketCap": 148232704, "fiftyTwoWeekLow": 15.95, "fiftyTwoWeekHigh": 38.8, "fiftyDayAverage": 34.22273, "twoHundredDayAverage": 27.720589, "trailingAnnualDividendRate": 0.8, "trailingAnnualDividendYield": 0.025039123, "currency": "INR", "fromCurrency": null, "lastMarket": null, "algorithm": null, "tradeable": false}, "incomeStatementHistoryQuarterly": {"incomeStatementHistory": [{"maxAge": 1, "endDate": "2020-06-30", "totalRevenue": 43387000, "costOfRevenue": 19868000, "grossProfit": 23519000, "researchDevelopment": {}, "sellingGeneralAdministrative": 12641000, "nonRecurring": {}, "otherOperatingExpenses": 6824000, "totalOperatingExpenses": 40001000, "operatingIncome": 3386000, "totalOtherIncomeExpenseNet": -525000, "ebit": 3386000, "interestExpense": -1034000, "incomeBeforeTax": 2861000, "incomeTaxExpense": 773000, "minorityInterest": {}, "netIncomeFromContinuingOps": 2088000, "discontinuedOperations": {}, "extraordinaryItems": {}, "effectOfAccountingCharges": {}, "otherItems": {}, "netIncome": 2088000, "netIncomeApplicableToCommonShares": 2088000}, {"maxAge": 1, "endDate": "2020-03-31", "totalRevenue": 118279000, "costOfRevenue": 83687000, "grossProfit": 34592000, "researchDevelopment": {}, "sellingGeneralAdministrative": 10661000, "nonRecurring": {}, "otherOperatingExpenses": 16311000, "totalOperatingExpenses": 111014000, "operatingIncome": 7265000, "totalOtherIncomeExpenseNet": -770000, "ebit": 7265000, "interestExpense": -756000, "incomeBeforeTax": 6495000, "incomeTaxExpense": 2027000, "minorityInterest": {}, "netIncomeFromContinuingOps": 4468000, "discontinuedOperations": {}, "extraordinaryItems": {}, "effectOfAccountingCharges": {}, "otherItems": {}, "netIncome": 4468000, "netIncomeApplicableToCommonShares": 4468000}, {"maxAge": 1, "endDate": "2019-12-31", "totalRevenue": 125861000, "costOfRevenue": 87682000, "grossProfit": 38179000, "researchDevelopment": {}, "sellingGeneralAdministrative": 13851000, "nonRecurring": {}, "otherOperatingExpenses": 12579000, "totalOperatingExpenses": 115068000, "operatingIncome": 10793000, "totalOtherIncomeExpenseNet": -325000, "ebit": 10793000, "interestExpense": -1001000, "incomeBeforeTax": 10468000, "incomeTaxExpense": 2682000, "minorityInterest": {}, "netIncomeFromContinuingOps": 7786000, "discontinuedOperations": {}, "extraordinaryItems": {}, "effectOfAccountingCharges": {}, "otherItems": {}, "netIncome": 7786000, "netIncomeApplicableToCommonShares": 7786000}, {"maxAge": 1, "endDate": "2019-09-30", "totalRevenue": 106767000, "costOfRevenue": 77443000, "grossProfit": 29324000, "researchDevelopment": {}, "sellingGeneralAdministrative": 12766000, "nonRecurring": {}, "otherOperatingExpenses": 11555000, "totalOperatingExpenses": 102675000, "operatingIncome": 4092000, "totalOtherIncomeExpenseNet": 51000, "ebit": 4092000, "interestExpense": -1149000, "incomeBeforeTax": 4143000, "incomeTaxExpense": 993000, "minorityInterest": {}, "netIncomeFromContinuingOps": 3150000, "discontinuedOperations": {}, "extraordinaryItems": {}, "effectOfAccountingCharges": {}, "otherItems": {}, "netIncome": 3150000, "netIncomeApplicableToCommonShares": 3150000}], "maxAge": 86400}, "cashflowStatementHistoryQuarterly": {"cashflowStatements": [{"maxAge": 1, "endDate": "2020-06-30", "netIncome": 2088000, "changeToLiabilities": 0}, {"maxAge": 1, "endDate": "2020-03-31", "netIncome": 4468000, "changeToLiabilities": 0}, {"maxAge": 1, "endDate": "2019-12-31", "netIncome": 7786000, "changeToLiabilities": 0}, {"maxAge": 1, "endDate": "2019-09-30", "netIncome": 3150000, "changeToLiabilities": 0}], "maxAge": 86400}, "insiderHolders": {"holders": [], "maxAge": 1}, "calendarEvents": {"maxAge": 1, "earnings": {"earningsDate": []}}, "upgradeDowngradeHistory": {"history": [], "maxAge": 86400}, "price": {"maxAge": 1, "regularMarketChangePercent": -0.029733982, "regularMarketChange": -0.95000076, "regularMarketTime": "2021-04-30 15:14:55", "priceHint": 2, "regularMarketPrice": 31.0, "regularMarketDayHigh": 31.0, "regularMarketDayLow": 29.8, "regularMarketVolume": 1017, "averageDailyVolume10Day": 2118, "averageDailyVolume3Month": 1672, "regularMarketPreviousClose": 31.95, "regularMarketSource": "FREE_REALTIME", "regularMarketOpen": 30.05, "exchange": "BSE", "exchangeName": "BSE", "exchangeDataDelayedBy": 0, "marketState": "CLOSED", "quoteType": "EQUITY", "symbol": "POLYCHMP.BO", "underlyingSymbol": null, "shortName": "POLYMECHPLAST MACHINES LTD.", "longName": "Polymechplast Machines Limited", "currency": "INR", "quoteSourceName": "Delayed Quote", "currencySymbol": "\u20b9", "fromCurrency": null, "lastMarket": null, "marketCap": 148232704}, "balanceSheetHistory": {"balanceSheetStatements": [{"maxAge": 1, "endDate": "2020-03-31", "cash": 9112000, "shortTermInvestments": 4714000, "netReceivables": 16755000, "inventory": 113084000, "otherCurrentAssets": 21374000, "totalCurrentAssets": 165039000, "longTermInvestments": 13300000, "propertyPlantEquipment": 115581000, "otherAssets": 10815000, "deferredLongTermAssetCharges": 179000, "totalAssets": 304735000, "accountsPayable": 44543000, "shortLongTermDebt": 3986000, "otherCurrentLiab": 48708000, "longTermDebt": 10800000, "totalCurrentLiabilities": 155855000, "totalLiab": 166655000, "commonStock": 47817000, "retainedEarnings": 85314000, "treasuryStock": 4949000, "otherStockholderEquity": 4949000, "totalStockholderEquity": 138080000, "netTangibleAssets": 138080000}, {"maxAge": 1, "endDate": "2019-03-31", "cash": 17192000, "shortTermInvestments": 4748000, "netReceivables": 30016000, "inventory": 109083000, "otherCurrentAssets": 10019000, "totalCurrentAssets": 171058000, "longTermInvestments": 9734000, "propertyPlantEquipment": 95795000, "otherAssets": 11171000, "deferredLongTermAssetCharges": 553000, "totalAssets": 287758000, "accountsPayable": 53699000, "shortLongTermDebt": 4467000, "otherCurrentLiab": 28084000, "longTermDebt": 10557000, "otherLiab": 2110000, "totalCurrentLiabilities": 149393000, "totalLiab": 162060000, "commonStock": 47817000, "retainedEarnings": 72932000, "treasuryStock": 4949000, "otherStockholderEquity": 4949000, "totalStockholderEquity": 125698000, "netTangibleAssets": 125698000}, {"maxAge": 1, "endDate": "2018-03-31", "cash": 32439000, "shortTermInvestments": 4283000, "netReceivables": 32960000, "inventory": 69682000, "otherCurrentAssets": 12881000, "totalCurrentAssets": 152245000, "longTermInvestments": 2370000, "propertyPlantEquipment": 78660000, "otherAssets": 17658000, "totalAssets": 250933000, "accountsPayable": 22093000, "shortLongTermDebt": 1632000, "otherCurrentLiab": 37617000, "longTermDebt": 294000, "otherLiab": 2308000, "totalCurrentLiabilities": 139994000, "totalLiab": 142596000, "commonStock": 47817000, "retainedEarnings": 55571000, "treasuryStock": 4949000, "otherStockholderEquity": 4949000, "totalStockholderEquity": 108337000, "netTangibleAssets": 108337000}, {"maxAge": 1, "endDate": "2017-03-31", "cash": 695000, "shortTermInvestments": 7013000, "netReceivables": 31310000, "inventory": 70277000, "otherCurrentAssets": 328000, "totalCurrentAssets": 109821000, "longTermInvestments": 1998000, "propertyPlantEquipment": 68479000, "otherAssets": 20252000, "deferredLongTermAssetCharges": 2413000, "totalAssets": 200550000, "accountsPayable": 13078000, "shortLongTermDebt": 1070000, "otherCurrentLiab": 28836000, "longTermDebt": 1661000, "otherLiab": 1015000, "totalCurrentLiabilities": 101539000, "totalLiab": 104215000, "commonStock": 52766000, "retainedEarnings": 43569000, "totalStockholderEquity": 96335000, "netTangibleAssets": 96335000}], "maxAge": 86400}, "financialData": {"maxAge": 86400, "currentPrice": 31.0, "recommendationKey": "none", "grossProfits": 133770000, "financialCurrency": "INR"}}}