{"POLYPLEX.NS": {"assetProfile": {"address1": "B-37, Sector \u00e2\u0080\u0093 1", "address2": "Gautam Budh Nagar", "city": "Noida", "zip": "201301", "country": "India", "phone": "91 12 0244 3716", "fax": "91 12 0244 3723", "website": "http://www.polyplex.com", "industry": "Specialty Chemicals", "sector": "Basic Materials", "longBusinessSummary": "Polyplex Corporation Limited manufactures and sells polyester (PET) films primarily for flexible packaging in India and internationally. The company offers Sarafil base films, including biaxially-oriented (BO) PET films for use in packaging, electrical, and industrial applications; BO polypropylene (PP) films for flexible packaging and other applications; cast PP films for flexible packaging and other applications; blown PP films used in pressure sensitive applications; sustainable films; holographic films; and transfer metalized papers. It also provides Saracote silicone coated PET/PP films, such as release liner-labels, release liner-specialty products, shingle roofing tapes, release film liners, and primer coated liners used in labels, tapes, roofing shingles, and peels and sticks underlayments. In addition, the company offers Saralam range of extrusion coated film products comprising reflective insulation, decorative lamination, PET thermal lamination film-thin and thick gauge, PP thermal lamination, MegaBond PET and PP thermal lamination, nylon thermal lamination, and Zafira UV polyester thermal lamination films for use in thermal lamination products, such as book covers, identity cards, etc., as well as in carton lamination, commercial films, etc. Further, it provides Saraprint, a non tearable PET film for various applications comprising photo albums, commercial printing, promotional and customized digital printing, and label and flexible packaging applications, as well as in durable displays, certificates, aadhar cards, product catalogues, company broachers, signage, posters, graphic industries, visiting cards, menu cards, bills, and self-adhesive labels applications. Polyplex Corporation Limited was incorporated in 1984 and is based in Noida, India.", "fullTimeEmployees": 2300, "companyOfficers": [{"maxAge": 1, "name": "Mr. Pranay  Kothari", "age": 61, "title": "CEO and Exec. & Whole Time Director", "yearBorn": 1959, "fiscalYear": 2020, "totalPay": 39379021, "exercisedValue": 0, "unexercisedValue": 0}, {"maxAge": 1, "name": "Mr. Manish  Gupta", "age": 52, "title": "Chief Financial Officer", "yearBorn": 1968, "fiscalYear": 2020, "totalPay": 18962432, "exercisedValue": 0, "unexercisedValue": 0}, {"maxAge": 1, "name": "Mr. Ashok Kumar Gurnani", "age": 62, "title": "Company Sec. & Compliance Officer", "yearBorn": 1958, "fiscalYear": 2020, "totalPay": 9878279, "exercisedValue": 0, "unexercisedValue": 0}, {"maxAge": 1, "name": "Mr. Sunil Kumar Ram", "age": 54, "title": "VP & Corp. Head of HR", "yearBorn": 1966, "exercisedValue": 0, "unexercisedValue": 0}, {"maxAge": 1, "name": "Mr. Kapil  Gupta", "age": 61, "title": "Sr. VP & Profit Centre Head of India", "yearBorn": 1959, "exercisedValue": 0, "unexercisedValue": 0}, {"maxAge": 1, "name": "Mr. Rajpal  Yadav", "age": 58, "title": "Corp. Head of Projects", "yearBorn": 1962, "fiscalYear": 2018, "exercisedValue": 0, "unexercisedValue": 0}, {"maxAge": 1, "name": "Mr. Ramakrishna Rao Kuchipudi", "age": 57, "title": "Sr. GM and Corp. Head of NPD, R&D & Tech Services", "yearBorn": 1963, "fiscalYear": 2019, "exercisedValue": 0, "unexercisedValue": 0}, {"maxAge": 1, "name": "Mr. Rakesh  Kakkar", "age": 60, "title": "Sales & Marketing Head of India and GM", "yearBorn": 1960, "fiscalYear": 2019, "exercisedValue": 0, "unexercisedValue": 0}, {"maxAge": 1, "name": "Mr. Saleem  Ahmad", "age": 57, "title": "Bus. Unit Head of BOPET & Chips - India and Sr. GM of BOPET", "yearBorn": 1963, "exercisedValue": 0, "unexercisedValue": 0}, {"maxAge": 1, "name": "Mr. Amarnath J. Parida", "title": "Bus. Unit Head of BOPP - India", "exercisedValue": 0, "unexercisedValue": 0}], "compensationAsOfEpochDate": "2020-12-31 05:30:00", "maxAge": 86400}, "cashflowStatementHistory": {"cashflowStatements": [{"maxAge": 1, "endDate": "2020-03-31", "netIncome": 2820449000, "depreciation": 2530616000, "changeToNetincome": 2932182000, "changeToAccountReceivables": -585960000, "changeToLiabilities": 46392000, "changeToInventory": -173913000, "changeToOperatingActivities": -261496000, "totalCashFromOperatingActivities": 7310963000, "capitalExpenditures": -4722846000, "investments": 219600000, "otherCashflowsFromInvestingActivities": 431606000, "totalCashflowsFromInvestingActivities": -4049625000, "dividendsPaid": -1655208000, "netBorrowings": -378981000, "otherCashflowsFromFinancingActivities": -942492000, "totalCashFromFinancingActivities": -2976681000, "effectOfExchangeRate": 817215000, "changeInCash": 1101872000}, {"maxAge": 1, "endDate": "2019-03-31", "netIncome": 3300307000, "depreciation": 2087560000, "changeToNetincome": 1553194000, "changeToAccountReceivables": -540679000, "changeToLiabilities": -321632000, "changeToInventory": -1017713000, "changeToOperatingActivities": 447340000, "totalCashFromOperatingActivities": 5511856000, "capitalExpenditures": -3724676000, "investments": 413273000, "otherCashflowsFromInvestingActivities": 324172000, "totalCashflowsFromInvestingActivities": -2962613000, "dividendsPaid": -571835200, "netBorrowings": -737541000, "otherCashflowsFromFinancingActivities": -948167000, "totalCashFromFinancingActivities": -3115296000, "effectOfExchangeRate": 309579000, "changeInCash": -256474000}, {"maxAge": 1, "endDate": "2018-03-31", "netIncome": 1594531000, "depreciation": 1846965000, "changeToNetincome": 1870279000, "changeToAccountReceivables": -773619000, "changeToLiabilities": 113057000, "changeToInventory": -1299572000, "changeToOperatingActivities": -284248000, "totalCashFromOperatingActivities": 3070531000, "capitalExpenditures": -1375478000, "investments": -86380000, "otherCashflowsFromInvestingActivities": 191881000, "totalCashflowsFromInvestingActivities": -1263463000, "dividendsPaid": -285496000, "netBorrowings": 774004000, "otherCashflowsFromFinancingActivities": -906085000, "totalCashFromFinancingActivities": -417577000, "effectOfExchangeRate": 202266000, "changeInCash": 1591757000}, {"maxAge": 1, "endDate": "2017-03-31", "netIncome": 2317074000, "depreciation": 1962535000, "changeToNetincome": 232940000, "changeToAccountReceivables": -432499000, "changeToLiabilities": 696116000, "changeToInventory": -262014000, "changeToOperatingActivities": -105916000, "totalCashFromOperatingActivities": 4411962000, "capitalExpenditures": -662878000, "investments": -1832657000, "otherCashflowsFromInvestingActivities": 397689000, "totalCashflowsFromInvestingActivities": -1439019000, "dividendsPaid": -189099000, "netBorrowings": -4492378000, "otherCashflowsFromFinancingActivities": 24300000, "totalCashFromFinancingActivities": -4357750000, "effectOfExchangeRate": -1016345000, "changeInCash": -2401152000, "issuanceOfStock": 299427000}], "maxAge": 86400}, "institutionOwnership": {"ownershipList": [], "maxAge": 1}, "majorHoldersBreakdown": {"maxAge": 1, "insidersPercentHeld": 0.57808, "institutionsPercentHeld": 0.07966, "institutionsFloatPercentHeld": 0.18879999, "institutionsCount": 16}, "balanceSheetHistoryQuarterly": {"balanceSheetStatements": [{"maxAge": 1, "endDate": "2020-12-31", "totalStockholderEquity": 31717200000, "netTangibleAssets": 31712400000}, {"maxAge": 1, "endDate": "2020-09-30", "cash": 11151100000, "shortTermInvestments": 1164000000, "netReceivables": 6607400000, "inventory": 6726000000, "otherCurrentAssets": 1234500000, "totalCurrentAssets": 26883000000, "longTermInvestments": 3458000000, "propertyPlantEquipment": 28572900000, "goodWill": 2700000, "intangibleAssets": 2100000, "otherAssets": 1615500000, "deferredLongTermAssetCharges": 267000000, "totalAssets": 60534200000, "accountsPayable": 2180400000, "otherCurrentLiab": 3435500000, "longTermDebt": 4078900000, "otherLiab": 658200000, "minorityInterest": 16479100000, "totalCurrentLiabilities": 7569300000, "totalLiab": 12337900000, "commonStock": 313900000, "treasuryStock": 31403300000, "otherStockholderEquity": 31403300000, "totalStockholderEquity": 31717200000, "netTangibleAssets": 31712400000}, {"maxAge": 1, "endDate": "2020-06-30", "totalStockholderEquity": 30292581000, "netTangibleAssets": 30286955000}, {"maxAge": 1, "endDate": "2020-03-31", "cash": 4438878000, "shortTermInvestments": 5139443000, "netReceivables": 7302098000, "inventory": 6778120000, "otherCurrentAssets": 1255191000, "totalCurrentAssets": 25733549000, "longTermInvestments": 2231977000, "propertyPlantEquipment": 28503285000, "goodWill": 2607000, "intangibleAssets": 3019000, "otherAssets": 1148087000, "deferredLongTermAssetCharges": 231618000, "totalAssets": 57622524000, "accountsPayable": 2399399000, "shortLongTermDebt": 701351000, "otherCurrentLiab": 2014803000, "longTermDebt": 4311870000, "otherLiab": 610789000, "minorityInterest": 14574142000, "totalCurrentLiabilities": 7809983000, "totalLiab": 12755801000, "commonStock": 319846000, "retainedEarnings": 22501682000, "treasuryStock": 6082416000, "capitalSurplus": 1388637000, "otherStockholderEquity": 6082416000, "totalStockholderEquity": 30292581000, "netTangibleAssets": 30286955000}], "maxAge": 86400}, "indexTrend": {"maxAge": 1, "symbol": "SP5", "peRatio": 19.7411, "pegRatio": 1.34172, "estimates": [{"period": "0q", "growth": 0.549}, {"period": "+1q", "growth": 0.431}, {"period": "0y", "growth": 0.305}, {"period": "+1y", "growth": 0.109}, {"period": "+5y", "growth": 0.120865}, {"period": "-5y"}]}, "defaultKeyStatistics": {"maxAge": 1, "priceHint": 2, "enterpriseValue": 37438926848, "profitMargins": 0.08505999, "floatShares": 11477046, "sharesOutstanding": 31392500, "heldPercentInsiders": 0.57808, "heldPercentInstitutions": 0.07966, "beta": 0.967108, "category": null, "bookValue": 1010.39, "priceToBook": 0.9485446, "fundFamily": null, "legalType": null, "lastFiscalYearEnd": "2020-03-31 05:30:00", "nextFiscalYearEnd": "2022-03-31 05:30:00", "mostRecentQuarter": "2020-12-31 05:30:00", "earningsQuarterlyGrowth": 0.851, "netIncomeToCommon": 4094649088, "trailingEps": 129.452, "lastSplitFactor": "2:1", "lastSplitDate": "2010-12-23 05:30:00", "enterpriseToRevenue": 0.778, "enterpriseToEbitda": 3.319}, "summaryProfile": {"address1": "B-37, Sector \u00e2\u0080\u0093 1", "address2": "Gautam Budh Nagar", "city": "Noida", "zip": "201301", "country": "India", "phone": "91 12 0244 3716", "fax": "91 12 0244 3723", "website": "http://www.polyplex.com", "industry": "Specialty Chemicals", "sector": "Basic Materials", "longBusinessSummary": "Polyplex Corporation Limited manufactures and sells polyester (PET) films primarily for flexible packaging in India and internationally. The company offers Sarafil base films, including biaxially-oriented (BO) PET films for use in packaging, electrical, and industrial applications; BO polypropylene (PP) films for flexible packaging and other applications; cast PP films for flexible packaging and other applications; blown PP films used in pressure sensitive applications; sustainable films; holographic films; and transfer metalized papers. It also provides Saracote silicone coated PET/PP films, such as release liner-labels, release liner-specialty products, shingle roofing tapes, release film liners, and primer coated liners used in labels, tapes, roofing shingles, and peels and sticks underlayments. In addition, the company offers Saralam range of extrusion coated film products comprising reflective insulation, decorative lamination, PET thermal lamination film-thin and thick gauge, PP thermal lamination, MegaBond PET and PP thermal lamination, nylon thermal lamination, and Zafira UV polyester thermal lamination films for use in thermal lamination products, such as book covers, identity cards, etc., as well as in carton lamination, commercial films, etc. Further, it provides Saraprint, a non tearable PET film for various applications comprising photo albums, commercial printing, promotional and customized digital printing, and label and flexible packaging applications, as well as in durable displays, certificates, aadhar cards, product catalogues, company broachers, signage, posters, graphic industries, visiting cards, menu cards, bills, and self-adhesive labels applications. Polyplex Corporation Limited was incorporated in 1984 and is based in Noida, India.", "fullTimeEmployees": 2300, "companyOfficers": [], "maxAge": 86400}, "netSharePurchaseActivity": {"maxAge": 1, "period": "6m", "buyInfoCount": 0, "buyInfoShares": 0, "sellInfoCount": 0, "netInfoCount": 0, "netInfoShares": 0, "netPercentInsiderShares": 0.0, "totalInsiderShares": 18149280}, "insiderTransactions": {"transactions": [{"maxAge": 1, "shares": 325000, "value": 3548349, "filerUrl": "", "transactionText": "Sale at price 10.92 per share.", "filerName": "Saraf (Sanjiv)", "filerRelation": "Non Executive Chairman", "moneyText": "", "startDate": "2021-03-03", "ownership": "D"}, {"maxAge": 1, "shares": 325000, "value": 3548349, "filerUrl": "", "transactionText": "Acquisition at price 10.92 per share.", "filerName": "Saraf (Sakhi)", "filerRelation": "UNREPORTED", "moneyText": "", "startDate": "2021-03-03", "ownership": "D"}, {"maxAge": 1, "shares": 678694, "filerUrl": "", "transactionText": "", "filerName": "Kirpalani (Ricky Ishwardas)", "filerRelation": "Promoter", "moneyText": "", "startDate": "2020-02-17", "ownership": "D"}, {"maxAge": 1, "shares": 208000, "filerUrl": "", "transactionText": "", "filerName": "Bhilangana Hydro Power Ltd", "filerRelation": "Institution- Corporation", "moneyText": "", "startDate": "2016-02-22", "ownership": "D"}, {"maxAge": 1, "shares": 279000, "filerUrl": "", "transactionText": "", "filerName": "Saraf (Sanjiv)", "filerRelation": "Non Executive Chairman", "moneyText": "", "startDate": "2016-02-22", "ownership": "D"}, {"maxAge": 1, "shares": 245000, "filerUrl": "", "transactionText": "", "filerName": "Saraf (Sakhi)", "filerRelation": "UNREPORTED", "moneyText": "", "startDate": "2016-02-22", "ownership": "D"}, {"maxAge": 1, "shares": 259000, "filerUrl": "", "transactionText": "", "filerName": "Saraf (Amla)", "filerRelation": "UNREPORTED", "moneyText": "", "startDate": "2016-02-22", "ownership": "D"}, {"maxAge": 1, "shares": 1288042, "filerUrl": "", "transactionText": "", "filerName": "K2 Family Private Trust", "filerRelation": "Institution- Corporation", "moneyText": "", "startDate": "2013-02-28", "ownership": "D"}, {"maxAge": 1, "shares": 661306, "filerUrl": "", "transactionText": "", "filerName": "IL & FS Trust Co Ltd", "filerRelation": "Institution- Corporation", "moneyText": "", "startDate": "2013-02-14", "ownership": "D"}, {"maxAge": 1, "shares": 647185, "filerUrl": "", "transactionText": "", "filerName": "K2 Family Private Trust", "filerRelation": "Promoter", "moneyText": "", "startDate": "2012-10-30", "ownership": "D"}, {"maxAge": 1, "shares": 2400, "filerUrl": "", "transactionText": "", "filerName": "Singh (Nivedita)", "filerRelation": "Director", "moneyText": "", "startDate": "2011-03-04", "ownership": "D"}, {"maxAge": 1, "shares": 1526, "filerUrl": "", "transactionText": "", "filerName": "Gurnani (Ashok Kumar)", "filerRelation": "Secretary", "moneyText": "", "startDate": "2010-12-13", "ownership": "D"}, {"maxAge": 1, "shares": 10295, "filerUrl": "", "transactionText": "", "filerName": "Kothari (Ritu)", "filerRelation": "UNREPORTED", "moneyText": "", "startDate": "2010-11-11", "ownership": "D"}, {"maxAge": 1, "shares": 500, "filerUrl": "", "transactionText": "", "filerName": "Singh (Nivedita)", "filerRelation": "Director", "moneyText": "", "startDate": "2010-09-03", "ownership": "D"}, {"maxAge": 1, "shares": 500, "filerUrl": "", "transactionText": "", "filerName": "Singh (Nivedita)", "filerRelation": "Director", "moneyText": "", "startDate": "2010-08-24", "ownership": "D"}, {"maxAge": 1, "shares": 27382, "filerUrl": "", "transactionText": "", "filerName": "Dhawan (Ashish)", "filerRelation": "UNREPORTED", "moneyText": "", "startDate": "2010-01-22", "ownership": "D"}, {"maxAge": 1, "shares": 80, "filerUrl": "", "transactionText": "", "filerName": "Kirpalani (Poonam)", "filerRelation": "UNREPORTED", "moneyText": "", "startDate": "2009-10-29", "ownership": "D"}, {"maxAge": 1, "shares": 300, "filerUrl": "", "transactionText": "", "filerName": "Kirpalani (Alisha)", "filerRelation": "UNREPORTED", "moneyText": "", "startDate": "2009-10-29", "ownership": "D"}], "maxAge": 1}, "quoteType": {"exchange": "NSI", "quoteType": "EQUITY", "symbol": "POLYPLEX.NS", "underlyingSymbol": "POLYPLEX.NS", "shortName": "POLYPLEX CORP", "longName": "Polyplex Corporation Limited", "firstTradeDateEpochUtc": "2002-07-01 09:15:00", "timeZoneFullName": "Asia/Kolkata", "timeZoneShortName": "IST", "uuid": "3920b0ef-843f-36c0-9486-671e9d4691e8", "gmtOffSetMilliseconds": 19800000, "maxAge": 1}, "incomeStatementHistory": {"incomeStatementHistory": [{"maxAge": 1, "endDate": "2020-03-31", "totalRevenue": 44871025000, "costOfRevenue": 25549855000, "grossProfit": 19321170000, "researchDevelopment": {}, "sellingGeneralAdministrative": 3994592000, "nonRecurring": {}, "otherOperatingExpenses": 6990626000, "totalOperatingExpenses": 39068382000, "operatingIncome": 5802643000, "totalOtherIncomeExpenseNet": 599205000, "ebit": 5802643000, "interestExpense": -172298000, "incomeBeforeTax": 6401848000, "incomeTaxExpense": 1463640000, "minorityInterest": 14574142000, "netIncomeFromContinuingOps": 4938208000, "discontinuedOperations": {}, "extraordinaryItems": {}, "effectOfAccountingCharges": {}, "otherItems": {}, "netIncome": 2820449000, "netIncomeApplicableToCommonShares": 2820449000}, {"maxAge": 1, "endDate": "2019-03-31", "totalRevenue": 45698925000, "costOfRevenue": 28387063000, "grossProfit": 17311862000, "researchDevelopment": {}, "sellingGeneralAdministrative": 3544259000, "nonRecurring": {}, "otherOperatingExpenses": 6394699000, "totalOperatingExpenses": 40417060000, "operatingIncome": 5281865000, "totalOtherIncomeExpenseNet": 1285379000, "ebit": 5281865000, "interestExpense": -272565000, "incomeBeforeTax": 6567244000, "incomeTaxExpense": 730715000, "minorityInterest": 12351876000, "netIncomeFromContinuingOps": 5836529000, "discontinuedOperations": {}, "extraordinaryItems": {}, "effectOfAccountingCharges": {}, "otherItems": {}, "netIncome": 3300307000, "netIncomeApplicableToCommonShares": 3300307000}, {"maxAge": 1, "endDate": "2018-03-31", "totalRevenue": 35723410000, "costOfRevenue": 21814778000, "grossProfit": 13908632000, "researchDevelopment": {}, "sellingGeneralAdministrative": 3115126000, "nonRecurring": {}, "otherOperatingExpenses": 5389379000, "totalOperatingExpenses": 32169386000, "operatingIncome": 3554024000, "totalOtherIncomeExpenseNet": -415061000, "ebit": 3554024000, "interestExpense": -373254000, "incomeBeforeTax": 3138963000, "incomeTaxExpense": 297791000, "minorityInterest": 10722139000, "netIncomeFromContinuingOps": 2841172000, "discontinuedOperations": {}, "extraordinaryItems": {}, "effectOfAccountingCharges": {}, "otherItems": {}, "netIncome": 1594531000, "netIncomeApplicableToCommonShares": 1594531000}, {"maxAge": 1, "endDate": "2017-03-31", "totalRevenue": 32009918000, "costOfRevenue": 19647556000, "grossProfit": 12362362000, "researchDevelopment": {}, "sellingGeneralAdministrative": 3014172000, "nonRecurring": {}, "otherOperatingExpenses": 4876824000, "totalOperatingExpenses": 29504813000, "operatingIncome": 2505105000, "totalOtherIncomeExpenseNet": 1256069000, "ebit": 2505105000, "interestExpense": -454246000, "incomeBeforeTax": 3761174000, "incomeTaxExpense": 147309000, "minorityInterest": 8848721000, "netIncomeFromContinuingOps": 3613865000, "discontinuedOperations": {}, "extraordinaryItems": {}, "effectOfAccountingCharges": {}, "otherItems": {}, "netIncome": 2317074000, "netIncomeApplicableToCommonShares": 2317074000}], "maxAge": 86400}, "fundOwnership": {"ownershipList": [{"maxAge": 1, "reportDate": "2021-02-28", "organization": "WisdomTree Tr-WisdomTree Emerging Markets Small Cap Dividend Fund", "pctHeld": 0.0064, "position": 201805, "value": 159526852}, {"maxAge": 1, "reportDate": "2021-01-31", "organization": "DFA Investment Dimensions-DFA Emerging Mkts Value", "pctHeld": 0.0032, "position": 101191, "value": 69690241}, {"maxAge": 1, "reportDate": "2021-01-31", "organization": "DFA Emerging Markets Core Equity Portfolio", "pctHeld": 0.0026, "position": 81708, "value": 56272299}, {"maxAge": 1, "reportDate": "2021-02-28", "organization": "WisdomTree Tr-Wisdom Tree Emerging Markets High Dividend  Fd", "pctHeld": 0.0021, "position": 66394, "value": 52484457}, {"maxAge": 1, "reportDate": "2021-01-31", "organization": "DFA Emerging Markets Small Cap Series", "pctHeld": 0.0018000001, "position": 56807, "value": 39122980}, {"maxAge": 1, "reportDate": "2021-02-28", "organization": "WisdomTree Tr-WisdomTree India Earnings Fd", "pctHeld": 0.0015, "position": 45957, "value": 36329008}, {"maxAge": 1, "reportDate": "2021-01-31", "organization": "Advisors Inner Circle Fund-Acadian Emerging Markets Port", "pctHeld": 0.00029999999, "position": 10437, "value": 7187961}, {"maxAge": 1, "reportDate": "2021-02-28", "organization": "Fidelity Strategic Advisers Emerging Markets Fund", "pctHeld": 0.00029999999, "position": 8102, "value": 6404631}, {"maxAge": 1, "reportDate": "2021-01-31", "organization": "DFA Investment Dimensions-Emerging Markets Social Core Equity", "pctHeld": 0.0002, "position": 6276, "value": 4322281}, {"maxAge": 1, "reportDate": "2020-12-31", "organization": "Wilshire Mutual Funds, Inc.-International Equity Fund", "pctHeld": 0.0002, "position": 5717, "value": 4064501}], "maxAge": 1}, "summaryDetail": {"maxAge": 1, "priceHint": 2, "previousClose": 868.2, "open": 870.0, "dayLow": 865.45, "dayHigh": 978.6, "regularMarketPreviousClose": 868.2, "regularMarketOpen": 870.0, "regularMarketDayLow": 865.45, "regularMarketDayHigh": 978.6, "dividendRate": 153.0, "dividendYield": 0.1762, "exDividendDate": "2021-02-17 05:30:00", "payoutRatio": 0.4082, "fiveYearAvgDividendYield": 6.19, "beta": 0.967108, "trailingPE": 7.403517, "volume": 694253, "regularMarketVolume": 694253, "averageVolume": 217166, "averageVolume10days": 42869, "averageDailyVolume10Day": 42869, "bid": 958.4, "ask": 0.0, "bidSize": 0, "askSize": 0, "marketCap": 30069225472, "fiftyTwoWeekLow": 335.05, "fiftyTwoWeekHigh": 978.6, "priceToSalesTrailing12Months": 0.62461746, "fiftyDayAverage": 845.28973, "twoHundredDayAverage": 767.2996, "trailingAnnualDividendRate": 53.0, "trailingAnnualDividendYield": 0.06104584, "currency": "INR", "fromCurrency": null, "lastMarket": null, "algorithm": null, "tradeable": false}, "incomeStatementHistoryQuarterly": {"incomeStatementHistory": [{"maxAge": 1, "endDate": "2020-12-31", "totalRevenue": 12372200000, "costOfRevenue": 6536200000, "grossProfit": 5836000000, "researchDevelopment": {}, "sellingGeneralAdministrative": 1109700000, "nonRecurring": {}, "otherOperatingExpenses": 1433300000, "totalOperatingExpenses": 9787300000, "operatingIncome": 2584900000, "totalOtherIncomeExpenseNet": 102700000, "ebit": 2584900000, "interestExpense": -38800000, "incomeBeforeTax": 2687600000, "incomeTaxExpense": 440300000, "minorityInterest": {}, "netIncomeFromContinuingOps": 2247300000, "discontinuedOperations": {}, "extraordinaryItems": {}, "effectOfAccountingCharges": {}, "otherItems": {}, "netIncome": 1313600000, "netIncomeApplicableToCommonShares": 1313600000}, {"maxAge": 1, "endDate": "2020-09-30", "totalRevenue": 12273000000, "costOfRevenue": 6776600000, "grossProfit": 5496400000, "researchDevelopment": {}, "sellingGeneralAdministrative": 1078000000, "nonRecurring": {}, "otherOperatingExpenses": 1176400000, "totalOperatingExpenses": 9725800000, "operatingIncome": 2547200000, "totalOtherIncomeExpenseNet": -1351000000, "ebit": 2547200000, "interestExpense": -41900000, "incomeBeforeTax": 1196200000, "incomeTaxExpense": 173700000, "minorityInterest": 16479100000, "netIncomeFromContinuingOps": 1022500000, "discontinuedOperations": {}, "extraordinaryItems": {}, "effectOfAccountingCharges": {}, "otherItems": {}, "netIncome": 765000000, "netIncomeApplicableToCommonShares": 765000000}, {"maxAge": 1, "endDate": "2020-06-30", "totalRevenue": 11595900000, "costOfRevenue": 6105600000, "grossProfit": 5490300000, "researchDevelopment": {}, "sellingGeneralAdministrative": 1092500000, "nonRecurring": {}, "otherOperatingExpenses": 1278500000, "totalOperatingExpenses": 9161700000, "operatingIncome": 2434200000, "totalOtherIncomeExpenseNet": 1007000000, "ebit": 2434200000, "interestExpense": -53100000, "incomeBeforeTax": 3441200000, "incomeTaxExpense": 140000000, "minorityInterest": 16479100000, "netIncomeFromContinuingOps": 3301200000, "discontinuedOperations": {}, "extraordinaryItems": {}, "effectOfAccountingCharges": {}, "otherItems": {}, "netIncome": 1786300000, "netIncomeApplicableToCommonShares": 1786300000}, {"maxAge": 1, "endDate": "2020-03-31", "totalRevenue": 11899125000, "costOfRevenue": 5219055000, "grossProfit": 6680070000, "researchDevelopment": {}, "sellingGeneralAdministrative": 1165992000, "nonRecurring": {}, "otherOperatingExpenses": 3513826000, "totalOperatingExpenses": 10727782000, "operatingIncome": 1171343000, "totalOtherIncomeExpenseNet": -301795000, "ebit": 1171343000, "interestExpense": -39198000, "incomeBeforeTax": 869548000, "incomeTaxExpense": 654840000, "minorityInterest": 14574142000, "netIncomeFromContinuingOps": 214708000, "discontinuedOperations": {}, "extraordinaryItems": {}, "effectOfAccountingCharges": {}, "otherItems": {}, "netIncome": 229749000, "netIncomeApplicableToCommonShares": 229749000}], "maxAge": 86400}, "cashflowStatementHistoryQuarterly": {"cashflowStatements": [{"maxAge": 1, "endDate": "2020-12-31", "netIncome": 1313600000, "changeToLiabilities": 0}, {"maxAge": 1, "endDate": "2020-09-30", "netIncome": 765000000, "changeToLiabilities": 0}, {"maxAge": 1, "endDate": "2020-06-30", "netIncome": 1786300000, "changeToLiabilities": 0}, {"maxAge": 1, "endDate": "2020-03-31", "netIncome": 229749000, "changeToLiabilities": 0}], "maxAge": 86400}, "insiderHolders": {"holders": [{"maxAge": 1, "name": "Bhilangana Hydro Power Ltd", "relation": "Institution- Corporation", "url": "", "transactionDescription": "Acquisition", "latestTransDate": "2016-02-22", "positionDirect": 208000, "positionDirectDate": "2016-02-22"}, {"maxAge": 1, "name": "Gurnani (Ashok Kumar)", "relation": "Secretary", "url": "", "transactionDescription": "Acquisition", "latestTransDate": "2010-12-13", "positionDirect": 1526, "positionDirectDate": "2010-12-13"}, {"maxAge": 1, "name": "IL & FS Trust Co Ltd", "relation": "Institution- Corporation", "url": "", "transactionDescription": "Acquisition", "latestTransDate": "2013-02-14", "positionDirect": 3376711, "positionDirectDate": "2013-02-14"}, {"maxAge": 1, "name": "K2 Family Private Trust", "relation": "Institution- Corporation", "url": "", "transactionDescription": "Acquisition", "latestTransDate": "2013-02-28", "positionDirect": 3539627, "positionDirectDate": "2013-02-28"}, {"maxAge": 1, "name": "Kirpalani (Ricky Ishwardas)", "relation": "Promoter", "url": "", "transactionDescription": "Sale", "latestTransDate": "2020-02-17", "positionDirect": 1955479, "positionDirectDate": "2020-02-17"}, {"maxAge": 1, "name": "Kothari (Ritu)", "relation": "UNREPORTED", "url": "", "transactionDescription": "Sale", "latestTransDate": "2010-11-11", "positionDirect": 0, "positionDirectDate": "2010-11-11"}, {"maxAge": 1, "name": "Saraf (Amla)", "relation": "UNREPORTED", "url": "", "transactionDescription": "Acquisition", "latestTransDate": "2016-02-22", "positionDirect": 259000, "positionDirectDate": "2016-02-22"}, {"maxAge": 1, "name": "Saraf (Sakhi)", "relation": "UNREPORTED", "url": "", "transactionDescription": "Acquisition", "latestTransDate": "2021-03-03", "positionDirect": 570000, "positionDirectDate": "2021-03-03"}, {"maxAge": 1, "name": "Saraf (Sanjiv)", "relation": "Non Executive Chairman", "url": "", "transactionDescription": "Sale", "latestTransDate": "2021-03-03", "positionDirect": 138, "positionDirectDate": "2021-03-03"}, {"maxAge": 1, "name": "Singh (Nivedita)", "relation": "Director", "url": "", "transactionDescription": "Sale", "latestTransDate": "2011-03-04", "positionDirect": 0, "positionDirectDate": "2011-03-04"}], "maxAge": 1}, "calendarEvents": {"maxAge": 1, "earnings": {"earningsDate": []}, "exDividendDate": "2021-02-17 05:30:00"}, "upgradeDowngradeHistory": {"history": [], "maxAge": 86400}, "price": {"maxAge": 1, "regularMarketChangePercent": 0.10389313, "regularMarketChange": 90.20001, "regularMarketTime": "2021-04-30 15:30:00", "priceHint": 2, "regularMarketPrice": 958.4, "regularMarketDayHigh": 978.6, "regularMarketDayLow": 865.45, "regularMarketVolume": 694253, "averageDailyVolume10Day": 42869, "averageDailyVolume3Month": 217166, "regularMarketPreviousClose": 868.2, "regularMarketSource": "FREE_REALTIME", "regularMarketOpen": 870.0, "exchange": "NSI", "exchangeName": "NSE", "exchangeDataDelayedBy": 15, "marketState": "CLOSED", "quoteType": "EQUITY", "symbol": "POLYPLEX.NS", "underlyingSymbol": null, "shortName": "POLYPLEX CORP", "longName": "Polyplex Corporation Limited", "currency": "INR", "quoteSourceName": "Delayed Quote", "currencySymbol": "\u20b9", "fromCurrency": null, "lastMarket": null, "marketCap": 30069225472}, "balanceSheetHistory": {"balanceSheetStatements": [{"maxAge": 1, "endDate": "2020-03-31", "cash": 4438878000, "shortTermInvestments": 5139443000, "netReceivables": 7302098000, "inventory": 6778120000, "otherCurrentAssets": 1255191000, "totalCurrentAssets": 25733549000, "longTermInvestments": 2231977000, "propertyPlantEquipment": 28503285000, "goodWill": 2607000, "intangibleAssets": 3019000, "otherAssets": 1148087000, "deferredLongTermAssetCharges": 231618000, "totalAssets": 57622524000, "accountsPayable": 2399399000, "shortLongTermDebt": 701351000, "otherCurrentLiab": 2014803000, "longTermDebt": 4311870000, "otherLiab": 610789000, "minorityInterest": 14574142000, "totalCurrentLiabilities": 7809983000, "totalLiab": 12755801000, "commonStock": 319846000, "retainedEarnings": 22501682000, "treasuryStock": 6082416000, "capitalSurplus": 1388637000, "otherStockholderEquity": 6082416000, "totalStockholderEquity": 30292581000, "netTangibleAssets": 30286955000}, {"maxAge": 1, "endDate": "2019-03-31", "cash": 3337006000, "shortTermInvestments": 4474361000, "netReceivables": 6563413000, "inventory": 6640907000, "otherCurrentAssets": 1100788000, "totalCurrentAssets": 22283782000, "longTermInvestments": 3907635000, "propertyPlantEquipment": 24194208000, "goodWill": 2199000, "intangibleAssets": 4997000, "otherAssets": 1686339000, "deferredLongTermAssetCharges": 558614000, "totalAssets": 52079160000, "accountsPayable": 2353007000, "shortLongTermDebt": 1215045000, "otherCurrentLiab": 1562046000, "longTermDebt": 2454804000, "otherLiab": 158617000, "minorityInterest": 12351876000, "totalCurrentLiabilities": 9401451000, "totalLiab": 12014872000, "commonStock": 319846000, "retainedEarnings": 21376636000, "treasuryStock": 4627293000, "capitalSurplus": 1388637000, "otherStockholderEquity": 4627293000, "totalStockholderEquity": 27712412000, "netTangibleAssets": 27705216000}, {"maxAge": 1, "endDate": "2018-03-31", "cash": 3593480000, "shortTermInvestments": 4201305000, "netReceivables": 6023747000, "inventory": 5665304000, "otherCurrentAssets": 887151000, "totalCurrentAssets": 20436169000, "longTermInvestments": 4698959000, "propertyPlantEquipment": 22218511000, "goodWill": 1906000, "intangibleAssets": 7085000, "otherAssets": 1316971000, "deferredLongTermAssetCharges": 493477000, "totalAssets": 48679601000, "accountsPayable": 2674639000, "shortLongTermDebt": 1236417000, "otherCurrentLiab": 994078000, "longTermDebt": 2548197000, "otherLiab": 100948000, "minorityInterest": 10722139000, "totalCurrentLiabilities": 9826048000, "totalLiab": 12475193000, "commonStock": 319846000, "retainedEarnings": 19525463000, "treasuryStock": 4248323000, "capitalSurplus": 1388637000, "otherStockholderEquity": 4248323000, "totalStockholderEquity": 25482269000, "netTangibleAssets": 25473278000}, {"maxAge": 1, "endDate": "2017-03-31", "cash": 2001723000, "shortTermInvestments": 1835820000, "netReceivables": 5120972000, "inventory": 4357189000, "otherCurrentAssets": 531084000, "totalCurrentAssets": 13898989000, "longTermInvestments": 6976929000, "propertyPlantEquipment": 21905425000, "goodWill": 1255000, "intangibleAssets": 7512000, "otherAssets": 769801000, "deferredLongTermAssetCharges": 528753000, "totalAssets": 43559911000, "accountsPayable": 2561582000, "shortLongTermDebt": 1470634000, "otherCurrentLiab": 807803000, "longTermDebt": 4106447000, "otherLiab": 91131000, "minorityInterest": 8848721000, "totalCurrentLiabilities": 7486879000, "totalLiab": 11687526000, "commonStock": 319846000, "retainedEarnings": 18212222000, "treasuryStock": 3102959000, "capitalSurplus": 1388637000, "otherStockholderEquity": 3102959000, "totalStockholderEquity": 23023664000, "netTangibleAssets": 23014897000}], "maxAge": 86400}, "financialData": {"maxAge": 86400, "currentPrice": 958.4, "recommendationKey": "none", "totalCash": 12315100160, "totalCashPerShare": 392.253, "ebitda": 11279502336, "totalDebt": 6017099776, "totalRevenue": 48140226560, "debtToEquity": 12.485, "revenuePerShare": 1521.963, "grossProfits": 19321170000, "earningsGrowth": 0.886, "revenueGrowth": 0.133, "grossMargins": 0.48821, "ebitdaMargins": 0.2343, "operatingMargins": 0.17511, "profitMargins": 0.08505999, "financialCurrency": "INR"}}}