{"POLYTEX.BO": {"cashflowStatementHistory": {"cashflowStatements": [{"maxAge": 1, "endDate": "2020-03-31", "netIncome": 565694, "changeToNetincome": -7337429, "changeToLiabilities": 46210, "changeToOperatingActivities": -343899, "totalCashFromOperatingActivities": -7069424, "otherCashflowsFromInvestingActivities": 7178007, "totalCashflowsFromInvestingActivities": -19660976, "netBorrowings": 30000000, "totalCashFromFinancingActivities": 30000000, "changeInCash": 3269600}, {"maxAge": 1, "endDate": "2019-03-31", "netIncome": 974975, "changeToNetincome": -7389941, "changeToLiabilities": -340957, "changeToOperatingActivities": -834425, "totalCashFromOperatingActivities": -7590348, "otherCashflowsFromInvestingActivities": 7343918, "totalCashflowsFromInvestingActivities": 7474115, "netBorrowings": 30000000, "totalCashFromFinancingActivities": 30000000, "changeInCash": -116233}, {"maxAge": 1, "endDate": "2018-03-31", "netIncome": 1690281, "changeToNetincome": -7621709, "changeToLiabilities": -3270795, "changeToOperatingActivities": 1407514, "totalCashFromOperatingActivities": -7794709, "otherCashflowsFromInvestingActivities": 7698873, "totalCashflowsFromInvestingActivities": 7698873, "netBorrowings": 30000000, "totalCashFromFinancingActivities": 30000000, "changeInCash": -95836}, {"maxAge": 1, "endDate": "2017-03-31", "netIncome": 1317153, "changeToNetincome": -9251030, "changeToLiabilities": -11609643, "changeToOperatingActivities": 10607260, "totalCashFromOperatingActivities": -8936260, "otherCashflowsFromInvestingActivities": 9098536, "totalCashflowsFromInvestingActivities": 9098536, "netBorrowings": 30000000, "totalCashFromFinancingActivities": 30000000, "changeInCash": 162276}], "maxAge": 86400}, "institutionOwnership": {"maxAge": 1, "ownershipList": []}, "balanceSheetHistoryQuarterly": {"balanceSheetStatements": [{"maxAge": 1, "endDate": "2020-06-30", "totalStockholderEquity": 152425000, "netTangibleAssets": 152409000}, {"maxAge": 1, "endDate": "2020-03-31", "cash": 3548045, "netReceivables": 150683987, "otherCurrentAssets": 1429261, "totalCurrentAssets": 155661293, "longTermInvestments": 28512000, "propertyPlantEquipment": 41183, "intangibleAssets": 15730, "totalAssets": 184230206, "accountsPayable": 892361, "otherCurrentLiab": 130309, "longTermDebt": 30000000, "otherLiab": 621922, "totalCurrentLiabilities": 1183064, "totalLiab": 31804986, "commonStock": 135000000, "retainedEarnings": 17425220, "totalStockholderEquity": 152425220, "netTangibleAssets": 152409490}, {"maxAge": 1, "endDate": "2019-12-31", "totalStockholderEquity": 152537000, "netTangibleAssets": 152521000}, {"maxAge": 1, "endDate": "2019-09-30", "cash": 545000, "netReceivables": 124283000, "totalCurrentAssets": 124828000, "longTermInvestments": 29884000, "propertyPlantEquipment": 41000, "intangibleAssets": 16000, "totalAssets": 154769000, "accountsPayable": 1001000, "otherCurrentLiab": 1108000, "otherLiab": 123000, "totalCurrentLiabilities": 2109000, "totalLiab": 2232000, "commonStock": 135000000, "retainedEarnings": 565000, "treasuryStock": 16972000, "otherStockholderEquity": 16972000, "totalStockholderEquity": 152537000, "netTangibleAssets": 152521000}], "maxAge": 86400}, "indexTrend": {"maxAge": 1, "symbol": "SP5", "peRatio": 19.7411, "pegRatio": 1.34172, "estimates": [{"period": "0q", "growth": 0.549}, {"period": "+1q", "growth": 0.431}, {"period": "0y", "growth": 0.305}, {"period": "+1y", "growth": 0.109}, {"period": "+5y", "growth": 0.120859005}, {"period": "-5y"}]}, "insiderTransactions": {"transactions": [{"maxAge": 1, "shares": 10000, "filerUrl": "", "transactionText": "", "filerName": "Anugrah Stock & Broking Pvt Ltd", "filerRelation": "UNREPORTED", "moneyText": "", "startDate": "2012-12-31", "ownership": "D"}, {"maxAge": 1, "shares": 10000, "filerUrl": "", "transactionText": "", "filerName": "Kariya (Arvind Mulji)", "filerRelation": "Wholetime Director", "moneyText": "", "startDate": "2012-12-31", "ownership": "D"}, {"maxAge": 1, "shares": 50000, "filerUrl": "", "transactionText": "", "filerName": "Anugrah Stock & Broking Pvt Ltd", "filerRelation": "UNREPORTED", "moneyText": "", "startDate": "2012-12-26", "ownership": "D"}, {"maxAge": 1, "shares": 50000, "filerUrl": "", "transactionText": "", "filerName": "Kariya (Arvind Mulji)", "filerRelation": "Wholetime Director", "moneyText": "", "startDate": "2012-12-26", "ownership": "D"}, {"maxAge": 1, "shares": 50000, "filerUrl": "", "transactionText": "", "filerName": "Anugrah Stock & Broking Pvt Ltd", "filerRelation": "UNREPORTED", "moneyText": "", "startDate": "2012-12-24", "ownership": "D"}, {"maxAge": 1, "shares": 50000, "filerUrl": "", "transactionText": "", "filerName": "Kariya (Arvind Mulji)", "filerRelation": "Wholetime Director", "moneyText": "", "startDate": "2012-12-24", "ownership": "D"}, {"maxAge": 1, "shares": 50000, "filerUrl": "", "transactionText": "", "filerName": "Anugrah Stock & Broking Pvt Ltd", "filerRelation": "UNREPORTED", "moneyText": "", "startDate": "2012-12-21", "ownership": "D"}, {"maxAge": 1, "shares": 50000, "filerUrl": "", "transactionText": "", "filerName": "Kariya (Arvind Mulji)", "filerRelation": "Wholetime Director", "moneyText": "", "startDate": "2012-12-21", "ownership": "D"}], "maxAge": 1}, "quoteType": {"exchange": "BSE", "quoteType": "EQUITY", "symbol": "POLYTEX.BO", "underlyingSymbol": "POLYTEX.BO", "shortName": "POLYTEX INDIA LTD.", "longName": "Polytex India Limited", "firstTradeDateEpochUtc": "2005-11-16 09:15:00", "timeZoneFullName": "Asia/Kolkata", "timeZoneShortName": "IST", "uuid": "677de2d0-02c4-3221-9beb-270fa77f985c", "messageBoardId": null, "gmtOffSetMilliseconds": 19800000, "maxAge": 1}, "incomeStatementHistory": {"incomeStatementHistory": [{"maxAge": 1, "endDate": "2020-03-31", "totalRevenue": 7539966, "costOfRevenue": 0, "grossProfit": 7539966, "researchDevelopment": {}, "sellingGeneralAdministrative": 5039819, "nonRecurring": {}, "otherOperatingExpenses": 1832148, "totalOperatingExpenses": 6871967, "operatingIncome": 667999, "totalOtherIncomeExpenseNet": 10669, "ebit": 0, "interestExpense": {}, "incomeBeforeTax": 678668, "incomeTaxExpense": 112974, "minorityInterest": {}, "netIncomeFromContinuingOps": 565694, "discontinuedOperations": {}, "extraordinaryItems": {}, "effectOfAccountingCharges": {}, "otherItems": {}, "netIncome": 565694, "netIncomeApplicableToCommonShares": 565694}, {"maxAge": 1, "endDate": "2019-03-31", "totalRevenue": 7367388, "costOfRevenue": 0, "grossProfit": 7367388, "researchDevelopment": {}, "sellingGeneralAdministrative": 5121543, "nonRecurring": {}, "otherOperatingExpenses": 930024, "totalOperatingExpenses": 6051567, "operatingIncome": 1315821, "totalOtherIncomeExpenseNet": 0, "ebit": 0, "interestExpense": {}, "incomeBeforeTax": 1315821, "incomeTaxExpense": 340846, "minorityInterest": {}, "netIncomeFromContinuingOps": 974975, "discontinuedOperations": {}, "extraordinaryItems": {}, "effectOfAccountingCharges": {}, "otherItems": {}, "netIncome": 974975, "netIncomeApplicableToCommonShares": 974975}, {"maxAge": 1, "endDate": "2018-03-31", "totalRevenue": 7704763, "costOfRevenue": 0, "grossProfit": 7704763, "researchDevelopment": {}, "sellingGeneralAdministrative": 4190318, "nonRecurring": {}, "otherOperatingExpenses": 947112, "totalOperatingExpenses": 5137430, "operatingIncome": 2567333, "totalOtherIncomeExpenseNet": 0, "ebit": 0, "interestExpense": {}, "incomeBeforeTax": 2567333, "incomeTaxExpense": 877052, "minorityInterest": {}, "netIncomeFromContinuingOps": 1690281, "discontinuedOperations": {}, "extraordinaryItems": {}, "effectOfAccountingCharges": {}, "otherItems": {}, "netIncome": 1690281, "netIncomeApplicableToCommonShares": 1690281}, {"maxAge": 1, "endDate": "2017-03-31", "totalRevenue": 7882361, "costOfRevenue": 0, "grossProfit": 7882361, "researchDevelopment": {}, "sellingGeneralAdministrative": 4858059, "nonRecurring": {}, "otherOperatingExpenses": 1132671, "totalOperatingExpenses": 5990730, "operatingIncome": 1891631, "totalOtherIncomeExpenseNet": 0, "ebit": 0, "interestExpense": {}, "incomeBeforeTax": 1891631, "incomeTaxExpense": 574478, "minorityInterest": {}, "netIncomeFromContinuingOps": 1317153, "discontinuedOperations": {}, "extraordinaryItems": {}, "effectOfAccountingCharges": {}, "otherItems": {}, "netIncome": 1317153, "netIncomeApplicableToCommonShares": 1317153}], "maxAge": 86400}, "fundOwnership": {"maxAge": 1, "ownershipList": []}, "summaryDetail": {"maxAge": 1, "priceHint": 4, "previousClose": 1.14, "open": 1.12, "dayLow": 1.12, "dayHigh": 1.16, "regularMarketPreviousClose": 1.14, "regularMarketOpen": 1.12, "regularMarketDayLow": 1.12, "regularMarketDayHigh": 1.16, "trailingPE": 15.555556, "volume": 31245, "regularMarketVolume": 31245, "averageVolume": 1589, "averageVolume10days": 0, "averageDailyVolume10Day": 0, "bid": 1.12, "ask": 0.0, "marketCap": 15120000, "fiftyTwoWeekLow": 0.46, "fiftyTwoWeekHigh": 1.57, "fiftyDayAverage": 1.4114286, "twoHundredDayAverage": 0.81309354, "currency": "INR", "fromCurrency": null, "toCurrency": null, "lastMarket": null, "algorithm": null, "tradeable": false}, "incomeStatementHistoryQuarterly": {"incomeStatementHistory": [{"maxAge": 1, "endDate": "2020-06-30", "totalRevenue": 3873000, "costOfRevenue": 0, "grossProfit": 3873000, "researchDevelopment": {}, "sellingGeneralAdministrative": 863000, "nonRecurring": {}, "otherOperatingExpenses": 2602000, "totalOperatingExpenses": 3465000, "operatingIncome": 408000, "totalOtherIncomeExpenseNet": 0, "ebit": 0, "interestExpense": {}, "incomeBeforeTax": 408000, "incomeTaxExpense": 0, "minorityInterest": {}, "netIncomeFromContinuingOps": 408000, "discontinuedOperations": {}, "extraordinaryItems": {}, "effectOfAccountingCharges": {}, "otherItems": {}, "netIncome": 408000, "netIncomeApplicableToCommonShares": 408000}, {"maxAge": 1, "endDate": "2020-03-31", "totalRevenue": 2008966, "costOfRevenue": 0, "grossProfit": 2008966, "researchDevelopment": {}, "sellingGeneralAdministrative": 2386819, "nonRecurring": {}, "otherOperatingExpenses": -464852, "totalOperatingExpenses": 1921967, "operatingIncome": 86999, "totalOtherIncomeExpenseNet": 10669, "ebit": 0, "interestExpense": {}, "incomeBeforeTax": 97668, "incomeTaxExpense": 112974, "minorityInterest": {}, "netIncomeFromContinuingOps": -15306, "discontinuedOperations": {}, "extraordinaryItems": {}, "effectOfAccountingCharges": {}, "otherItems": {}, "netIncome": -15306, "netIncomeApplicableToCommonShares": -15306}, {"maxAge": 1, "endDate": "2019-12-31", "totalRevenue": 1974000, "costOfRevenue": 0, "grossProfit": 1974000, "researchDevelopment": {}, "sellingGeneralAdministrative": 900000, "nonRecurring": {}, "otherOperatingExpenses": 701000, "totalOperatingExpenses": 1601000, "operatingIncome": 373000, "totalOtherIncomeExpenseNet": 0, "ebit": 0, "interestExpense": {}, "incomeBeforeTax": 373000, "incomeTaxExpense": 0, "minorityInterest": {}, "netIncomeFromContinuingOps": 373000, "discontinuedOperations": {}, "extraordinaryItems": {}, "effectOfAccountingCharges": {}, "otherItems": {}, "netIncome": 373000, "netIncomeApplicableToCommonShares": 373000}, {"maxAge": 1, "endDate": "2019-09-30", "totalRevenue": 1718000, "costOfRevenue": 0, "grossProfit": 1718000, "researchDevelopment": {}, "sellingGeneralAdministrative": 919000, "nonRecurring": {}, "otherOperatingExpenses": 564000, "totalOperatingExpenses": 1483000, "operatingIncome": 235000, "totalOtherIncomeExpenseNet": 0, "ebit": 0, "interestExpense": {}, "incomeBeforeTax": 235000, "incomeTaxExpense": 0, "minorityInterest": {}, "netIncomeFromContinuingOps": 235000, "discontinuedOperations": {}, "extraordinaryItems": {}, "effectOfAccountingCharges": {}, "otherItems": {}, "netIncome": 235000, "netIncomeApplicableToCommonShares": 235000}], "maxAge": 86400}, "cashflowStatementHistoryQuarterly": {"cashflowStatements": [{"maxAge": 1, "endDate": "2020-06-30", "netIncome": 408000, "changeToLiabilities": 0}, {"maxAge": 1, "endDate": "2020-03-31", "netIncome": -15306, "changeToLiabilities": 0}, {"maxAge": 1, "endDate": "2019-12-31", "netIncome": 373000, "changeToLiabilities": 0}, {"maxAge": 1, "endDate": "2019-09-30", "netIncome": 235000, "changeToLiabilities": 0}], "maxAge": 86400}, "insiderHolders": {"holders": [{"maxAge": 1, "name": "Anugrah Stock & Broking Pvt Ltd", "relation": "UNREPORTED", "url": "", "transactionDescription": "Acquisition", "latestTransDate": "2012-12-31", "positionDirect": 460000, "positionDirectDate": "2012-12-31"}, {"maxAge": 1, "name": "Kariya (Arvind Mulji)", "relation": "Wholetime Director", "url": "", "transactionDescription": "Sale", "latestTransDate": "2012-12-31", "positionDirect": 2387500, "positionDirectDate": "2012-12-31"}], "maxAge": 1}, "calendarEvents": {"maxAge": 1, "earnings": {"earningsDate": []}}, "price": {"maxAge": 1, "regularMarketChangePercent": -0.017543843, "regularMarketChange": -0.01999998, "regularMarketTime": "2021-04-30 10:45:54", "priceHint": 4, "regularMarketPrice": 1.12, "regularMarketDayHigh": 1.16, "regularMarketDayLow": 1.12, "regularMarketVolume": 31245, "averageDailyVolume10Day": 0, "averageDailyVolume3Month": 1589, "regularMarketPreviousClose": 1.14, "regularMarketSource": "FREE_REALTIME", "regularMarketOpen": 1.12, "exchange": "BSE", "exchangeName": "BSE", "exchangeDataDelayedBy": 0, "marketState": "CLOSED", "quoteType": "EQUITY", "symbol": "POLYTEX.BO", "underlyingSymbol": null, "shortName": "POLYTEX INDIA LTD.", "longName": "Polytex India Limited", "currency": "INR", "quoteSourceName": "Delayed Quote", "currencySymbol": "\u20b9", "fromCurrency": null, "toCurrency": null, "lastMarket": null, "marketCap": 15120000}, "balanceSheetHistory": {"balanceSheetStatements": [{"maxAge": 1, "endDate": "2020-03-31", "cash": 3548045, "netReceivables": 150683987, "otherCurrentAssets": 1429261, "totalCurrentAssets": 155661293, "longTermInvestments": 28512000, "propertyPlantEquipment": 41183, "intangibleAssets": 15730, "totalAssets": 184230206, "accountsPayable": 892361, "otherCurrentLiab": 130309, "longTermDebt": 30000000, "otherLiab": 621922, "totalCurrentLiabilities": 1183064, "totalLiab": 31804986, "commonStock": 135000000, "retainedEarnings": 17425220, "totalStockholderEquity": 152425220, "netTangibleAssets": 152409490}, {"maxAge": 1, "endDate": "2019-03-31", "cash": 278444, "netReceivables": 123845004, "otherCurrentAssets": 1564879, "totalCurrentAssets": 125688327, "longTermInvestments": 28350000, "propertyPlantEquipment": 41183, "intangibleAssets": 15730, "totalAssets": 154095240, "accountsPayable": 846150, "otherCurrentLiab": 73930, "otherLiab": 1196454, "totalCurrentLiabilities": 1039260, "totalLiab": 2235714, "commonStock": 135000000, "retainedEarnings": 16859526, "totalStockholderEquity": 151859526, "netTangibleAssets": 151843796}, {"maxAge": 1, "endDate": "2018-03-31", "cash": 394677, "netReceivables": 124457258, "totalCurrentAssets": 124851935, "longTermInvestments": 28350000, "propertyPlantEquipment": 41182, "intangibleAssets": 15730, "totalAssets": 153258847, "otherCurrentLiab": 236693, "otherLiab": 119156, "totalCurrentLiabilities": 1788760, "totalLiab": 1907916, "commonStock": 135000000, "retainedEarnings": 16350931, "totalStockholderEquity": 151350931, "netTangibleAssets": 151335201}, {"maxAge": 1, "endDate": "2017-03-31", "cash": 490513, "netReceivables": 125864772, "totalCurrentAssets": 126355285, "longTermInvestments": 28350000, "propertyPlantEquipment": 41182, "intangibleAssets": 15730, "totalAssets": 154762197, "accountsPayable": 4165778, "otherCurrentLiab": -95990, "otherLiab": 119157, "totalCurrentLiabilities": 4982390, "totalLiab": 5101547, "commonStock": 135000000, "retainedEarnings": 14660650, "totalStockholderEquity": 149660650, "netTangibleAssets": 149644920}], "maxAge": 86400}, "financialData": {"maxAge": 86400, "currentPrice": 1.12, "recommendationKey": "none", "grossProfits": 7539966, "financialCurrency": "INR"}}}