{"POLYLINK.BO": {"cashflowStatementHistory": {"cashflowStatements": [{"maxAge": 1, "endDate": "2020-03-31", "netIncome": 10668000, "depreciation": 8961000, "changeToNetincome": 4434000, "changeToAccountReceivables": 11423000, "changeToLiabilities": 5540000, "changeToInventory": -1434000, "changeToOperatingActivities": -1630000, "totalCashFromOperatingActivities": 37962000, "capitalExpenditures": -5905000, "otherCashflowsFromInvestingActivities": -1841000, "totalCashflowsFromInvestingActivities": -7746000, "netBorrowings": -26308000, "otherCashflowsFromFinancingActivities": -3055000, "totalCashFromFinancingActivities": -29363000, "changeInCash": 853000}, {"maxAge": 1, "endDate": "2019-03-31", "netIncome": 11139000, "depreciation": 8713000, "changeToNetincome": 3908000, "changeToAccountReceivables": -20702000, "changeToLiabilities": 623000, "changeToInventory": -3185000, "changeToOperatingActivities": 3440000, "totalCashFromOperatingActivities": 3936000, "capitalExpenditures": -8212000, "otherCashflowsFromInvestingActivities": 4128000, "totalCashflowsFromInvestingActivities": -4084000, "netBorrowings": 3590000, "otherCashflowsFromFinancingActivities": -3914000, "totalCashFromFinancingActivities": -324000, "changeInCash": -472000}, {"maxAge": 1, "endDate": "2018-03-31", "netIncome": 14874000, "depreciation": 8991000, "changeToNetincome": 7441000, "changeToAccountReceivables": -11474000, "changeToLiabilities": -3994000, "changeToInventory": -5802000, "changeToOperatingActivities": 8778000, "totalCashFromOperatingActivities": 18814000, "capitalExpenditures": -12773000, "otherCashflowsFromInvestingActivities": -2759000, "totalCashflowsFromInvestingActivities": -15532000, "netBorrowings": 323000, "otherCashflowsFromFinancingActivities": -3667000, "totalCashFromFinancingActivities": -3344000, "changeInCash": -62000}, {"maxAge": 1, "endDate": "2017-03-31", "netIncome": 11419000, "depreciation": 7497000, "changeToNetincome": 7615000, "changeToAccountReceivables": -13244000, "changeToLiabilities": 10023000, "changeToInventory": -10355000, "changeToOperatingActivities": -506000, "totalCashFromOperatingActivities": 12449000, "capitalExpenditures": -3758000, "otherCashflowsFromInvestingActivities": -915000, "totalCashflowsFromInvestingActivities": -4438000, "netBorrowings": -6461000, "otherCashflowsFromFinancingActivities": -3110000, "totalCashFromFinancingActivities": -9571000, "changeInCash": -1560000}], "maxAge": 86400}, "institutionOwnership": {"maxAge": 1, "ownershipList": []}, "balanceSheetHistoryQuarterly": {"balanceSheetStatements": [{"maxAge": 1, "endDate": "2020-06-30"}, {"maxAge": 1, "endDate": "2020-03-31", "cash": 2260000, "netReceivables": 73417000, "inventory": 41793000, "otherCurrentAssets": 3878000, "totalCurrentAssets": 121952000, "propertyPlantEquipment": 157515000, "otherAssets": 2347000, "totalAssets": 281814000, "accountsPayable": 28402000, "otherCurrentLiab": 3341000, "otherLiab": 4656000, "totalCurrentLiabilities": 42007000, "totalLiab": 48081000, "commonStock": 110558000, "retainedEarnings": 122506000, "treasuryStock": 669000, "otherStockholderEquity": 669000, "totalStockholderEquity": 233733000, "netTangibleAssets": 233733000}, {"maxAge": 1, "endDate": "2019-12-31", "totalStockholderEquity": 227202000, "netTangibleAssets": 227202000}, {"maxAge": 1, "endDate": "2019-09-30", "cash": 4400000, "netReceivables": 70872000, "inventory": 56328000, "otherCurrentAssets": 6272000, "totalCurrentAssets": 137872000, "propertyPlantEquipment": 159506000, "otherAssets": 2347000, "totalAssets": 299725000, "accountsPayable": 18898000, "otherCurrentLiab": 6709000, "otherLiab": 7639000, "totalCurrentLiabilities": 64884000, "totalLiab": 72523000, "commonStock": 110558000, "treasuryStock": 116644000, "otherStockholderEquity": 116644000, "totalStockholderEquity": 227202000, "netTangibleAssets": 227202000}], "maxAge": 86400}, "indexTrend": {"maxAge": 1, "symbol": "SP5", "peRatio": 19.7411, "pegRatio": 1.34172, "estimates": [{"period": "0q", "growth": 0.549}, {"period": "+1q", "growth": 0.431}, {"period": "0y", "growth": 0.305}, {"period": "+1y", "growth": 0.109}, {"period": "+5y", "growth": 0.120859005}, {"period": "-5y"}]}, "insiderTransactions": {"transactions": [{"maxAge": 1, "shares": 757600, "filerUrl": "", "transactionText": "Other at price 0.00 per share.", "filerName": "Kashipur Holdings Ltd", "filerRelation": "Promoter", "moneyText": "", "startDate": "2020-09-18", "ownership": "D"}], "maxAge": 1}, "quoteType": {"exchange": "BSE", "quoteType": "EQUITY", "symbol": "POLYLINK.BO", "underlyingSymbol": "POLYLINK.BO", "shortName": "POLYLINK POLYMERS (INDIA) LTD.", "longName": "Polylink Polymers (India) Limited", "firstTradeDateEpochUtc": "2002-02-04 09:15:00", "timeZoneFullName": "Asia/Kolkata", "timeZoneShortName": "IST", "uuid": "ffb0fed6-21df-3908-8674-57b5f129d5d3", "messageBoardId": null, "gmtOffSetMilliseconds": 19800000, "maxAge": 1}, "incomeStatementHistory": {"incomeStatementHistory": [{"maxAge": 1, "endDate": "2020-03-31", "totalRevenue": 473398000, "costOfRevenue": 350735000, "grossProfit": 122663000, "researchDevelopment": {}, "sellingGeneralAdministrative": 29028000, "nonRecurring": {}, "otherOperatingExpenses": 70391000, "totalOperatingExpenses": 459115000, "operatingIncome": 14283000, "totalOtherIncomeExpenseNet": 181000, "ebit": 14283000, "interestExpense": -3090000, "incomeBeforeTax": 14464000, "incomeTaxExpense": 3796000, "minorityInterest": {}, "netIncomeFromContinuingOps": 10668000, "discontinuedOperations": {}, "extraordinaryItems": {}, "effectOfAccountingCharges": {}, "otherItems": {}, "netIncome": 10668000, "netIncomeApplicableToCommonShares": 10668000}, {"maxAge": 1, "endDate": "2019-03-31", "totalRevenue": 473110000, "costOfRevenue": 351083000, "grossProfit": 122027000, "researchDevelopment": {}, "sellingGeneralAdministrative": 30444000, "nonRecurring": {}, "otherOperatingExpenses": 65465000, "totalOperatingExpenses": 455705000, "operatingIncome": 17405000, "totalOtherIncomeExpenseNet": -1591000, "ebit": 17405000, "interestExpense": -3753000, "incomeBeforeTax": 15814000, "incomeTaxExpense": 4675000, "minorityInterest": {}, "netIncomeFromContinuingOps": 11139000, "discontinuedOperations": {}, "extraordinaryItems": {}, "effectOfAccountingCharges": {}, "otherItems": {}, "netIncome": 11139000, "netIncomeApplicableToCommonShares": 11139000}, {"maxAge": 1, "endDate": "2018-03-31", "totalRevenue": 348355000, "costOfRevenue": 236565000, "grossProfit": 111790000, "researchDevelopment": {}, "sellingGeneralAdministrative": 25310000, "nonRecurring": {}, "otherOperatingExpenses": 53049000, "totalOperatingExpenses": 323915000, "operatingIncome": 24440000, "totalOtherIncomeExpenseNet": -1967000, "ebit": 24440000, "interestExpense": -3054000, "incomeBeforeTax": 22473000, "incomeTaxExpense": 7599000, "minorityInterest": {}, "netIncomeFromContinuingOps": 14874000, "discontinuedOperations": {}, "extraordinaryItems": {}, "effectOfAccountingCharges": {}, "otherItems": {}, "netIncome": 14874000, "netIncomeApplicableToCommonShares": 14874000}, {"maxAge": 1, "endDate": "2017-03-31", "totalRevenue": 324330000, "costOfRevenue": 225265000, "grossProfit": 99065000, "researchDevelopment": {}, "sellingGeneralAdministrative": 22659000, "nonRecurring": {}, "otherOperatingExpenses": 50106000, "totalOperatingExpenses": 305527000, "operatingIncome": 18803000, "totalOtherIncomeExpenseNet": -1448000, "ebit": 18803000, "interestExpense": -3046000, "incomeBeforeTax": 17355000, "incomeTaxExpense": 5936000, "minorityInterest": {}, "netIncomeFromContinuingOps": 11419000, "discontinuedOperations": {}, "extraordinaryItems": {}, "effectOfAccountingCharges": {}, "otherItems": {}, "netIncome": 11419000, "netIncomeApplicableToCommonShares": 11419000}], "maxAge": 86400}, "fundOwnership": {"maxAge": 1, "ownershipList": []}, "summaryDetail": {"maxAge": 1, "priceHint": 2, "previousClose": 14.16, "open": 14.78, "dayLow": 14.12, "dayHigh": 14.98, "regularMarketPreviousClose": 14.16, "regularMarketOpen": 14.78, "regularMarketDayLow": 14.12, "regularMarketDayHigh": 14.98, "trailingPE": 49.79798, "volume": 5724, "regularMarketVolume": 5724, "averageVolume": 8737, "averageVolume10days": 13911, "averageDailyVolume10Day": 13911, "bid": 14.36, "ask": 14.79, "bidSize": 0, "askSize": 0, "marketCap": 327029088, "fiftyTwoWeekLow": 5.48, "fiftyTwoWeekHigh": 16.65, "fiftyDayAverage": 11.268572, "twoHundredDayAverage": 11.580073, "currency": "INR", "fromCurrency": null, "toCurrency": null, "lastMarket": null, "algorithm": null, "tradeable": false}, "incomeStatementHistoryQuarterly": {"incomeStatementHistory": [{"maxAge": 1, "endDate": "2020-06-30", "totalRevenue": 52839000, "costOfRevenue": 37829000, "grossProfit": 15010000, "researchDevelopment": {}, "sellingGeneralAdministrative": 5278000, "nonRecurring": {}, "otherOperatingExpenses": 7584000, "totalOperatingExpenses": 52810000, "operatingIncome": 29000, "totalOtherIncomeExpenseNet": -235000, "ebit": 29000, "interestExpense": -235000, "incomeBeforeTax": -206000, "incomeTaxExpense": -95000, "minorityInterest": {}, "netIncomeFromContinuingOps": -111000, "discontinuedOperations": {}, "extraordinaryItems": {}, "effectOfAccountingCharges": {}, "otherItems": {}, "netIncome": -111000, "netIncomeApplicableToCommonShares": -111000}, {"maxAge": 1, "endDate": "2020-03-31", "totalRevenue": 109899000, "costOfRevenue": 67432000, "grossProfit": 42467000, "researchDevelopment": {}, "sellingGeneralAdministrative": 6554000, "nonRecurring": {}, "otherOperatingExpenses": 32696000, "totalOperatingExpenses": 108880000, "operatingIncome": 1019000, "totalOtherIncomeExpenseNet": 2945000, "ebit": 1019000, "interestExpense": -326000, "incomeBeforeTax": 3964000, "incomeTaxExpense": 789000, "minorityInterest": {}, "netIncomeFromContinuingOps": 3175000, "discontinuedOperations": {}, "extraordinaryItems": {}, "effectOfAccountingCharges": {}, "otherItems": {}, "netIncome": 3175000, "netIncomeApplicableToCommonShares": 3175000}, {"maxAge": 1, "endDate": "2019-12-31", "totalRevenue": 114980000, "costOfRevenue": 87456000, "grossProfit": 27524000, "researchDevelopment": {}, "sellingGeneralAdministrative": 7370000, "nonRecurring": {}, "otherOperatingExpenses": 12208000, "totalOperatingExpenses": 109313000, "operatingIncome": 5667000, "totalOtherIncomeExpenseNet": -655000, "ebit": 5667000, "interestExpense": -655000, "incomeBeforeTax": 5012000, "incomeTaxExpense": 1577000, "minorityInterest": {}, "netIncomeFromContinuingOps": 3435000, "discontinuedOperations": {}, "extraordinaryItems": {}, "effectOfAccountingCharges": {}, "otherItems": {}, "netIncome": 3435000, "netIncomeApplicableToCommonShares": 3435000}, {"maxAge": 1, "endDate": "2019-09-30", "totalRevenue": 97189000, "costOfRevenue": 74951000, "grossProfit": 22238000, "researchDevelopment": {}, "sellingGeneralAdministrative": 7903000, "nonRecurring": {}, "otherOperatingExpenses": 11386000, "totalOperatingExpenses": 96322000, "operatingIncome": 867000, "totalOtherIncomeExpenseNet": -981000, "ebit": 867000, "interestExpense": -981000, "incomeBeforeTax": -114000, "incomeTaxExpense": -195000, "minorityInterest": {}, "netIncomeFromContinuingOps": 81000, "discontinuedOperations": {}, "extraordinaryItems": {}, "effectOfAccountingCharges": {}, "otherItems": {}, "netIncome": 81000, "netIncomeApplicableToCommonShares": 81000}], "maxAge": 86400}, "cashflowStatementHistoryQuarterly": {"cashflowStatements": [{"maxAge": 1, "endDate": "2020-06-30", "netIncome": -111000, "changeToLiabilities": 0}, {"maxAge": 1, "endDate": "2020-03-31", "netIncome": 3175000, "changeToLiabilities": 0}, {"maxAge": 1, "endDate": "2019-12-31", "netIncome": 3435000, "changeToLiabilities": 0}, {"maxAge": 1, "endDate": "2019-09-30", "netIncome": 81000, "changeToLiabilities": 0}], "maxAge": 86400}, "insiderHolders": {"holders": [{"maxAge": 1, "name": "Kashipur Holdings Ltd", "relation": "Promoter", "url": "", "transactionDescription": "Other", "latestTransDate": "2020-09-18", "positionDirect": 8272600, "positionDirectDate": "2020-09-18"}], "maxAge": 1}, "calendarEvents": {"maxAge": 1, "earnings": {"earningsDate": []}}, "price": {"maxAge": 1, "regularMarketChangePercent": 0.044491533, "regularMarketChange": 0.6300001, "regularMarketTime": "2021-04-30 15:29:00", "priceHint": 2, "regularMarketPrice": 14.79, "regularMarketDayHigh": 14.98, "regularMarketDayLow": 14.12, "regularMarketVolume": 5724, "averageDailyVolume10Day": 13911, "averageDailyVolume3Month": 8737, "regularMarketPreviousClose": 14.16, "regularMarketSource": "FREE_REALTIME", "regularMarketOpen": 14.78, "exchange": "BSE", "exchangeName": "BSE", "exchangeDataDelayedBy": 0, "marketState": "CLOSED", "quoteType": "EQUITY", "symbol": "POLYLINK.BO", "underlyingSymbol": null, "shortName": "POLYLINK POLYMERS (INDIA) LTD.", "longName": "Polylink Polymers (India) Limited", "currency": "INR", "quoteSourceName": "Delayed Quote", "currencySymbol": "\u20b9", "fromCurrency": null, "toCurrency": null, "lastMarket": null, "marketCap": 327029088}, "balanceSheetHistory": {"balanceSheetStatements": [{"maxAge": 1, "endDate": "2020-03-31", "cash": 2260000, "netReceivables": 73417000, "inventory": 41793000, "otherCurrentAssets": 3878000, "totalCurrentAssets": 121952000, "propertyPlantEquipment": 157515000, "otherAssets": 2347000, "totalAssets": 281814000, "accountsPayable": 28402000, "otherCurrentLiab": 3341000, "otherLiab": 4656000, "totalCurrentLiabilities": 42007000, "totalLiab": 48081000, "commonStock": 110558000, "retainedEarnings": 122506000, "treasuryStock": 669000, "otherStockholderEquity": 669000, "totalStockholderEquity": 233733000, "netTangibleAssets": 233733000}, {"maxAge": 1, "endDate": "2019-03-31", "cash": 1407000, "netReceivables": 86049000, "inventory": 40359000, "otherCurrentAssets": 1408000, "totalCurrentAssets": 129669000, "propertyPlantEquipment": 158961000, "otherAssets": 2077000, "totalAssets": 290707000, "accountsPayable": 22862000, "otherCurrentLiab": 5051000, "otherLiab": 2719000, "totalCurrentLiabilities": 64857000, "totalLiab": 67576000, "commonStock": 110558000, "retainedEarnings": 111838000, "treasuryStock": 735000, "otherStockholderEquity": 735000, "totalStockholderEquity": 223131000, "netTangibleAssets": 223131000}, {"maxAge": 1, "endDate": "2018-03-31", "cash": 1879000, "netReceivables": 66110000, "inventory": 37174000, "otherCurrentAssets": 4629000, "totalCurrentAssets": 110357000, "propertyPlantEquipment": 158636000, "otherAssets": 2872000, "deferredLongTermAssetCharges": 794000, "totalAssets": 271865000, "accountsPayable": 22239000, "shortLongTermDebt": 439000, "otherCurrentLiab": 4918000, "longTermDebt": 1527000, "otherLiab": 2106000, "totalCurrentLiabilities": 56226000, "totalLiab": 59859000, "commonStock": 110558000, "retainedEarnings": 100699000, "treasuryStock": 749000, "otherStockholderEquity": 749000, "totalStockholderEquity": 212006000, "netTangibleAssets": 212006000}, {"maxAge": 1, "endDate": "2017-03-31", "cash": 1941000, "netReceivables": 54714000, "inventory": 31372000, "otherCurrentAssets": 8235000, "totalCurrentAssets": 96834000, "propertyPlantEquipment": 154854000, "otherAssets": 6036000, "deferredLongTermAssetCharges": 3407000, "totalAssets": 257724000, "accountsPayable": 25789000, "otherCurrentLiab": 4405000, "otherLiab": 2231000, "totalCurrentLiabilities": 58701000, "totalLiab": 60932000, "commonStock": 110558000, "retainedEarnings": 85825000, "treasuryStock": 409000, "otherStockholderEquity": 409000, "totalStockholderEquity": 196792000, "netTangibleAssets": 196792000}], "maxAge": 86400}, "financialData": {"maxAge": 86400, "currentPrice": 14.79, "recommendationKey": "none", "grossProfits": 122663000, "financialCurrency": "INR"}}}