{"POLYMED.BO": {"recommendationTrend": {"trend": [{"period": "0m", "strongBuy": 0, "buy": 0, "hold": 0, "sell": 0, "strongSell": 0}, {"period": "-1m", "strongBuy": 0, "buy": 0, "hold": 0, "sell": 0, "strongSell": 0}, {"period": "-2m", "strongBuy": 0, "buy": 0, "hold": 0, "sell": 0, "strongSell": 0}, {"period": "-3m", "strongBuy": 0, "buy": 0, "hold": 0, "sell": 0, "strongSell": 0}], "maxAge": 86400}, "cashflowStatementHistory": {"cashflowStatements": [{"maxAge": 1, "endDate": "2020-03-31", "netIncome": 958779000, "depreciation": 396116000, "changeToNetincome": 58944000, "changeToAccountReceivables": 58996000, "changeToLiabilities": 102022000, "changeToInventory": -283040000, "changeToOperatingActivities": 1303000, "totalCashFromOperatingActivities": 1305050000, "capitalExpenditures": -1060216000, "investments": -90184000, "otherCashflowsFromInvestingActivities": 52411000, "totalCashflowsFromInvestingActivities": -1094585000, "dividendsPaid": -424746000, "netBorrowings": 319337000, "otherCashflowsFromFinancingActivities": -100161000, "totalCashFromFinancingActivities": -205067000, "changeInCash": 5398000, "issuanceOfStock": 503000}, {"maxAge": 1, "endDate": "2019-03-31", "netIncome": 653990000, "depreciation": 364460000, "changeToNetincome": 123319000, "changeToAccountReceivables": -191541000, "changeToLiabilities": 136882000, "changeToInventory": -108019000, "changeToOperatingActivities": 75736000, "totalCashFromOperatingActivities": 1064823000, "capitalExpenditures": -779972000, "investments": -282643000, "otherCashflowsFromInvestingActivities": 31145000, "totalCashflowsFromInvestingActivities": -1007363000, "dividendsPaid": -211925000, "netBorrowings": 282413000, "otherCashflowsFromFinancingActivities": -122283000, "totalCashFromFinancingActivities": -51292000, "changeInCash": 6168000, "issuanceOfStock": 503000}, {"maxAge": 1, "endDate": "2018-03-31", "netIncome": 705939000, "depreciation": 283460000, "changeToNetincome": 124148000, "changeToAccountReceivables": -151382000, "changeToLiabilities": 16617000, "changeToInventory": -110429000, "changeToOperatingActivities": -128333000, "totalCashFromOperatingActivities": 749571000, "capitalExpenditures": -824564000, "investments": -82942000, "otherCashflowsFromInvestingActivities": 24741000, "totalCashflowsFromInvestingActivities": -880309000, "dividendsPaid": -44113000, "netBorrowings": 309309000, "otherCashflowsFromFinancingActivities": -108059000, "totalCashFromFinancingActivities": 157137000, "changeInCash": 26399000, "issuanceOfStock": 503000}, {"maxAge": 1, "endDate": "2017-03-31", "netIncome": 551253000, "depreciation": 231095000, "changeToNetincome": 7829000, "changeToAccountReceivables": -131560000, "changeToLiabilities": 123202000, "changeToInventory": -179258000, "changeToOperatingActivities": -48431000, "totalCashFromOperatingActivities": 560653000, "capitalExpenditures": -586085000, "investments": -18865000, "otherCashflowsFromInvestingActivities": 22935000, "totalCashflowsFromInvestingActivities": -556721000, "dividendsPaid": -110284000, "netBorrowings": 199508000, "otherCashflowsFromFinancingActivities": -92052000, "totalCashFromFinancingActivities": -2828000, "changeInCash": 1104000, "issuanceOfStock": 503000}], "maxAge": 86400}, "institutionOwnership": {"maxAge": 1, "ownershipList": []}, "balanceSheetHistoryQuarterly": {"balanceSheetStatements": [{"maxAge": 1, "endDate": "2020-06-30", "totalStockholderEquity": 4348238000, "netTangibleAssets": 3828284000}, {"maxAge": 1, "endDate": "2020-03-31", "cash": 48574000, "shortTermInvestments": 201923000, "netReceivables": 1372292000, "inventory": 1120949000, "otherCurrentAssets": 241562000, "totalCurrentAssets": 3177880000, "longTermInvestments": 253887000, "propertyPlantEquipment": 3322013000, "goodWill": 285811000, "intangibleAssets": 234143000, "otherAssets": 399513000, "totalAssets": 7673247000, "accountsPayable": 663606000, "shortLongTermDebt": 347093000, "otherCurrentLiab": 167213000, "longTermDebt": 1105741000, "otherLiab": 215322000, "totalCurrentLiabilities": 1971114000, "totalLiab": 3325009000, "commonStock": 441235000, "retainedEarnings": 3813381000, "treasuryStock": 86688000, "capitalSurplus": 6934000, "otherStockholderEquity": 86688000, "totalStockholderEquity": 4348238000, "netTangibleAssets": 3828284000}, {"maxAge": 1, "endDate": "2019-12-31", "totalStockholderEquity": 4080628000, "netTangibleAssets": 3555204000}, {"maxAge": 1, "endDate": "2019-09-30", "cash": 581817000, "shortTermInvestments": 215458000, "netReceivables": 1361599000, "inventory": 977559000, "otherCurrentAssets": 293300000, "totalCurrentAssets": 3429733000, "longTermInvestments": 259311000, "propertyPlantEquipment": 2783279000, "goodWill": 285811000, "intangibleAssets": 239613000, "otherAssets": 180292000, "totalAssets": 7178039000, "accountsPayable": 671818000, "otherCurrentLiab": 698843000, "longTermDebt": 837187000, "otherLiab": 221549000, "totalCurrentLiabilities": 2000459000, "totalLiab": 3097411000, "commonStock": 441235000, "treasuryStock": 3639393000, "otherStockholderEquity": 3639393000, "totalStockholderEquity": 4080628000, "netTangibleAssets": 3555204000}], "maxAge": 86400}, "earningsHistory": {"history": [{"maxAge": 1, "epsActual": {}, "epsEstimate": {}, "epsDifference": {}, "surprisePercent": {}, "quarter": {}, "period": "-4q"}, {"maxAge": 1, "epsActual": {}, "epsEstimate": {}, "epsDifference": {}, "surprisePercent": {}, "quarter": {}, "period": "-3q"}, {"maxAge": 1, "epsActual": {}, "epsEstimate": {}, "epsDifference": {}, "surprisePercent": {}, "quarter": {}, "period": "-2q"}, {"maxAge": 1, "epsActual": {}, "epsEstimate": {}, "epsDifference": {}, "surprisePercent": {}, "quarter": {}, "period": "-1q"}], "maxAge": 86400}, "indexTrend": {"maxAge": 1, "symbol": "SP5", "peRatio": 19.7411, "pegRatio": 1.34172, "estimates": [{"period": "0q", "growth": 0.549}, {"period": "+1q", "growth": 0.431}, {"period": "0y", "growth": 0.305}, {"period": "+1y", "growth": 0.109}, {"period": "+5y", "growth": 0.120865}, {"period": "-5y"}]}, "industryTrend": {"maxAge": 1, "symbol": null, "estimates": []}, "insiderTransactions": {"transactions": [{"maxAge": 1, "shares": 450, "filerUrl": "", "transactionText": "", "filerName": "Oswal (Sancheti J K)", "filerRelation": "UNREPORTED", "moneyText": "", "startDate": "2020-03-09", "ownership": "D"}, {"maxAge": 1, "shares": 210, "filerUrl": "", "transactionText": "", "filerName": "Oswal (Nidhi)", "filerRelation": "UNREPORTED", "moneyText": "", "startDate": "2020-03-06", "ownership": "D"}, {"maxAge": 1, "shares": 1249, "filerUrl": "", "transactionText": "", "filerName": "Oswal (Sancheti J K)", "filerRelation": "UNREPORTED", "moneyText": "", "startDate": "2020-03-06", "ownership": "D"}, {"maxAge": 1, "shares": 2000, "filerUrl": "", "transactionText": "", "filerName": "Polycure Martech Ltd", "filerRelation": "Institution- Corporation", "moneyText": "", "startDate": "2019-12-23", "ownership": "D"}], "maxAge": 1}, "quoteType": {"exchange": "BSE", "quoteType": "EQUITY", "symbol": "POLYMED.BO", "underlyingSymbol": "POLYMED.BO", "shortName": "POLY MEDICURE LTD.", "longName": "Poly Medicure Limited", "firstTradeDateEpochUtc": "2002-12-05 09:15:00", "timeZoneFullName": "Asia/Kolkata", "timeZoneShortName": "IST", "uuid": "2038361f-01c1-3727-bfe0-039076482c07", "messageBoardId": null, "gmtOffSetMilliseconds": 19800000, "maxAge": 1}, "incomeStatementHistory": {"incomeStatementHistory": [{"maxAge": 1, "endDate": "2020-03-31", "totalRevenue": 6872390000, "costOfRevenue": 2192314000, "grossProfit": 4680076000, "researchDevelopment": 119424000, "sellingGeneralAdministrative": 1431428000, "nonRecurring": {}, "otherOperatingExpenses": 1484232000, "totalOperatingExpenses": 5632676000, "operatingIncome": 1239714000, "totalOtherIncomeExpenseNet": 17519000, "ebit": 1239714000, "interestExpense": -183143000, "incomeBeforeTax": 1257233000, "incomeTaxExpense": 298454000, "minorityInterest": {}, "netIncomeFromContinuingOps": 958779000, "discontinuedOperations": {}, "extraordinaryItems": {}, "effectOfAccountingCharges": {}, "otherItems": {}, "netIncome": 958779000, "netIncomeApplicableToCommonShares": 958779000}, {"maxAge": 1, "endDate": "2019-03-31", "totalRevenue": 6108253000, "costOfRevenue": 2106552000, "grossProfit": 4001701000, "researchDevelopment": 101490000, "sellingGeneralAdministrative": 1224363000, "nonRecurring": {}, "otherOperatingExpenses": 1365976000, "totalOperatingExpenses": 5171303000, "operatingIncome": 936950000, "totalOtherIncomeExpenseNet": 63795000, "ebit": 936950000, "interestExpense": -119643000, "incomeBeforeTax": 1000745000, "incomeTaxExpense": 346755000, "minorityInterest": {}, "netIncomeFromContinuingOps": 653990000, "discontinuedOperations": {}, "extraordinaryItems": {}, "effectOfAccountingCharges": {}, "otherItems": {}, "netIncome": 653990000, "netIncomeApplicableToCommonShares": 653990000}, {"maxAge": 1, "endDate": "2018-03-31", "totalRevenue": 5204169000, "costOfRevenue": 1666677000, "grossProfit": 3537492000, "researchDevelopment": 100478000, "sellingGeneralAdministrative": 1035456000, "nonRecurring": {}, "otherOperatingExpenses": 1197497000, "totalOperatingExpenses": 4292548000, "operatingIncome": 911621000, "totalOtherIncomeExpenseNet": 55894000, "ebit": 911621000, "interestExpense": -98054000, "incomeBeforeTax": 967515000, "incomeTaxExpense": 261576000, "minorityInterest": -26000, "netIncomeFromContinuingOps": 705939000, "discontinuedOperations": {}, "extraordinaryItems": {}, "effectOfAccountingCharges": {}, "otherItems": {}, "netIncome": 705939000, "netIncomeApplicableToCommonShares": 705939000}, {"maxAge": 1, "endDate": "2017-03-31", "totalRevenue": 4550063000, "costOfRevenue": 1565862000, "grossProfit": 2984201000, "researchDevelopment": 90338000, "sellingGeneralAdministrative": 930867000, "nonRecurring": {}, "otherOperatingExpenses": 1034829000, "totalOperatingExpenses": 3859151000, "operatingIncome": 690912000, "totalOtherIncomeExpenseNet": 60977000, "ebit": 690912000, "interestExpense": -66149000, "incomeBeforeTax": 751889000, "incomeTaxExpense": 200636000, "minorityInterest": -26000, "netIncomeFromContinuingOps": 551253000, "discontinuedOperations": {}, "extraordinaryItems": {}, "effectOfAccountingCharges": {}, "otherItems": {}, "netIncome": 551253000, "netIncomeApplicableToCommonShares": 551253000}], "maxAge": 86400}, "fundOwnership": {"maxAge": 1, "ownershipList": [{"maxAge": 1, "reportDate": "2020-06-30", "organization": "Matthews International  Fds-Matthews India Fd", "pctHeld": 0.0159, "position": 1405323, "value": 413375760}, {"maxAge": 1, "reportDate": "2020-06-30", "organization": "Matthews International Fds-Matthews Emerging Asia Fd", "pctHeld": 0.003, "position": 263369, "value": 77469991}, {"maxAge": 1, "reportDate": "2020-07-31", "organization": "Financial Investors Tr-Grandeur Peak Global Reach Fund", "pctHeld": 0.0016, "position": 138226, "value": 53894317}, {"maxAge": 1, "reportDate": "2020-07-31", "organization": "DFA Emerging Markets Small Cap Series", "pctHeld": 0.0008, "position": 70966, "value": 27669643}, {"maxAge": 1, "reportDate": "2020-07-31", "organization": "DFA Emerging Markets Core Equity Portfolio", "pctHeld": 0.00059999997, "position": 53069, "value": 20691603}, {"maxAge": 1, "reportDate": "2020-07-31", "organization": "DFA Investment Dimensions-Emerging Markets Social Core Equity", "pctHeld": 0.0001, "position": 6882, "value": 2683291}]}, "summaryDetail": {"maxAge": 1, "priceHint": 2, "previousClose": 1013.5, "open": 1020.0, "dayLow": 967.55, "dayHigh": 1027.25, "regularMarketPreviousClose": 1013.5, "regularMarketOpen": 1020.0, "regularMarketDayLow": 967.55, "regularMarketDayHigh": 1027.25, "trailingPE": 85.36606, "forwardPE": 122.487686, "volume": 22573, "regularMarketVolume": 22573, "averageVolume": 39051, "averageVolume10days": 27742, "averageDailyVolume10Day": 27742, "bid": 989.0, "ask": 994.0, "bidSize": 0, "askSize": 0, "marketCap": 87750467584, "fiftyTwoWeekLow": 200.25, "fiftyTwoWeekHigh": 1027.25, "fiftyDayAverage": 524.1544, "twoHundredDayAverage": 484.15515, "trailingAnnualDividendRate": 2.0, "trailingAnnualDividendYield": 0.0019733596, "currency": "INR", "fromCurrency": null, "toCurrency": null, "lastMarket": null, "algorithm": null, "tradeable": false}, "sectorTrend": {"maxAge": 1, "symbol": null, "estimates": []}, "incomeStatementHistoryQuarterly": {"incomeStatementHistory": [{"maxAge": 1, "endDate": "2020-06-30", "totalRevenue": 1703760000, "costOfRevenue": 583888000, "grossProfit": 1119872000, "researchDevelopment": 29853000, "sellingGeneralAdministrative": 302628000, "nonRecurring": {}, "otherOperatingExpenses": 328891000, "totalOperatingExpenses": 1355063000, "operatingIncome": 348697000, "totalOtherIncomeExpenseNet": 13757000, "ebit": 348697000, "interestExpense": -27883000, "incomeBeforeTax": 362454000, "incomeTaxExpense": 95348000, "minorityInterest": {}, "netIncomeFromContinuingOps": 267106000, "discontinuedOperations": {}, "extraordinaryItems": {}, "effectOfAccountingCharges": {}, "otherItems": {}, "netIncome": 267106000, "netIncomeApplicableToCommonShares": 267106000}, {"maxAge": 1, "endDate": "2020-03-31", "totalRevenue": 1713301000, "costOfRevenue": 566602000, "grossProfit": 1146699000, "researchDevelopment": 34800000, "sellingGeneralAdministrative": 392217000, "nonRecurring": {}, "otherOperatingExpenses": 312775000, "totalOperatingExpenses": 1401232000, "operatingIncome": 312069000, "totalOtherIncomeExpenseNet": -23143000, "ebit": 312069000, "interestExpense": -80825000, "incomeBeforeTax": 288926000, "incomeTaxExpense": 62373000, "minorityInterest": {}, "netIncomeFromContinuingOps": 226553000, "discontinuedOperations": {}, "extraordinaryItems": {}, "effectOfAccountingCharges": {}, "otherItems": {}, "netIncome": 226553000, "netIncomeApplicableToCommonShares": 226553000}, {"maxAge": 1, "endDate": "2019-12-31", "totalRevenue": 1804399000, "costOfRevenue": 579540000, "grossProfit": 1224859000, "researchDevelopment": 28023000, "sellingGeneralAdministrative": 348587000, "nonRecurring": {}, "otherOperatingExpenses": 392644000, "totalOperatingExpenses": 1456895000, "operatingIncome": 347504000, "totalOtherIncomeExpenseNet": -11217000, "ebit": 347504000, "interestExpense": -54023000, "incomeBeforeTax": 336287000, "incomeTaxExpense": 86117000, "minorityInterest": {}, "netIncomeFromContinuingOps": 250170000, "discontinuedOperations": {}, "extraordinaryItems": {}, "effectOfAccountingCharges": {}, "otherItems": {}, "netIncome": 250170000, "netIncomeApplicableToCommonShares": 250170000}, {"maxAge": 1, "endDate": "2019-09-30", "totalRevenue": 1738816000, "costOfRevenue": 537118000, "grossProfit": 1201698000, "researchDevelopment": 28414000, "sellingGeneralAdministrative": 359018000, "nonRecurring": {}, "otherOperatingExpenses": 395864000, "totalOperatingExpenses": 1422893000, "operatingIncome": 315923000, "totalOtherIncomeExpenseNet": 38844000, "ebit": 315923000, "interestExpense": -15800000, "incomeBeforeTax": 354767000, "incomeTaxExpense": 70764000, "minorityInterest": {}, "netIncomeFromContinuingOps": 284003000, "discontinuedOperations": {}, "extraordinaryItems": {}, "effectOfAccountingCharges": {}, "otherItems": {}, "netIncome": 284003000, "netIncomeApplicableToCommonShares": 284003000}], "maxAge": 86400}, "cashflowStatementHistoryQuarterly": {"cashflowStatements": [{"maxAge": 1, "endDate": "2020-06-30", "netIncome": 267106000, "changeToLiabilities": 0}, {"maxAge": 1, "endDate": "2020-03-31", "netIncome": 226553000, "changeToLiabilities": 0}, {"maxAge": 1, "endDate": "2019-12-31", "netIncome": 250170000, "changeToLiabilities": 0}, {"maxAge": 1, "endDate": "2019-09-30", "netIncome": 284003000, "changeToLiabilities": 0}], "maxAge": 86400}, "insiderHolders": {"holders": [{"maxAge": 1, "name": "Oswal (Nidhi)", "relation": "UNREPORTED", "url": "", "transactionDescription": "Sale", "latestTransDate": "2020-03-06", "positionDirect": 0, "positionDirectDate": "2020-03-06"}, {"maxAge": 1, "name": "Oswal (Sancheti J K)", "relation": "UNREPORTED", "url": "", "transactionDescription": "Acquisition", "latestTransDate": "2020-03-09", "positionDirect": 37918, "positionDirectDate": "2020-03-09"}, {"maxAge": 1, "name": "Polycure Martech Ltd", "relation": "Institution- Corporation", "url": "", "transactionDescription": "Acquisition", "latestTransDate": "2019-12-23", "positionDirect": 6608, "positionDirectDate": "2019-12-23"}], "maxAge": 1}, "earnings": {"maxAge": 86400, "earningsChart": {"quarterly": [], "earningsDate": ["2020-07-30 05:30:S"]}, "financialsChart": {"yearly": [{"date": 2017, "revenue": 4550063000, "earnings": 551253000}, {"date": 2018, "revenue": 5204169000, "earnings": 705939000}, {"date": 2019, "revenue": 6108253000, "earnings": 653990000}, {"date": 2020, "revenue": 6872390000, "earnings": 958779000}], "quarterly": [{"date": "3Q2019", "revenue": 1738816000, "earnings": 284003000}, {"date": "4Q2019", "revenue": 1804399000, "earnings": 250170000}, {"date": "1Q2020", "revenue": 1713301000, "earnings": 226553000}, {"date": "2Q2020", "revenue": 1703760000, "earnings": 267106000}]}, "financialCurrency": "INR"}, "calendarEvents": {"maxAge": 1, "earnings": {"earningsDate": ["2020-07-30 05:30:S"]}}, "price": {"maxAge": 1, "regularMarketChangePercent": -0.018648272, "regularMarketChange": -18.900024, "regularMarketTime": "2021-04-30 15:29:50", "priceHint": 2, "regularMarketPrice": 994.6, "regularMarketDayHigh": 1027.25, "regularMarketDayLow": 967.55, "regularMarketVolume": 22573, "averageDailyVolume10Day": 27742, "averageDailyVolume3Month": 39051, "regularMarketPreviousClose": 1013.5, "regularMarketSource": "FREE_REALTIME", "regularMarketOpen": 1020.0, "exchange": "BSE", "exchangeName": "BSE", "exchangeDataDelayedBy": 0, "marketState": "CLOSED", "quoteType": "EQUITY", "symbol": "POLYMED.BO", "underlyingSymbol": null, "shortName": "POLY MEDICURE LTD.", "longName": "Poly Medicure Limited", "currency": "INR", "quoteSourceName": "Delayed Quote", "currencySymbol": "\u20b9", "fromCurrency": null, "toCurrency": null, "lastMarket": null, "marketCap": 87750467584}, "balanceSheetHistory": {"balanceSheetStatements": [{"maxAge": 1, "endDate": "2020-03-31", "cash": 48574000, "shortTermInvestments": 201923000, "netReceivables": 1372292000, "inventory": 1120949000, "otherCurrentAssets": 241562000, "totalCurrentAssets": 3177880000, "longTermInvestments": 253887000, "propertyPlantEquipment": 3322013000, "goodWill": 285811000, "intangibleAssets": 234143000, "otherAssets": 399513000, "totalAssets": 7673247000, "accountsPayable": 663606000, "shortLongTermDebt": 347093000, "otherCurrentLiab": 167213000, "longTermDebt": 1105741000, "otherLiab": 215322000, "totalCurrentLiabilities": 1971114000, "totalLiab": 3325009000, "commonStock": 441235000, "retainedEarnings": 3813381000, "treasuryStock": 86688000, "capitalSurplus": 6934000, "otherStockholderEquity": 86688000, "totalStockholderEquity": 4348238000, "netTangibleAssets": 3828284000}, {"maxAge": 1, "endDate": "2019-03-31", "cash": 43176000, "shortTermInvestments": 500505000, "netReceivables": 1476958000, "inventory": 837909000, "otherCurrentAssets": 142944000, "totalCurrentAssets": 3016706000, "longTermInvestments": 92153000, "propertyPlantEquipment": 2700184000, "goodWill": 285811000, "intangibleAssets": 235602000, "otherAssets": 209057000, "totalAssets": 6539513000, "accountsPayable": 555381000, "shortLongTermDebt": 238683000, "otherCurrentLiab": 85322000, "longTermDebt": 913797000, "otherLiab": 276098000, "totalCurrentLiabilities": 1535917000, "totalLiab": 2725812000, "commonStock": 441185000, "retainedEarnings": 3286259000, "treasuryStock": 82790000, "capitalSurplus": 3467000, "otherStockholderEquity": 82790000, "totalStockholderEquity": 3813701000, "netTangibleAssets": 3292288000}, {"maxAge": 1, "endDate": "2018-03-31", "cash": 37008000, "shortTermInvestments": 165404000, "netReceivables": 1335454000, "inventory": 729890000, "otherCurrentAssets": 166424000, "totalCurrentAssets": 2552040000, "longTermInvestments": 80295000, "propertyPlantEquipment": 2583070000, "intangibleAssets": 217318000, "otherAssets": 215502000, "totalAssets": 5648225000, "accountsPayable": 436245000, "shortLongTermDebt": 215115000, "otherCurrentLiab": 73230000, "longTermDebt": 791158000, "otherLiab": 248327000, "minorityInterest": -26000, "totalCurrentLiabilities": 1225786000, "totalLiab": 2265271000, "commonStock": 441134000, "retainedEarnings": 2860534000, "treasuryStock": 81312000, "otherStockholderEquity": 81312000, "totalStockholderEquity": 3382980000, "netTangibleAssets": 3165662000}, {"maxAge": 1, "endDate": "2017-03-31", "cash": 10609000, "shortTermInvestments": 214568000, "netReceivables": 1071582000, "inventory": 619460000, "otherCurrentAssets": 127216000, "totalCurrentAssets": 2049200000, "longTermInvestments": 38025000, "propertyPlantEquipment": 2055619000, "intangibleAssets": 205084000, "otherAssets": 221537000, "totalAssets": 4569465000, "accountsPayable": 418551000, "shortLongTermDebt": 208140000, "otherCurrentLiab": 46330000, "longTermDebt": 476248000, "otherLiab": 239319000, "minorityInterest": -26000, "totalCurrentLiabilities": 1138519000, "totalLiab": 1854086000, "commonStock": 441134000, "retainedEarnings": 2249656000, "treasuryStock": 24615000, "otherStockholderEquity": 24615000, "totalStockholderEquity": 2715405000, "netTangibleAssets": 2510321000}], "maxAge": 86400}, "earningsTrend": {"trend": [{"maxAge": 1, "period": "0q", "endDate": null, "growth": {}, "earningsEstimate": {"avg": 0.0, "low": 0.0, "high": 0.0, "yearAgoEps": {}, "numberOfAnalysts": 0, "growth": {}}, "revenueEstimate": {"avg": 0, "low": 0, "high": 0, "numberOfAnalysts": 0, "yearAgoRevenue": {}, "growth": {}}, "epsTrend": {"current": 0.0, "7daysAgo": 0.0, "30daysAgo": 0.0, "60daysAgo": 0.0, "90daysAgo": 0.0}, "epsRevisions": {"upLast7days": 0, "upLast30days": 0, "downLast30days": 0, "downLast90days": {}}}, {"maxAge": 1, "period": "+1q", "endDate": null, "growth": {}, "earningsEstimate": {"avg": 0.0, "low": 0.0, "high": 0.0, "yearAgoEps": {}, "numberOfAnalysts": 0, "growth": {}}, "revenueEstimate": {"avg": 0, "low": 0, "high": 0, "numberOfAnalysts": 0, "yearAgoRevenue": {}, "growth": {}}, "epsTrend": {"current": 0.0, "7daysAgo": 0.0, "30daysAgo": 0.0, "60daysAgo": 0.0, "90daysAgo": 0.0}, "epsRevisions": {"upLast7days": 0, "upLast30days": 0, "downLast30days": 0, "downLast90days": {}}}, {"maxAge": 1, "period": "0y", "endDate": null, "growth": {}, "earningsEstimate": {"avg": 0.0, "low": 0.0, "high": 0.0, "yearAgoEps": {}, "numberOfAnalysts": 0, "growth": {}}, "revenueEstimate": {"avg": 0, "low": 0, "high": 0, "numberOfAnalysts": 0, "yearAgoRevenue": {}, "growth": {}}, "epsTrend": {"current": 0.0, "7daysAgo": 0.0, "30daysAgo": 0.0, "60daysAgo": 0.0, "90daysAgo": 0.0}, "epsRevisions": {"upLast7days": 0, "upLast30days": 0, "downLast30days": 0, "downLast90days": {}}}, {"maxAge": 1, "period": "+1y", "endDate": null, "growth": {}, "earningsEstimate": {"avg": 0.0, "low": 0.0, "high": 0.0, "yearAgoEps": {}, "numberOfAnalysts": 0, "growth": {}}, "revenueEstimate": {"avg": 0, "low": 0, "high": 0, "numberOfAnalysts": 0, "yearAgoRevenue": {}, "growth": {}}, "epsTrend": {"current": 0.0, "7daysAgo": 0.0, "30daysAgo": 0.0, "60daysAgo": 0.0, "90daysAgo": 0.0}, "epsRevisions": {"upLast7days": 0, "upLast30days": 0, "downLast30days": 0, "downLast90days": {}}}, {"maxAge": 1, "period": "+5y", "endDate": null, "growth": {}, "earningsEstimate": {"avg": {}, "low": {}, "high": {}, "yearAgoEps": {}, "numberOfAnalysts": {}, "growth": {}}, "revenueEstimate": {"avg": {}, "low": {}, "high": {}, "numberOfAnalysts": {}, "yearAgoRevenue": {}, "growth": {}}, "epsTrend": {"current": {}, "7daysAgo": {}, "30daysAgo": {}, "60daysAgo": {}, "90daysAgo": {}}, "epsRevisions": {"upLast7days": {}, "upLast30days": {}, "downLast30days": {}, "downLast90days": {}}}, {"maxAge": 1, "period": "-5y", "endDate": null, "growth": {}, "earningsEstimate": {"avg": {}, "low": {}, "high": {}, "yearAgoEps": {}, "numberOfAnalysts": {}, "growth": {}}, "revenueEstimate": {"avg": {}, "low": {}, "high": {}, "numberOfAnalysts": {}, "yearAgoRevenue": {}, "growth": {}}, "epsTrend": {"current": {}, "7daysAgo": {}, "30daysAgo": {}, "60daysAgo": {}, "90daysAgo": {}}, "epsRevisions": {"upLast7days": {}, "upLast30days": {}, "downLast30days": {}, "downLast90days": {}}}], "maxAge": 1}, "financialData": {"maxAge": 86400, "currentPrice": 994.6, "targetHighPrice": 465.0, "targetLowPrice": 465.0, "targetMeanPrice": 465.0, "targetMedianPrice": 465.0, "recommendationKey": "none", "numberOfAnalystOpinions": 1, "grossProfits": 4680076000, "financialCurrency": "INR"}}}