{"PONDYOXIDE.BO": {"recommendationTrend": {"trend": [{"period": "0m", "strongBuy": 0, "buy": 0, "hold": 0, "sell": 0, "strongSell": 0}, {"period": "-1m", "strongBuy": 0, "buy": 0, "hold": 0, "sell": 0, "strongSell": 0}, {"period": "-2m", "strongBuy": 0, "buy": 0, "hold": 0, "sell": 0, "strongSell": 0}, {"period": "-3m", "strongBuy": 0, "buy": 0, "hold": 0, "sell": 0, "strongSell": 0}], "maxAge": 86400}, "cashflowStatementHistory": {"cashflowStatements": [{"maxAge": 1, "endDate": "2020-03-31", "netIncome": 163456000, "depreciation": 75693000, "changeToNetincome": 112218000, "changeToAccountReceivables": 311277000, "changeToLiabilities": 6448000, "changeToInventory": 396714000, "changeToOperatingActivities": 284188000, "totalCashFromOperatingActivities": 1352968000, "capitalExpenditures": -359639000, "otherCashflowsFromInvestingActivities": 374000, "totalCashflowsFromInvestingActivities": -354012000, "dividendsPaid": -46994000, "netBorrowings": -885357000, "otherCashflowsFromFinancingActivities": -99456000, "totalCashFromFinancingActivities": -947978000, "changeInCash": 50978000, "issuanceOfStock": 83829000}, {"maxAge": 1, "endDate": "2019-03-31", "netIncome": 337283000, "depreciation": 51543000, "changeToNetincome": 95207000, "changeToAccountReceivables": 26570000, "changeToLiabilities": 6787000, "changeToInventory": -131094000, "changeToOperatingActivities": -153421000, "totalCashFromOperatingActivities": 233258000, "capitalExpenditures": -66445000, "otherCashflowsFromInvestingActivities": -16448000, "totalCashflowsFromInvestingActivities": -77630000, "dividendsPaid": -20166000, "netBorrowings": -24783000, "otherCashflowsFromFinancingActivities": -112228000, "totalCashFromFinancingActivities": -157177000, "changeInCash": -1549000, "issuanceOfStock": 83829000}, {"maxAge": 1, "endDate": "2018-03-31", "netIncome": 291793000, "depreciation": 42876000, "changeToNetincome": 61990000, "changeToAccountReceivables": -284001000, "changeToLiabilities": -8923000, "changeToInventory": -262232000, "changeToOperatingActivities": -36477000, "totalCashFromOperatingActivities": -194835000, "capitalExpenditures": -78802000, "investments": -81000, "otherCashflowsFromInvestingActivities": 50950000, "totalCashflowsFromInvestingActivities": -27807000, "dividendsPaid": -20133000, "netBorrowings": 359926000, "otherCashflowsFromFinancingActivities": -112440000, "totalCashFromFinancingActivities": 227353000, "changeInCash": 4711000, "issuanceOfStock": 83829000}, {"maxAge": 1, "endDate": "2017-03-31", "netIncome": 282954000, "depreciation": 38754000, "changeToNetincome": 110193000, "changeToAccountReceivables": -245276000, "changeToLiabilities": -135756000, "changeToInventory": -116822000, "changeToOperatingActivities": -6448000, "totalCashFromOperatingActivities": -72401000, "capitalExpenditures": -56088000, "investments": -940000, "otherCashflowsFromInvestingActivities": -29965000, "totalCashflowsFromInvestingActivities": -86881000, "dividendsPaid": -13909000, "netBorrowings": 264997000, "otherCashflowsFromFinancingActivities": -89265000, "totalCashFromFinancingActivities": 161823000, "changeInCash": 2541000, "issuanceOfStock": 83829000}], "maxAge": 86400}, "institutionOwnership": {"maxAge": 1, "ownershipList": []}, "balanceSheetHistoryQuarterly": {"balanceSheetStatements": [{"maxAge": 1, "endDate": "2020-06-30", "totalStockholderEquity": 1504498000, "netTangibleAssets": 1395542000}, {"maxAge": 1, "endDate": "2020-03-31", "cash": 61563000, "netReceivables": 599431000, "inventory": 705044000, "otherCurrentAssets": 163454000, "totalCurrentAssets": 1530074000, "longTermInvestments": 956000, "propertyPlantEquipment": 515447000, "goodWill": 96546000, "intangibleAssets": 12410000, "otherAssets": 36967000, "deferredLongTermAssetCharges": 1147000, "totalAssets": 2192400000, "accountsPayable": 47141000, "shortLongTermDebt": 50641000, "otherCurrentLiab": 39395000, "longTermDebt": 68430000, "otherLiab": 6667000, "totalCurrentLiabilities": 612805000, "totalLiab": 687902000, "commonStock": 58124000, "retainedEarnings": 1337122000, "capitalSurplus": 109252000, "totalStockholderEquity": 1504498000, "netTangibleAssets": 1395542000}, {"maxAge": 1, "endDate": "2019-12-30", "totalStockholderEquity": 1317202000, "netTangibleAssets": 1315088000}, {"maxAge": 1, "endDate": "2019-09-30", "cash": 25958000, "netReceivables": 1109555000, "inventory": 875710000, "otherCurrentAssets": 427316000, "totalCurrentAssets": 2438539000, "longTermInvestments": 1435000, "propertyPlantEquipment": 357733000, "intangibleAssets": 2114000, "otherAssets": 71511000, "deferredLongTermAssetCharges": 7121000, "totalAssets": 2871332000, "accountsPayable": 164311000, "otherCurrentLiab": 63992000, "longTermDebt": 22963000, "otherLiab": 7807000, "totalCurrentLiabilities": 1523360000, "totalLiab": 1554130000, "commonStock": 55760000, "treasuryStock": 1261442000, "otherStockholderEquity": 1261442000, "totalStockholderEquity": 1317202000, "netTangibleAssets": 1315088000}], "maxAge": 86400}, "earningsHistory": {"history": [{"maxAge": 1, "epsActual": {}, "epsEstimate": {}, "epsDifference": {}, "surprisePercent": {}, "quarter": {}, "period": "-4q"}, {"maxAge": 1, "epsActual": {}, "epsEstimate": {}, "epsDifference": {}, "surprisePercent": {}, "quarter": {}, "period": "-3q"}, {"maxAge": 1, "epsActual": {}, "epsEstimate": {}, "epsDifference": {}, "surprisePercent": {}, "quarter": {}, "period": "-2q"}, {"maxAge": 1, "epsActual": 14.62, "epsEstimate": 14.16, "epsDifference": 0.46, "surprisePercent": 0.032, "quarter": "2018-06-30", "period": "-1q"}], "maxAge": 86400}, "indexTrend": {"maxAge": 1, "symbol": "SP5", "peRatio": 19.7411, "pegRatio": 1.34172, "estimates": [{"period": "0q", "growth": 0.549}, {"period": "+1q", "growth": 0.431}, {"period": "0y", "growth": 0.305}, {"period": "+1y", "growth": 0.109}, {"period": "+5y", "growth": 0.120859005}, {"period": "-5y"}]}, "industryTrend": {"maxAge": 1, "symbol": null, "estimates": []}, "insiderTransactions": {"transactions": [{"maxAge": 1, "shares": 13755, "filerUrl": "", "transactionText": "", "filerName": "Bansal (Ashish)", "filerRelation": "Promoter", "moneyText": "", "startDate": "2020-03-31", "ownership": "D"}, {"maxAge": 1, "shares": 21087, "filerUrl": "", "transactionText": "", "filerName": "Bansal (Ashish)", "filerRelation": "Promoter", "moneyText": "", "startDate": "2019-12-13", "ownership": "D"}], "maxAge": 1}, "quoteType": {"exchange": "BSE", "quoteType": "EQUITY", "symbol": "PONDYOXIDE.BO", "underlyingSymbol": "PONDYOXIDE.BO", "shortName": "PONDY OXIDES & CHEMICALS LTD.", "longName": "Pondy Oxides And Chemicals Limited", "firstTradeDateEpochUtc": "2004-04-19 09:15:00", "timeZoneFullName": "Asia/Kolkata", "timeZoneShortName": "IST", "uuid": "e967d216-cd30-3c89-8d85-75e02560e4ef", "messageBoardId": null, "gmtOffSetMilliseconds": 19800000, "maxAge": 1}, "incomeStatementHistory": {"incomeStatementHistory": [{"maxAge": 1, "endDate": "2020-03-31", "totalRevenue": 12198710000, "costOfRevenue": 11312152000, "grossProfit": 886558000, "researchDevelopment": {}, "sellingGeneralAdministrative": 199247000, "nonRecurring": {}, "otherOperatingExpenses": 325467000, "totalOperatingExpenses": 11915533000, "operatingIncome": 283177000, "totalOtherIncomeExpenseNet": -70899000, "ebit": 283177000, "interestExpense": -99456000, "incomeBeforeTax": 212278000, "incomeTaxExpense": 48822000, "minorityInterest": {}, "netIncomeFromContinuingOps": 163456000, "discontinuedOperations": {}, "extraordinaryItems": {}, "effectOfAccountingCharges": {}, "otherItems": {}, "netIncome": 163456000, "netIncomeApplicableToCommonShares": 163456000}, {"maxAge": 1, "endDate": "2019-03-31", "totalRevenue": 10488855000, "costOfRevenue": 9377097000, "grossProfit": 1111758000, "researchDevelopment": {}, "sellingGeneralAdministrative": 154829000, "nonRecurring": {}, "otherOperatingExpenses": 310093000, "totalOperatingExpenses": 9893945000, "operatingIncome": 594910000, "totalOtherIncomeExpenseNet": -76129000, "ebit": 594910000, "interestExpense": -112234000, "incomeBeforeTax": 518781000, "incomeTaxExpense": 181498000, "minorityInterest": {}, "netIncomeFromContinuingOps": 337283000, "discontinuedOperations": {}, "extraordinaryItems": {}, "effectOfAccountingCharges": {}, "otherItems": {}, "netIncome": 337283000, "netIncomeApplicableToCommonShares": 337283000}, {"maxAge": 1, "endDate": "2018-03-31", "totalRevenue": 9397519000, "costOfRevenue": 8475626000, "grossProfit": 921893000, "researchDevelopment": {}, "sellingGeneralAdministrative": 120458000, "nonRecurring": {}, "otherOperatingExpenses": 221997000, "totalOperatingExpenses": 8860835000, "operatingIncome": 536684000, "totalOtherIncomeExpenseNet": -96953000, "ebit": 536684000, "interestExpense": -112440000, "incomeBeforeTax": 439731000, "incomeTaxExpense": 147938000, "minorityInterest": {}, "netIncomeFromContinuingOps": 291793000, "discontinuedOperations": {}, "extraordinaryItems": {}, "effectOfAccountingCharges": {}, "otherItems": {}, "netIncome": 291793000, "netIncomeApplicableToCommonShares": 291793000}, {"maxAge": 1, "endDate": "2017-03-31", "totalRevenue": 7589409000, "costOfRevenue": 6776048000, "grossProfit": 813361000, "researchDevelopment": {}, "sellingGeneralAdministrative": 79200000, "nonRecurring": {}, "otherOperatingExpenses": 177338000, "totalOperatingExpenses": 7071079000, "operatingIncome": 518330000, "totalOtherIncomeExpenseNet": -73448000, "ebit": 518330000, "interestExpense": -89265000, "incomeBeforeTax": 444882000, "incomeTaxExpense": 161928000, "minorityInterest": {}, "netIncomeFromContinuingOps": 282954000, "discontinuedOperations": {}, "extraordinaryItems": {}, "effectOfAccountingCharges": {}, "otherItems": {}, "netIncome": 282954000, "netIncomeApplicableToCommonShares": 282954000}], "maxAge": 86400}, "fundOwnership": {"maxAge": 1, "ownershipList": []}, "summaryDetail": {"maxAge": 1, "priceHint": 2, "previousClose": 228.15, "open": 221.25, "dayLow": 221.25, "dayHigh": 232.0, "regularMarketPreviousClose": 228.15, "regularMarketOpen": 221.25, "regularMarketDayLow": 221.25, "regularMarketDayHigh": 232.0, "trailingPE": 7.047992, "forwardPE": 3.2082686, "volume": 7945, "regularMarketVolume": 7945, "averageVolume": 13859, "averageVolume10days": 20953, "averageDailyVolume10Day": 20953, "bid": 225.05, "ask": 227.85, "bidSize": 0, "askSize": 0, "marketCap": 1317087616, "fiftyTwoWeekLow": 101.1, "fiftyTwoWeekHigh": 302.0, "fiftyDayAverage": 230.35571, "twoHundredDayAverage": 228.90474, "trailingAnnualDividendRate": 3.0, "trailingAnnualDividendYield": 0.013149245, "currency": "INR", "fromCurrency": null, "toCurrency": null, "lastMarket": null, "algorithm": null, "tradeable": false}, "sectorTrend": {"maxAge": 1, "symbol": null, "estimates": []}, "incomeStatementHistoryQuarterly": {"incomeStatementHistory": [{"maxAge": 1, "endDate": "2020-06-30", "totalRevenue": 1494731000, "costOfRevenue": 1367030000, "grossProfit": 127701000, "researchDevelopment": {}, "sellingGeneralAdministrative": 42138000, "nonRecurring": {}, "otherOperatingExpenses": 38049000, "totalOperatingExpenses": 1467545000, "operatingIncome": 27186000, "totalOtherIncomeExpenseNet": 1173000, "ebit": 27186000, "interestExpense": -4622000, "incomeBeforeTax": 28359000, "incomeTaxExpense": 7782000, "minorityInterest": {}, "netIncomeFromContinuingOps": 20577000, "discontinuedOperations": {}, "extraordinaryItems": {}, "effectOfAccountingCharges": {}, "otherItems": {}, "netIncome": 20577000, "netIncomeApplicableToCommonShares": 20577000}, {"maxAge": 1, "endDate": "2020-03-31", "totalRevenue": 2664645000, "costOfRevenue": 2412875000, "grossProfit": 251770000, "researchDevelopment": {}, "sellingGeneralAdministrative": 55574000, "nonRecurring": {}, "otherOperatingExpenses": 67215000, "totalOperatingExpenses": 2575531000, "operatingIncome": 89114000, "totalOtherIncomeExpenseNet": -17169000, "ebit": 89114000, "interestExpense": -33567000, "incomeBeforeTax": 71945000, "incomeTaxExpense": 28693000, "minorityInterest": {}, "netIncomeFromContinuingOps": 43252000, "discontinuedOperations": {}, "extraordinaryItems": {}, "effectOfAccountingCharges": {}, "otherItems": {}, "netIncome": 43252000, "netIncomeApplicableToCommonShares": 43252000}, {"maxAge": 1, "endDate": "2019-12-30", "totalRevenue": 3722155000, "costOfRevenue": 3428230000, "grossProfit": 293925000, "researchDevelopment": {}, "sellingGeneralAdministrative": 56147000, "nonRecurring": {}, "otherOperatingExpenses": 106631000, "totalOperatingExpenses": 3604387000, "operatingIncome": 117768000, "totalOtherIncomeExpenseNet": -26936000, "ebit": 117768000, "interestExpense": -27501000, "incomeBeforeTax": 90832000, "incomeTaxExpense": 10717000, "minorityInterest": {}, "netIncomeFromContinuingOps": 80115000, "discontinuedOperations": {}, "extraordinaryItems": {}, "effectOfAccountingCharges": {}, "otherItems": {}, "netIncome": 80115000, "netIncomeApplicableToCommonShares": 80115000}, {"maxAge": 1, "endDate": "2019-09-30", "totalRevenue": 3323186000, "costOfRevenue": 3128171000, "grossProfit": 195015000, "researchDevelopment": {}, "sellingGeneralAdministrative": 46020000, "nonRecurring": {}, "otherOperatingExpenses": 83121000, "totalOperatingExpenses": 3270000000, "operatingIncome": 53186000, "totalOtherIncomeExpenseNet": -4317000, "ebit": 53186000, "interestExpense": -15325000, "incomeBeforeTax": 48869000, "incomeTaxExpense": 11105000, "minorityInterest": {}, "netIncomeFromContinuingOps": 37764000, "discontinuedOperations": {}, "extraordinaryItems": {}, "effectOfAccountingCharges": {}, "otherItems": {}, "netIncome": 37764000, "netIncomeApplicableToCommonShares": 37764000}], "maxAge": 86400}, "cashflowStatementHistoryQuarterly": {"cashflowStatements": [{"maxAge": 1, "endDate": "2020-06-30", "netIncome": 20577000, "changeToLiabilities": 0}, {"maxAge": 1, "endDate": "2020-03-31", "netIncome": 43252000, "changeToLiabilities": 0}, {"maxAge": 1, "endDate": "2019-12-30", "netIncome": 80115000, "changeToLiabilities": 0}, {"maxAge": 1, "endDate": "2019-09-30", "netIncome": 37764000, "changeToLiabilities": 0}], "maxAge": 86400}, "insiderHolders": {"holders": [{"maxAge": 1, "name": "Bansal (Ashish)", "relation": "Promoter", "url": "", "transactionDescription": "Acquisition", "latestTransDate": "2020-03-31", "positionDirect": 665936, "positionDirectDate": "2020-03-31"}], "maxAge": 1}, "earnings": {"maxAge": 86400, "earningsChart": {"quarterly": [{"date": "2Q2018", "actual": 14.62, "estimate": 14.16}], "currentQuarterEstimateDate": "3Q", "currentQuarterEstimateYear": 2018, "earningsDate": []}, "financialsChart": {"yearly": [{"date": 2017, "revenue": 7589409000, "earnings": 282954000}, {"date": 2018, "revenue": 9397519000, "earnings": 291793000}, {"date": 2019, "revenue": 10488855000, "earnings": 337283000}, {"date": 2020, "revenue": 12198710000, "earnings": 163456000}], "quarterly": [{"date": "3Q2019", "revenue": 3323186000, "earnings": 37764000}, {"date": "4Q2019", "revenue": 3722155000, "earnings": 80115000}, {"date": "1Q2020", "revenue": 2664645000, "earnings": 43252000}, {"date": "2Q2020", "revenue": 1494731000, "earnings": 20577000}]}, "financialCurrency": "INR"}, "calendarEvents": {"maxAge": 1, "earnings": {"earningsDate": []}}, "price": {"maxAge": 1, "regularMarketChangePercent": -0.0067937225, "regularMarketChange": -1.5499878, "regularMarketTime": "2021-04-30 15:29:37", "priceHint": 2, "regularMarketPrice": 226.6, "regularMarketDayHigh": 232.0, "regularMarketDayLow": 221.25, "regularMarketVolume": 7945, "averageDailyVolume10Day": 20953, "averageDailyVolume3Month": 13859, "regularMarketPreviousClose": 228.15, "regularMarketSource": "FREE_REALTIME", "regularMarketOpen": 221.25, "exchange": "BSE", "exchangeName": "BSE", "exchangeDataDelayedBy": 0, "marketState": "CLOSED", "quoteType": "EQUITY", "symbol": "PONDYOXIDE.BO", "underlyingSymbol": null, "shortName": "PONDY OXIDES & CHEMICALS LTD.", "longName": "Pondy Oxides And Chemicals Limited", "currency": "INR", "quoteSourceName": "Delayed Quote", "currencySymbol": "\u20b9", "fromCurrency": null, "toCurrency": null, "lastMarket": null, "marketCap": 1317087616}, "balanceSheetHistory": {"balanceSheetStatements": [{"maxAge": 1, "endDate": "2020-03-31", "cash": 61563000, "netReceivables": 599431000, "inventory": 705044000, "otherCurrentAssets": 163454000, "totalCurrentAssets": 1530074000, "longTermInvestments": 956000, "propertyPlantEquipment": 515447000, "goodWill": 96546000, "intangibleAssets": 12410000, "otherAssets": 36967000, "deferredLongTermAssetCharges": 1147000, "totalAssets": 2192400000, "accountsPayable": 47141000, "shortLongTermDebt": 50641000, "otherCurrentLiab": 39395000, "longTermDebt": 68430000, "otherLiab": 6667000, "totalCurrentLiabilities": 612805000, "totalLiab": 687902000, "commonStock": 58124000, "retainedEarnings": 1337122000, "capitalSurplus": 109252000, "totalStockholderEquity": 1504498000, "netTangibleAssets": 1395542000}, {"maxAge": 1, "endDate": "2019-03-31", "cash": 10585000, "netReceivables": 1099925000, "inventory": 1101758000, "otherCurrentAssets": 207184000, "totalCurrentAssets": 2420293000, "longTermInvestments": 1440000, "propertyPlantEquipment": 327583000, "intangibleAssets": 7511000, "otherAssets": 57835000, "deferredLongTermAssetCharges": 5866000, "totalAssets": 2814662000, "accountsPayable": 40693000, "shortLongTermDebt": 23910000, "otherCurrentLiab": 23852000, "longTermDebt": 35194000, "otherLiab": 7835000, "totalCurrentLiabilities": 1467630000, "totalLiab": 1510659000, "commonStock": 55760000, "retainedEarnings": 1220456000, "capitalSurplus": 27787000, "totalStockholderEquity": 1304003000, "netTangibleAssets": 1296492000}, {"maxAge": 1, "endDate": "2018-03-31", "cash": 12134000, "netReceivables": 1031401000, "inventory": 970664000, "otherCurrentAssets": 100059000, "totalCurrentAssets": 2115317000, "longTermInvestments": 1590000, "propertyPlantEquipment": 326134000, "intangibleAssets": 175000, "otherAssets": 70460000, "deferredLongTermAssetCharges": 5338000, "totalAssets": 2513676000, "accountsPayable": 33906000, "shortLongTermDebt": 32185000, "otherCurrentLiab": 7084000, "longTermDebt": 76309000, "otherLiab": 8654000, "totalCurrentLiabilities": 1442006000, "totalLiab": 1526969000, "commonStock": 55760000, "retainedEarnings": 903160000, "capitalSurplus": 27787000, "totalStockholderEquity": 986707000, "netTangibleAssets": 986532000}, {"maxAge": 1, "endDate": "2017-03-31", "cash": 7423000, "netReceivables": 711550000, "inventory": 708432000, "otherCurrentAssets": 177077000, "totalCurrentAssets": 1605483000, "longTermInvestments": 1497000, "propertyPlantEquipment": 277157000, "intangibleAssets": 314000, "otherAssets": 41871000, "deferredLongTermAssetCharges": 3524000, "totalAssets": 1926322000, "accountsPayable": 42829000, "shortLongTermDebt": 35106000, "otherCurrentLiab": 41454000, "longTermDebt": 150495000, "otherLiab": 8195000, "totalCurrentLiabilities": 1053135000, "totalLiab": 1211825000, "commonStock": 55760000, "retainedEarnings": 630950000, "capitalSurplus": 27787000, "totalStockholderEquity": 714497000, "netTangibleAssets": 714183000}], "maxAge": 86400}, "earningsTrend": {"trend": [{"maxAge": 1, "period": "0q", "endDate": "2018-09-30", "growth": {}, "earningsEstimate": {"avg": 0.0, "low": 0.0, "high": 0.0, "yearAgoEps": {}, "numberOfAnalysts": 0, "growth": {}}, "revenueEstimate": {"avg": 0, "low": 0, "high": 0, "numberOfAnalysts": 0, "yearAgoRevenue": {}, "growth": {}}, "epsTrend": {"current": 0.0, "7daysAgo": 0.0, "30daysAgo": 0.0, "60daysAgo": 0.0, "90daysAgo": 0.0}, "epsRevisions": {"upLast7days": 0, "upLast30days": 0, "downLast30days": 0, "downLast90days": {}}}, {"maxAge": 1, "period": "+1q", "endDate": "2018-12-31", "growth": {}, "earningsEstimate": {"avg": 0.0, "low": 0.0, "high": 0.0, "yearAgoEps": {}, "numberOfAnalysts": 0, "growth": {}}, "revenueEstimate": {"avg": 0, "low": 0, "high": 0, "numberOfAnalysts": 0, "yearAgoRevenue": {}, "growth": {}}, "epsTrend": {"current": 0.0, "7daysAgo": 0.0, "30daysAgo": 0.0, "60daysAgo": 0.0, "90daysAgo": 0.0}, "epsRevisions": {"upLast7days": 0, "upLast30days": 0, "downLast30days": 0, "downLast90days": {}}}, {"maxAge": 1, "period": "0y", "endDate": "2019-03-31", "growth": {}, "earningsEstimate": {"avg": 0.0, "low": 0.0, "high": 0.0, "yearAgoEps": {}, "numberOfAnalysts": 0, "growth": {}}, "revenueEstimate": {"avg": 10827300000, "low": 10827300000, "high": 10827300000, "numberOfAnalysts": 1, "yearAgoRevenue": {}, "growth": {}}, "epsTrend": {"current": 0.0, "7daysAgo": 61.01, "30daysAgo": 61.01, "60daysAgo": 61.01, "90daysAgo": 61.01}, "epsRevisions": {"upLast7days": 0, "upLast30days": 0, "downLast30days": 0, "downLast90days": {}}}, {"maxAge": 1, "period": "+1y", "endDate": "2020-03-31", "growth": {}, "earningsEstimate": {"avg": 0.0, "low": 0.0, "high": 0.0, "yearAgoEps": {}, "numberOfAnalysts": 0, "growth": {}}, "revenueEstimate": {"avg": 12538000000, "low": 12538000000, "high": 12538000000, "numberOfAnalysts": 1, "yearAgoRevenue": 10827300000, "growth": 0.158}, "epsTrend": {"current": 0.0, "7daysAgo": 70.63, "30daysAgo": 70.63, "60daysAgo": 70.63, "90daysAgo": 70.63}, "epsRevisions": {"upLast7days": 0, "upLast30days": 0, "downLast30days": 0, "downLast90days": {}}}, {"maxAge": 1, "period": "+5y", "endDate": null, "growth": {}, "earningsEstimate": {"avg": {}, "low": {}, "high": {}, "yearAgoEps": {}, "numberOfAnalysts": {}, "growth": {}}, "revenueEstimate": {"avg": {}, "low": {}, "high": {}, "numberOfAnalysts": {}, "yearAgoRevenue": {}, "growth": {}}, "epsTrend": {"current": {}, "7daysAgo": {}, "30daysAgo": {}, "60daysAgo": {}, "90daysAgo": {}}, "epsRevisions": {"upLast7days": {}, "upLast30days": {}, "downLast30days": {}, "downLast90days": {}}}, {"maxAge": 1, "period": "-5y", "endDate": null, "growth": {}, "earningsEstimate": {"avg": {}, "low": {}, "high": {}, "yearAgoEps": {}, "numberOfAnalysts": {}, "growth": {}}, "revenueEstimate": {"avg": {}, "low": {}, "high": {}, "numberOfAnalysts": {}, "yearAgoRevenue": {}, "growth": {}}, "epsTrend": {"current": {}, "7daysAgo": {}, "30daysAgo": {}, "60daysAgo": {}, "90daysAgo": {}}, "epsRevisions": {"upLast7days": {}, "upLast30days": {}, "downLast30days": {}, "downLast90days": {}}}], "maxAge": 1}, "financialData": {"maxAge": 86400, "currentPrice": 226.6, "targetHighPrice": 111.0, "targetLowPrice": 111.0, "targetMeanPrice": 111.0, "targetMedianPrice": 111.0, "recommendationKey": "none", "numberOfAnalystOpinions": 1, "grossProfits": 886558000, "financialCurrency": "INR"}}}