{"PONNIERODE.NS": {"assetProfile": {"address1": "ESVIN House", "address2": "No.13 Rajiv Gandhi Salai (OMR) Seevaram Village Perungudi", "city": "Chennai", "zip": "600096", "country": "India", "phone": "91 44 249 61920", "website": "http://www.ponnisugars.com", "industry": "Confectioners", "sector": "Consumer Defensive", "longBusinessSummary": "Ponni Sugars (Erode) Limited manufactures sugar and its by-products in India. It operates in two segments, Sugar and Cogeneration. The company also engages in the cogeneration of power. Ponni Sugars (Erode) Limited also exports its products. The company was formerly known as SPB Sugars and Chemicals Limited and changed its name to Ponni Sugars (Erode) Limited in January 2000. Ponni Sugars (Erode) Limited was incorporated in 1996 and is based in Chennai, India.", "fullTimeEmployees": 137, "companyOfficers": [{"maxAge": 1, "name": "Mr. N.  Ramanathan", "age": 66, "title": "MD, Compliance Officer, Sec. & Exec. Director", "yearBorn": 1954, "fiscalYear": 2020, "totalPay": 14176000, "exercisedValue": 0, "unexercisedValue": 0}, {"maxAge": 1, "name": "Mr. Kolandavelu  Yokanathan", "title": "Pres & CFO", "exercisedValue": 0, "unexercisedValue": 0}, {"maxAge": 1, "name": "B.  Chandrasekar", "title": "VP of Operations", "exercisedValue": 0, "unexercisedValue": 0}], "compensationAsOfEpochDate": "2020-12-31 05:30:00", "maxAge": 86400}, "cashflowStatementHistory": {"cashflowStatements": [{"maxAge": 1, "endDate": "2020-03-31", "netIncome": 309400000, "depreciation": 73700000, "changeToNetincome": -20900000, "changeToAccountReceivables": -321100000, "changeToLiabilities": -148100000, "changeToInventory": 262900000, "totalCashFromOperatingActivities": 156100000, "capitalExpenditures": -27900000, "otherCashflowsFromInvestingActivities": 36000000, "totalCashflowsFromInvestingActivities": 9500000, "dividendsPaid": -17200000, "netBorrowings": -147400000, "otherCashflowsFromFinancingActivities": -29700000, "totalCashFromFinancingActivities": -194300000, "changeInCash": -28700000}, {"maxAge": 1, "endDate": "2019-03-31", "netIncome": 84300000, "depreciation": 59200000, "changeToNetincome": 28900000, "changeToAccountReceivables": -196700000, "changeToLiabilities": 127400000, "changeToInventory": -327100000, "totalCashFromOperatingActivities": -223900000, "capitalExpenditures": -6400000, "otherCashflowsFromInvestingActivities": 28700000, "totalCashflowsFromInvestingActivities": 22400000, "dividendsPaid": -8600000, "netBorrowings": 276200000, "otherCashflowsFromFinancingActivities": -36200000, "totalCashFromFinancingActivities": 231400000, "changeInCash": 29900000}, {"maxAge": 1, "endDate": "2018-03-31", "netIncome": 33400000, "depreciation": 56800000, "changeToNetincome": -7000000, "changeToAccountReceivables": 69800000, "changeToLiabilities": 174000000, "changeToInventory": 178200000, "totalCashFromOperatingActivities": 505200000, "capitalExpenditures": -75800000, "otherCashflowsFromInvestingActivities": 18500000, "totalCashflowsFromInvestingActivities": -54600000, "dividendsPaid": -21500000, "netBorrowings": -418000000, "otherCashflowsFromFinancingActivities": -25300000, "totalCashFromFinancingActivities": -464800000, "changeInCash": -14200000}, {"maxAge": 1, "endDate": "2017-03-31", "netIncome": 159200000, "depreciation": 57000000, "changeToNetincome": 52200000, "changeToAccountReceivables": 122900000, "changeToLiabilities": -152600000, "changeToInventory": 113300000, "totalCashFromOperatingActivities": 352000000, "capitalExpenditures": -14300000, "otherCashflowsFromInvestingActivities": 9100000, "totalCashflowsFromInvestingActivities": -4700000, "dividendsPaid": -10300000, "netBorrowings": -275800000, "otherCashflowsFromFinancingActivities": -49500000, "totalCashFromFinancingActivities": -335600000, "changeInCash": 11700000}], "maxAge": 86400}, "institutionOwnership": {"ownershipList": [], "maxAge": 1}, "majorHoldersBreakdown": {"maxAge": 1, "insidersPercentHeld": 0.56938, "institutionsPercentHeld": 0.117589995, "institutionsFloatPercentHeld": 0.27308, "institutionsCount": 2}, "balanceSheetHistoryQuarterly": {"balanceSheetStatements": [{"maxAge": 1, "endDate": "2020-12-31", "totalStockholderEquity": 2910300000, "netTangibleAssets": 2910100000}, {"maxAge": 1, "endDate": "2020-09-30", "cash": 277600000, "shortTermInvestments": 2400000, "netReceivables": 423600000, "inventory": 347800000, "otherCurrentAssets": 24700000, "totalCurrentAssets": 1076100000, "longTermInvestments": 1249300000, "propertyPlantEquipment": 1069500000, "intangibleAssets": 200000, "otherAssets": 2800000, "totalAssets": 3397900000, "accountsPayable": 337300000, "otherCurrentLiab": 75700000, "otherLiab": 70400000, "totalCurrentLiabilities": 417200000, "totalLiab": 487600000, "commonStock": 86000000, "treasuryStock": 2824300000, "otherStockholderEquity": 2824300000, "totalStockholderEquity": 2910300000, "netTangibleAssets": 2910100000}, {"maxAge": 1, "endDate": "2020-06-30", "totalStockholderEquity": 2474600000, "netTangibleAssets": 2474300000}, {"maxAge": 1, "endDate": "2020-03-31", "cash": 4400000, "netReceivables": 696000000, "inventory": 392000000, "otherCurrentAssets": 7200000, "totalCurrentAssets": 1106000000, "longTermInvestments": 949000000, "propertyPlantEquipment": 1094700000, "intangibleAssets": 300000, "otherAssets": 2600000, "totalAssets": 3152600000, "accountsPayable": 277000000, "shortLongTermDebt": 30000000, "otherCurrentLiab": 78300000, "longTermDebt": 35600000, "otherLiab": 81900000, "totalCurrentLiabilities": 560500000, "totalLiab": 678000000, "commonStock": 86000000, "retainedEarnings": 1577100000, "treasuryStock": 795500000, "capitalSurplus": 16000000, "otherStockholderEquity": 795500000, "totalStockholderEquity": 2474600000, "netTangibleAssets": 2474300000}], "maxAge": 86400}, "indexTrend": {"maxAge": 1, "symbol": "SP5", "peRatio": 19.7411, "pegRatio": 1.34172, "estimates": [{"period": "0q", "growth": 0.549}, {"period": "+1q", "growth": 0.431}, {"period": "0y", "growth": 0.305}, {"period": "+1y", "growth": 0.109}, {"period": "+5y", "growth": 0.120865}, {"period": "-5y"}]}, "defaultKeyStatistics": {"maxAge": 1, "priceHint": 2, "enterpriseValue": 1173837696, "profitMargins": 0.10439, "floatShares": 2366270, "sharesOutstanding": 8598420, "heldPercentInsiders": 0.56938, "heldPercentInstitutions": 0.117589995, "beta": 0.342622, "category": null, "bookValue": 338.289, "priceToBook": 0.5177525, "fundFamily": null, "legalType": null, "lastFiscalYearEnd": "2020-03-31 05:30:00", "nextFiscalYearEnd": "2022-03-31 05:30:00", "mostRecentQuarter": "2020-12-31 05:30:00", "earningsQuarterlyGrowth": -0.922, "netIncomeToCommon": 268500000, "trailingEps": 31.217, "lastSplitFactor": null, "enterpriseToRevenue": 0.456, "enterpriseToEbitda": 3.477}, "summaryProfile": {"address1": "ESVIN House", "address2": "No.13 Rajiv Gandhi Salai (OMR) Seevaram Village Perungudi", "city": "Chennai", "zip": "600096", "country": "India", "phone": "91 44 249 61920", "website": "http://www.ponnisugars.com", "industry": "Confectioners", "sector": "Consumer Defensive", "longBusinessSummary": "Ponni Sugars (Erode) Limited manufactures sugar and its by-products in India. It operates in two segments, Sugar and Cogeneration. The company also engages in the cogeneration of power. Ponni Sugars (Erode) Limited also exports its products. The company was formerly known as SPB Sugars and Chemicals Limited and changed its name to Ponni Sugars (Erode) Limited in January 2000. Ponni Sugars (Erode) Limited was incorporated in 1996 and is based in Chennai, India.", "fullTimeEmployees": 137, "companyOfficers": [], "maxAge": 86400}, "netSharePurchaseActivity": {"maxAge": 1, "period": "6m", "buyInfoCount": 0, "buyInfoShares": 0, "sellInfoCount": 0, "netInfoCount": 0, "netInfoShares": 0, "netPercentInsiderShares": 0.0, "totalInsiderShares": 4924367}, "insiderTransactions": {"transactions": [{"maxAge": 1, "shares": 500466, "filerUrl": "", "transactionText": "", "filerName": "Pithawalla (Bharti Chhotubhai)", "filerRelation": "Director (Non-Executive)", "moneyText": "", "startDate": "2016-04-05", "ownership": "D"}, {"maxAge": 1, "shares": 500466, "filerUrl": "", "transactionText": "", "filerName": "Pithawalla (Bharti Chhotubhai)", "filerRelation": "Director (Non-Executive)", "moneyText": "", "startDate": "2016-03-28", "ownership": "D"}, {"maxAge": 1, "shares": 280000, "filerUrl": "", "transactionText": "", "filerName": "High Energy Batteries India, Ltd.", "filerRelation": "Promoter", "moneyText": "", "startDate": "2016-03-08", "ownership": "D"}, {"maxAge": 1, "shares": 425000, "filerUrl": "", "transactionText": "", "filerName": "Pithawalla (C K)", "filerRelation": "Promoter", "moneyText": "", "startDate": "2015-11-13", "ownership": "D"}, {"maxAge": 1, "shares": 500466, "filerUrl": "", "transactionText": "", "filerName": "Pithawalla (Bharti Chhotubhai)", "filerRelation": "Director (Non-Executive)", "moneyText": "", "startDate": "2015-07-10", "ownership": "D"}, {"maxAge": 1, "shares": 13000, "filerUrl": "", "transactionText": "", "filerName": "Time Square Investments Pvt. Ltd.", "filerRelation": "Promoter", "moneyText": "", "startDate": "2015-03-24", "ownership": "D"}, {"maxAge": 1, "shares": 137583, "filerUrl": "", "transactionText": "", "filerName": "Matheson Bosanquet Entps, Ltd.", "filerRelation": "Promoter", "moneyText": "", "startDate": "2014-06-17", "ownership": "D"}, {"maxAge": 1, "shares": 165405, "filerUrl": "", "transactionText": "", "filerName": "Lucky Valley Investments & Holdings, Ltd", "filerRelation": "Promoter", "moneyText": "", "startDate": "2014-06-17", "ownership": "D"}, {"maxAge": 1, "shares": 425000, "filerUrl": "", "transactionText": "", "filerName": "Pithawalla (C K)", "filerRelation": "Promoter", "moneyText": "", "startDate": "2013-03-29", "ownership": "D"}, {"maxAge": 1, "shares": 197019, "filerUrl": "", "transactionText": "", "filerName": "Hridaynath Consultancy Pvt Ltd", "filerRelation": "Institution- Corporation", "moneyText": "", "startDate": "2012-11-05", "ownership": "D"}, {"maxAge": 1, "shares": 173085, "filerUrl": "", "transactionText": "", "filerName": "Hridaynath Consultancy Pvt Ltd", "filerRelation": "Institution- Corporation", "moneyText": "", "startDate": "2012-07-27", "ownership": "D"}, {"maxAge": 1, "shares": 2611, "filerUrl": "", "transactionText": "", "filerName": "Hridaynath Consultancy Pvt Ltd", "filerRelation": "Institution- Corporation", "moneyText": "", "startDate": "2012-06-20", "ownership": "D"}, {"maxAge": 1, "shares": 28060, "filerUrl": "", "transactionText": "", "filerName": "Patel (Bharat Jayantilal)", "filerRelation": "UNREPORTED", "moneyText": "", "startDate": "2011-12-08", "ownership": "D"}, {"maxAge": 1, "shares": 425000, "filerUrl": "", "transactionText": "", "filerName": "Coromandel Sugars Ltd", "filerRelation": "Institution- Corporation", "moneyText": "", "startDate": "2010-08-06", "ownership": "D"}], "maxAge": 1}, "quoteType": {"exchange": "NSI", "quoteType": "EQUITY", "symbol": "PONNIERODE.NS", "underlyingSymbol": "PONNIERODE.NS", "shortName": "PONNI SUGARS ERODE", "longName": "Ponni Sugars (Erode) Limited", "firstTradeDateEpochUtc": "2002-07-01 09:15:00", "timeZoneFullName": "Asia/Kolkata", "timeZoneShortName": "IST", "uuid": "07368135-b6a0-3544-be57-1e3dbbf7298e", "gmtOffSetMilliseconds": 19800000, "maxAge": 1}, "incomeStatementHistory": {"incomeStatementHistory": [{"maxAge": 1, "endDate": "2020-03-31", "totalRevenue": 3104900000, "costOfRevenue": 2453200000, "grossProfit": 651700000, "researchDevelopment": {}, "sellingGeneralAdministrative": 164300000, "nonRecurring": {}, "otherOperatingExpenses": 72900000, "totalOperatingExpenses": 2764300000, "operatingIncome": 340600000, "totalOtherIncomeExpenseNet": 18300000, "ebit": 340600000, "interestExpense": -23400000, "incomeBeforeTax": 358900000, "incomeTaxExpense": 49500000, "minorityInterest": {}, "netIncomeFromContinuingOps": 309400000, "discontinuedOperations": {}, "extraordinaryItems": {}, "effectOfAccountingCharges": {}, "otherItems": {}, "netIncome": 309400000, "netIncomeApplicableToCommonShares": 309400000}, {"maxAge": 1, "endDate": "2019-03-31", "totalRevenue": 1848400000, "costOfRevenue": 1454700000, "grossProfit": 393700000, "researchDevelopment": {}, "sellingGeneralAdministrative": 143300000, "nonRecurring": {}, "otherOperatingExpenses": 54300000, "totalOperatingExpenses": 1711600000, "operatingIncome": 136800000, "totalOtherIncomeExpenseNet": -16800000, "ebit": 136800000, "interestExpense": -30100000, "incomeBeforeTax": 120000000, "incomeTaxExpense": 35700000, "minorityInterest": {}, "netIncomeFromContinuingOps": 84300000, "discontinuedOperations": {}, "extraordinaryItems": {}, "effectOfAccountingCharges": {}, "otherItems": {}, "netIncome": 84300000, "netIncomeApplicableToCommonShares": 84300000}, {"maxAge": 1, "endDate": "2018-03-31", "totalRevenue": 1959800000, "costOfRevenue": 1572700000, "grossProfit": 387100000, "researchDevelopment": {}, "sellingGeneralAdministrative": 142700000, "nonRecurring": {}, "otherOperatingExpenses": 34700000, "totalOperatingExpenses": 1806900000, "operatingIncome": 152900000, "totalOtherIncomeExpenseNet": -114900000, "ebit": 152900000, "interestExpense": -16300000, "incomeBeforeTax": 38000000, "incomeTaxExpense": 4600000, "minorityInterest": {}, "netIncomeFromContinuingOps": 33400000, "discontinuedOperations": {}, "extraordinaryItems": {}, "effectOfAccountingCharges": {}, "otherItems": {}, "netIncome": 33400000, "netIncomeApplicableToCommonShares": 33400000}, {"maxAge": 1, "endDate": "2017-03-31", "totalRevenue": 2508100000, "costOfRevenue": 1912600000, "grossProfit": 595500000, "researchDevelopment": {}, "sellingGeneralAdministrative": 143400000, "nonRecurring": {}, "otherOperatingExpenses": 71300000, "totalOperatingExpenses": 2184300000, "operatingIncome": 323800000, "totalOtherIncomeExpenseNet": -102000000, "ebit": 323800000, "interestExpense": -44600000, "incomeBeforeTax": 221800000, "incomeTaxExpense": 62600000, "minorityInterest": {}, "netIncomeFromContinuingOps": 159200000, "discontinuedOperations": {}, "extraordinaryItems": {}, "effectOfAccountingCharges": {}, "otherItems": {}, "netIncome": 159200000, "netIncomeApplicableToCommonShares": 159200000}], "maxAge": 86400}, "fundOwnership": {"ownershipList": [], "maxAge": 1}, "summaryDetail": {"maxAge": 1, "priceHint": 2, "previousClose": 168.1, "open": 164.05, "dayLow": 164.05, "dayHigh": 184.0, "regularMarketPreviousClose": 168.1, "regularMarketOpen": 164.05, "regularMarketDayLow": 164.05, "regularMarketDayHigh": 184.0, "dividendRate": 4.0, "dividendYield": 0.0238, "exDividendDate": "2020-08-11 05:30:00", "payoutRatio": 0.12810001, "beta": 0.342622, "trailingPE": 5.610725, "volume": 100682, "regularMarketVolume": 100682, "averageVolume": 7338, "averageVolume10days": 2540, "averageDailyVolume10Day": 2540, "bid": 0.0, "ask": 0.0, "bidSize": 0, "askSize": 0, "marketCap": 1469729152, "fiftyTwoWeekLow": 112.1, "fiftyTwoWeekHigh": 197.0, "priceToSalesTrailing12Months": 0.5714121, "fiftyDayAverage": 149.11818, "twoHundredDayAverage": 156.05571, "trailingAnnualDividendRate": 4.0, "trailingAnnualDividendYield": 0.023795359, "currency": "INR", "fromCurrency": null, "lastMarket": null, "algorithm": null, "tradeable": false}, "incomeStatementHistoryQuarterly": {"incomeStatementHistory": [{"maxAge": 1, "endDate": "2020-12-31", "totalRevenue": 546200000, "costOfRevenue": 455200000, "grossProfit": 91000000, "researchDevelopment": {}, "sellingGeneralAdministrative": 42100000, "nonRecurring": {}, "otherOperatingExpenses": 32400000, "totalOperatingExpenses": 544800000, "operatingIncome": 1400000, "totalOtherIncomeExpenseNet": 5300000, "ebit": 1400000, "interestExpense": {}, "incomeBeforeTax": 6700000, "incomeTaxExpense": 300000, "minorityInterest": {}, "netIncomeFromContinuingOps": 6400000, "discontinuedOperations": {}, "extraordinaryItems": {}, "effectOfAccountingCharges": {}, "otherItems": {}, "netIncome": 6400000, "netIncomeApplicableToCommonShares": 6400000}, {"maxAge": 1, "endDate": "2020-09-30", "totalRevenue": 776900000, "costOfRevenue": 593300000, "grossProfit": 183600000, "researchDevelopment": {}, "sellingGeneralAdministrative": 43800000, "nonRecurring": {}, "otherOperatingExpenses": 37100000, "totalOperatingExpenses": 689200000, "operatingIncome": 87700000, "totalOtherIncomeExpenseNet": 39600000, "ebit": 87700000, "interestExpense": -1200000, "incomeBeforeTax": 127300000, "incomeTaxExpense": 6600000, "minorityInterest": {}, "netIncomeFromContinuingOps": 120700000, "discontinuedOperations": {}, "extraordinaryItems": {}, "effectOfAccountingCharges": {}, "otherItems": {}, "netIncome": 120700000, "netIncomeApplicableToCommonShares": 120700000}, {"maxAge": 1, "endDate": "2020-06-30", "totalRevenue": 614600000, "costOfRevenue": 485600000, "grossProfit": 129000000, "researchDevelopment": {}, "sellingGeneralAdministrative": 44800000, "nonRecurring": {}, "otherOperatingExpenses": 17700000, "totalOperatingExpenses": 563300000, "operatingIncome": 51300000, "totalOtherIncomeExpenseNet": 1900000, "ebit": 51300000, "interestExpense": -3500000, "incomeBeforeTax": 53200000, "incomeTaxExpense": 2800000, "minorityInterest": {}, "netIncomeFromContinuingOps": 50400000, "discontinuedOperations": {}, "extraordinaryItems": {}, "effectOfAccountingCharges": {}, "otherItems": {}, "netIncome": 50400000, "netIncomeApplicableToCommonShares": 50400000}, {"maxAge": 1, "endDate": "2020-03-31", "totalRevenue": 634400000, "costOfRevenue": 516800000, "grossProfit": 117600000, "researchDevelopment": {}, "sellingGeneralAdministrative": 44100000, "nonRecurring": {}, "otherOperatingExpenses": -58100000, "totalOperatingExpenses": 521800000, "operatingIncome": 112600000, "totalOtherIncomeExpenseNet": -100000, "ebit": 112600000, "interestExpense": -4500000, "incomeBeforeTax": 112500000, "incomeTaxExpense": 21500000, "minorityInterest": {}, "netIncomeFromContinuingOps": 91000000, "discontinuedOperations": {}, "extraordinaryItems": {}, "effectOfAccountingCharges": {}, "otherItems": {}, "netIncome": 91000000, "netIncomeApplicableToCommonShares": 91000000}], "maxAge": 86400}, "cashflowStatementHistoryQuarterly": {"cashflowStatements": [{"maxAge": 1, "endDate": "2020-12-31", "netIncome": 6400000, "changeToLiabilities": 0}, {"maxAge": 1, "endDate": "2020-09-30", "netIncome": 120700000, "changeToLiabilities": 0}, {"maxAge": 1, "endDate": "2020-06-30", "netIncome": 50400000, "changeToLiabilities": 0}, {"maxAge": 1, "endDate": "2020-03-31", "netIncome": 91000000, "changeToLiabilities": 0}], "maxAge": 86400}, "insiderHolders": {"holders": [{"maxAge": 1, "name": "Coromandel Sugars Ltd", "relation": "Institution- Corporation", "url": "", "transactionDescription": "Acquisition", "latestTransDate": "2010-08-06", "positionDirect": 579348, "positionDirectDate": "2010-08-06"}, {"maxAge": 1, "name": "High Energy Batteries India, Ltd.", "relation": "Promoter", "url": "", "transactionDescription": "Sale", "latestTransDate": "2016-03-08", "positionDirect": 382, "positionDirectDate": "2016-03-08"}, {"maxAge": 1, "name": "Hridaynath Consultancy Pvt Ltd", "relation": "Institution- Corporation", "url": "", "transactionDescription": "Acquisition", "latestTransDate": "2012-11-05", "positionDirect": 801951, "positionDirectDate": "2012-11-05"}, {"maxAge": 1, "name": "Lucky Valley Investments & Holdings, Ltd", "relation": "Promoter", "url": "", "transactionDescription": "Sale", "latestTransDate": "2014-06-17", "positionDirect": 0, "positionDirectDate": "2014-06-17"}, {"maxAge": 1, "name": "Matheson Bosanquet Entps, Ltd.", "relation": "Promoter", "url": "", "transactionDescription": "Sale", "latestTransDate": "2014-06-17", "positionDirect": 0, "positionDirectDate": "2014-06-17"}, {"maxAge": 1, "name": "Patel (Bharat Jayantilal)", "relation": "UNREPORTED", "url": "", "transactionDescription": "Acquisition", "latestTransDate": "2011-12-08", "positionDirect": 38033, "positionDirectDate": "2011-12-08"}, {"maxAge": 1, "name": "Pithawalla (Bharti Chhotubhai)", "relation": "Director (Non-Executive)", "url": "", "transactionDescription": "Purchase", "latestTransDate": "2016-04-05", "positionDirect": 500466, "positionDirectDate": "2016-04-05"}, {"maxAge": 1, "name": "Pithawalla (C K)", "relation": "Promoter", "url": "", "transactionDescription": "Sale", "latestTransDate": "2015-11-13", "positionDirect": 0, "positionDirectDate": "2015-11-13"}, {"maxAge": 1, "name": "Time Square Investments Pvt. Ltd.", "relation": "Promoter", "url": "", "transactionDescription": "Purchase", "latestTransDate": "2015-03-24", "positionDirect": 773004, "positionDirectDate": "2015-03-24"}], "maxAge": 1}, "calendarEvents": {"maxAge": 1, "earnings": {"earningsDate": []}, "exDividendDate": "2020-08-11 05:30:00"}, "upgradeDowngradeHistory": {"history": [], "maxAge": 86400}, "price": {"maxAge": 1, "regularMarketChangePercent": 0.041939247, "regularMarketChange": 7.049988, "regularMarketTime": "2021-04-30 15:29:41", "priceHint": 2, "regularMarketPrice": 175.15, "regularMarketDayHigh": 184.0, "regularMarketDayLow": 164.05, "regularMarketVolume": 100682, "averageDailyVolume10Day": 2540, "averageDailyVolume3Month": 7338, "regularMarketPreviousClose": 168.1, "regularMarketSource": "FREE_REALTIME", "regularMarketOpen": 164.05, "exchange": "NSI", "exchangeName": "NSE", "exchangeDataDelayedBy": 15, "marketState": "CLOSED", "quoteType": "EQUITY", "symbol": "PONNIERODE.NS", "underlyingSymbol": null, "shortName": "PONNI SUGARS ERODE", "longName": "Ponni Sugars (Erode) Limited", "currency": "INR", "quoteSourceName": "Delayed Quote", "currencySymbol": "\u20b9", "fromCurrency": null, "lastMarket": null, "marketCap": 1469729152}, "balanceSheetHistory": {"balanceSheetStatements": [{"maxAge": 1, "endDate": "2020-03-31", "cash": 4400000, "netReceivables": 696000000, "inventory": 392000000, "otherCurrentAssets": 7200000, "totalCurrentAssets": 1106000000, "longTermInvestments": 949000000, "propertyPlantEquipment": 1094700000, "intangibleAssets": 300000, "otherAssets": 2600000, "totalAssets": 3152600000, "accountsPayable": 277000000, "shortLongTermDebt": 30000000, "otherCurrentLiab": 78300000, "longTermDebt": 35600000, "otherLiab": 81900000, "totalCurrentLiabilities": 560500000, "totalLiab": 678000000, "commonStock": 86000000, "retainedEarnings": 1577100000, "treasuryStock": 795500000, "capitalSurplus": 16000000, "otherStockholderEquity": 795500000, "totalStockholderEquity": 2474600000, "netTangibleAssets": 2474300000}, {"maxAge": 1, "endDate": "2019-03-31", "cash": 33100000, "netReceivables": 382000000, "inventory": 644700000, "otherCurrentAssets": 6400000, "totalCurrentAssets": 1073100000, "longTermInvestments": 1686100000, "propertyPlantEquipment": 1142400000, "intangibleAssets": 400000, "otherAssets": 6000000, "totalAssets": 3908000000, "accountsPayable": 362800000, "otherCurrentLiab": 144700000, "otherLiab": 88900000, "totalCurrentLiabilities": 892300000, "totalLiab": 981200000, "commonStock": 86000000, "retainedEarnings": 1292200000, "treasuryStock": 1532600000, "capitalSurplus": 16000000, "otherStockholderEquity": 1532600000, "totalStockholderEquity": 2926800000, "netTangibleAssets": 2926400000}, {"maxAge": 1, "endDate": "2018-03-31", "cash": 3200000, "netReceivables": 185700000, "inventory": 315300000, "otherCurrentAssets": 8500000, "totalCurrentAssets": 518300000, "longTermInvestments": 1562400000, "propertyPlantEquipment": 1195500000, "intangibleAssets": 300000, "otherAssets": 7100000, "totalAssets": 3283600000, "accountsPayable": 369700000, "shortLongTermDebt": 57400000, "otherCurrentLiab": 23600000, "otherLiab": 67700000, "totalCurrentLiabilities": 487200000, "totalLiab": 554900000, "commonStock": 86000000, "retainedEarnings": 1217800000, "treasuryStock": 1408900000, "capitalSurplus": 16000000, "otherStockholderEquity": 1408900000, "totalStockholderEquity": 2728700000, "netTangibleAssets": 2728400000}, {"maxAge": 1, "endDate": "2017-03-31", "cash": 17400000, "shortTermInvestments": 5100000, "netReceivables": 244100000, "inventory": 498200000, "otherCurrentAssets": 10400000, "totalCurrentAssets": 782900000, "longTermInvestments": 1407000000, "propertyPlantEquipment": 1183900000, "intangibleAssets": 100000, "otherAssets": 4700000, "totalAssets": 3378600000, "accountsPayable": 146500000, "shortLongTermDebt": 111800000, "otherCurrentLiab": 44800000, "longTermDebt": 248300000, "otherLiab": 80600000, "totalCurrentLiabilities": 483900000, "totalLiab": 812800000, "commonStock": 86000000, "retainedEarnings": 1210200000, "treasuryStock": 1253600000, "capitalSurplus": 16000000, "otherStockholderEquity": 1253600000, "totalStockholderEquity": 2565800000, "netTangibleAssets": 2565700000}], "maxAge": 86400}, "financialData": {"maxAge": 86400, "currentPrice": 175.15, "recommendationKey": "none", "totalCash": 280000000, "totalCashPerShare": 32.375, "ebitda": 337575008, "totalDebt": 0, "totalRevenue": 2572100096, "revenuePerShare": 299.045, "grossProfits": 651700000, "earningsGrowth": -0.923, "revenueGrowth": -0.231, "grossMargins": 0.20264, "ebitdaMargins": 0.13124, "operatingMargins": 0.09836, "profitMargins": 0.10439, "financialCurrency": "INR"}}}