{"PONNIERODE.BO": {"recommendationTrend": {"trend": [{"period": "0m", "strongBuy": 0, "buy": 0, "hold": 0, "sell": 0, "strongSell": 0}, {"period": "-1m", "strongBuy": 0, "buy": 0, "hold": 0, "sell": 0, "strongSell": 0}, {"period": "-2m", "strongBuy": 0, "buy": 0, "hold": 0, "sell": 0, "strongSell": 0}, {"period": "-3m", "strongBuy": 0, "buy": 0, "hold": 0, "sell": 0, "strongSell": 0}], "maxAge": 86400}, "cashflowStatementHistory": {"cashflowStatements": [{"maxAge": 1, "endDate": "2020-03-31", "netIncome": 309400000, "depreciation": 73700000, "changeToNetincome": -20900000, "changeToAccountReceivables": -321100000, "changeToLiabilities": -148100000, "changeToInventory": 262900000, "totalCashFromOperatingActivities": 156100000, "capitalExpenditures": -27900000, "otherCashflowsFromInvestingActivities": 36000000, "totalCashflowsFromInvestingActivities": 9500000, "dividendsPaid": -17200000, "netBorrowings": -147400000, "otherCashflowsFromFinancingActivities": -29700000, "totalCashFromFinancingActivities": -194300000, "changeInCash": -28700000}, {"maxAge": 1, "endDate": "2019-03-31", "netIncome": 84300000, "depreciation": 59200000, "changeToNetincome": 28900000, "changeToAccountReceivables": -196700000, "changeToLiabilities": 127400000, "changeToInventory": -327100000, "totalCashFromOperatingActivities": -223900000, "capitalExpenditures": -6400000, "otherCashflowsFromInvestingActivities": 28700000, "totalCashflowsFromInvestingActivities": 22400000, "dividendsPaid": -8600000, "netBorrowings": 276200000, "otherCashflowsFromFinancingActivities": -36200000, "totalCashFromFinancingActivities": 231400000, "changeInCash": 29900000}, {"maxAge": 1, "endDate": "2018-03-31", "netIncome": 33400000, "depreciation": 56800000, "changeToNetincome": -7000000, "changeToAccountReceivables": 69800000, "changeToLiabilities": 174000000, "changeToInventory": 178200000, "totalCashFromOperatingActivities": 505200000, "capitalExpenditures": -75800000, "otherCashflowsFromInvestingActivities": 18500000, "totalCashflowsFromInvestingActivities": -54600000, "dividendsPaid": -21500000, "netBorrowings": -418000000, "otherCashflowsFromFinancingActivities": -25300000, "totalCashFromFinancingActivities": -464800000, "changeInCash": -14200000}, {"maxAge": 1, "endDate": "2017-03-31", "netIncome": 159200000, "depreciation": 57000000, "changeToNetincome": 52200000, "changeToAccountReceivables": 122900000, "changeToLiabilities": -152600000, "changeToInventory": 113300000, "totalCashFromOperatingActivities": 352000000, "capitalExpenditures": -14300000, "otherCashflowsFromInvestingActivities": 9100000, "totalCashflowsFromInvestingActivities": -4700000, "dividendsPaid": -10300000, "netBorrowings": -275800000, "otherCashflowsFromFinancingActivities": -49500000, "totalCashFromFinancingActivities": -335600000, "changeInCash": 11700000}], "maxAge": 86400}, "institutionOwnership": {"maxAge": 1, "ownershipList": []}, "balanceSheetHistoryQuarterly": {"balanceSheetStatements": [{"maxAge": 1, "endDate": "2020-06-30", "totalStockholderEquity": 2474600000, "netTangibleAssets": 2474300000}, {"maxAge": 1, "endDate": "2020-03-31", "cash": 4400000, "netReceivables": 696000000, "inventory": 392000000, "otherCurrentAssets": 7200000, "totalCurrentAssets": 1106000000, "longTermInvestments": 949000000, "propertyPlantEquipment": 1094700000, "intangibleAssets": 300000, "otherAssets": 2600000, "totalAssets": 3152600000, "accountsPayable": 277000000, "shortLongTermDebt": 30000000, "otherCurrentLiab": 78300000, "longTermDebt": 35600000, "otherLiab": 81900000, "totalCurrentLiabilities": 560500000, "totalLiab": 678000000, "commonStock": 86000000, "retainedEarnings": 1577100000, "treasuryStock": 795500000, "capitalSurplus": 16000000, "otherStockholderEquity": 795500000, "totalStockholderEquity": 2474600000, "netTangibleAssets": 2474300000}, {"maxAge": 1, "endDate": "2019-12-31", "totalStockholderEquity": 3218300000, "netTangibleAssets": 3218000000}, {"maxAge": 1, "endDate": "2019-09-30", "cash": 15000000, "netReceivables": 574100000, "inventory": 418700000, "otherCurrentAssets": 21300000, "totalCurrentAssets": 1029100000, "longTermInvestments": 1864200000, "propertyPlantEquipment": 1112300000, "intangibleAssets": 300000, "otherAssets": 5700000, "totalAssets": 4011600000, "accountsPayable": 326100000, "otherCurrentLiab": 155900000, "longTermDebt": 50600000, "otherLiab": 124200000, "totalCurrentLiabilities": 618500000, "totalLiab": 793300000, "commonStock": 86000000, "treasuryStock": 3132300000, "otherStockholderEquity": 3132300000, "totalStockholderEquity": 3218300000, "netTangibleAssets": 3218000000}], "maxAge": 86400}, "earningsHistory": {"history": [{"maxAge": 1, "epsActual": {}, "epsEstimate": {}, "epsDifference": {}, "surprisePercent": {}, "quarter": {}, "period": "-4q"}, {"maxAge": 1, "epsActual": {}, "epsEstimate": {}, "epsDifference": {}, "surprisePercent": {}, "quarter": {}, "period": "-3q"}, {"maxAge": 1, "epsActual": {}, "epsEstimate": {}, "epsDifference": {}, "surprisePercent": {}, "quarter": {}, "period": "-2q"}, {"maxAge": 1, "epsActual": {}, "epsEstimate": {}, "epsDifference": {}, "surprisePercent": {}, "quarter": {}, "period": "-1q"}], "maxAge": 86400}, "indexTrend": {"maxAge": 1, "symbol": "SP5", "peRatio": 19.7411, "pegRatio": 1.34172, "estimates": [{"period": "0q", "growth": 0.549}, {"period": "+1q", "growth": 0.431}, {"period": "0y", "growth": 0.305}, {"period": "+1y", "growth": 0.109}, {"period": "+5y", "growth": 0.120865}, {"period": "-5y"}]}, "industryTrend": {"maxAge": 1, "symbol": null, "estimates": []}, "insiderTransactions": {"transactions": [{"maxAge": 1, "shares": 500466, "filerUrl": "", "transactionText": "", "filerName": "Pithawalla (Bharti Chhotubhai)", "filerRelation": "Director (Non-Executive)", "moneyText": "", "startDate": "2016-04-05", "ownership": "D"}, {"maxAge": 1, "shares": 500466, "filerUrl": "", "transactionText": "", "filerName": "Pithawalla (Bharti Chhotubhai)", "filerRelation": "Director (Non-Executive)", "moneyText": "", "startDate": "2016-03-28", "ownership": "D"}, {"maxAge": 1, "shares": 280000, "filerUrl": "", "transactionText": "", "filerName": "High Energy Batteries India, Ltd.", "filerRelation": "Promoter", "moneyText": "", "startDate": "2016-03-08", "ownership": "D"}, {"maxAge": 1, "shares": 425000, "filerUrl": "", "transactionText": "", "filerName": "Pithawalla (C K)", "filerRelation": "Promoter", "moneyText": "", "startDate": "2015-11-13", "ownership": "D"}, {"maxAge": 1, "shares": 500466, "filerUrl": "", "transactionText": "", "filerName": "Pithawalla (Bharti Chhotubhai)", "filerRelation": "Director (Non-Executive)", "moneyText": "", "startDate": "2015-07-10", "ownership": "D"}, {"maxAge": 1, "shares": 13000, "filerUrl": "", "transactionText": "", "filerName": "Time Square Investments Pvt. Ltd.", "filerRelation": "Promoter", "moneyText": "", "startDate": "2015-03-24", "ownership": "D"}, {"maxAge": 1, "shares": 165405, "filerUrl": "", "transactionText": "", "filerName": "Lucky Valley Investments & Holdings, Ltd", "filerRelation": "Promoter", "moneyText": "", "startDate": "2014-06-17", "ownership": "D"}, {"maxAge": 1, "shares": 137583, "filerUrl": "", "transactionText": "", "filerName": "Matheson Bosanquet Entps, Ltd.", "filerRelation": "Promoter", "moneyText": "", "startDate": "2014-06-17", "ownership": "D"}, {"maxAge": 1, "shares": 425000, "filerUrl": "", "transactionText": "", "filerName": "Pithawalla (C K)", "filerRelation": "Promoter", "moneyText": "", "startDate": "2013-03-29", "ownership": "D"}, {"maxAge": 1, "shares": 197019, "filerUrl": "", "transactionText": "", "filerName": "Hridaynath Consultancy Pvt Ltd", "filerRelation": "Institution- Corporation", "moneyText": "", "startDate": "2012-11-05", "ownership": "D"}, {"maxAge": 1, "shares": 173085, "filerUrl": "", "transactionText": "", "filerName": "Hridaynath Consultancy Pvt Ltd", "filerRelation": "Institution- Corporation", "moneyText": "", "startDate": "2012-07-27", "ownership": "D"}, {"maxAge": 1, "shares": 2611, "filerUrl": "", "transactionText": "", "filerName": "Hridaynath Consultancy Pvt Ltd", "filerRelation": "Institution- Corporation", "moneyText": "", "startDate": "2012-06-20", "ownership": "D"}, {"maxAge": 1, "shares": 28060, "filerUrl": "", "transactionText": "", "filerName": "Patel (Bharat Jayantilal)", "filerRelation": "UNREPORTED", "moneyText": "", "startDate": "2011-12-08", "ownership": "D"}, {"maxAge": 1, "shares": 425000, "filerUrl": "", "transactionText": "", "filerName": "Coromandel Sugars Ltd", "filerRelation": "Institution- Corporation", "moneyText": "", "startDate": "2010-08-06", "ownership": "D"}], "maxAge": 1}, "quoteType": {"exchange": "BSE", "quoteType": "EQUITY", "symbol": "PONNIERODE.BO", "underlyingSymbol": "PONNIERODE.BO", "shortName": "PONNI SUGARS (ERODE) LTD.", "longName": "Ponni Sugars (Erode) Limited", "firstTradeDateEpochUtc": "2002-04-18 09:15:00", "timeZoneFullName": "Asia/Kolkata", "timeZoneShortName": "IST", "uuid": "1fae9632-6e34-3ef0-8ef6-76e9d80654a0", "messageBoardId": null, "gmtOffSetMilliseconds": 19800000, "maxAge": 1}, "incomeStatementHistory": {"incomeStatementHistory": [{"maxAge": 1, "endDate": "2020-03-31", "totalRevenue": 3104900000, "costOfRevenue": 2453200000, "grossProfit": 651700000, "researchDevelopment": {}, "sellingGeneralAdministrative": 164300000, "nonRecurring": {}, "otherOperatingExpenses": 72900000, "totalOperatingExpenses": 2764300000, "operatingIncome": 340600000, "totalOtherIncomeExpenseNet": 18300000, "ebit": 340600000, "interestExpense": -23400000, "incomeBeforeTax": 358900000, "incomeTaxExpense": 49500000, "minorityInterest": {}, "netIncomeFromContinuingOps": 309400000, "discontinuedOperations": {}, "extraordinaryItems": {}, "effectOfAccountingCharges": {}, "otherItems": {}, "netIncome": 309400000, "netIncomeApplicableToCommonShares": 309400000}, {"maxAge": 1, "endDate": "2019-03-31", "totalRevenue": 1848400000, "costOfRevenue": 1454700000, "grossProfit": 393700000, "researchDevelopment": {}, "sellingGeneralAdministrative": 143300000, "nonRecurring": {}, "otherOperatingExpenses": 54300000, "totalOperatingExpenses": 1711600000, "operatingIncome": 136800000, "totalOtherIncomeExpenseNet": -16800000, "ebit": 136800000, "interestExpense": -30100000, "incomeBeforeTax": 120000000, "incomeTaxExpense": 35700000, "minorityInterest": {}, "netIncomeFromContinuingOps": 84300000, "discontinuedOperations": {}, "extraordinaryItems": {}, "effectOfAccountingCharges": {}, "otherItems": {}, "netIncome": 84300000, "netIncomeApplicableToCommonShares": 84300000}, {"maxAge": 1, "endDate": "2018-03-31", "totalRevenue": 1959800000, "costOfRevenue": 1572700000, "grossProfit": 387100000, "researchDevelopment": {}, "sellingGeneralAdministrative": 142700000, "nonRecurring": {}, "otherOperatingExpenses": 34700000, "totalOperatingExpenses": 1806900000, "operatingIncome": 152900000, "totalOtherIncomeExpenseNet": -114900000, "ebit": 152900000, "interestExpense": -16300000, "incomeBeforeTax": 38000000, "incomeTaxExpense": 4600000, "minorityInterest": {}, "netIncomeFromContinuingOps": 33400000, "discontinuedOperations": {}, "extraordinaryItems": {}, "effectOfAccountingCharges": {}, "otherItems": {}, "netIncome": 33400000, "netIncomeApplicableToCommonShares": 33400000}, {"maxAge": 1, "endDate": "2017-03-31", "totalRevenue": 2508100000, "costOfRevenue": 1912600000, "grossProfit": 595500000, "researchDevelopment": {}, "sellingGeneralAdministrative": 143400000, "nonRecurring": {}, "otherOperatingExpenses": 71300000, "totalOperatingExpenses": 2184300000, "operatingIncome": 323800000, "totalOtherIncomeExpenseNet": -102000000, "ebit": 323800000, "interestExpense": -44600000, "incomeBeforeTax": 221800000, "incomeTaxExpense": 62600000, "minorityInterest": {}, "netIncomeFromContinuingOps": 159200000, "discontinuedOperations": {}, "extraordinaryItems": {}, "effectOfAccountingCharges": {}, "otherItems": {}, "netIncome": 159200000, "netIncomeApplicableToCommonShares": 159200000}], "maxAge": 86400}, "fundOwnership": {"maxAge": 1, "ownershipList": []}, "summaryDetail": {"maxAge": 1, "priceHint": 2, "previousClose": 164.05, "open": 163.8, "dayLow": 163.8, "dayHigh": 184.25, "regularMarketPreviousClose": 164.05, "regularMarketOpen": 163.8, "regularMarketDayLow": 163.8, "regularMarketDayHigh": 184.25, "trailingPE": 4.2841573, "volume": 10831, "regularMarketVolume": 10831, "averageVolume": 1678, "averageVolume10days": 2982, "averageDailyVolume10Day": 2982, "bid": 173.55, "ask": 175.95, "bidSize": 0, "askSize": 0, "marketCap": 1520630656, "fiftyTwoWeekLow": 87.55, "fiftyTwoWeekHigh": 193.25, "fiftyDayAverage": 158.85735, "twoHundredDayAverage": 160.6022, "trailingAnnualDividendRate": 4.0, "trailingAnnualDividendYield": 0.02438281, "currency": "INR", "fromCurrency": null, "toCurrency": null, "lastMarket": null, "algorithm": null, "tradeable": false}, "sectorTrend": {"maxAge": 1, "symbol": null, "estimates": []}, "incomeStatementHistoryQuarterly": {"incomeStatementHistory": [{"maxAge": 1, "endDate": "2020-06-30", "totalRevenue": 614600000, "costOfRevenue": 485600000, "grossProfit": 129000000, "researchDevelopment": {}, "sellingGeneralAdministrative": 44800000, "nonRecurring": {}, "otherOperatingExpenses": 17700000, "totalOperatingExpenses": 563300000, "operatingIncome": 51300000, "totalOtherIncomeExpenseNet": 1900000, "ebit": 51300000, "interestExpense": -3500000, "incomeBeforeTax": 53200000, "incomeTaxExpense": 2800000, "minorityInterest": {}, "netIncomeFromContinuingOps": 50400000, "discontinuedOperations": {}, "extraordinaryItems": {}, "effectOfAccountingCharges": {}, "otherItems": {}, "netIncome": 50400000, "netIncomeApplicableToCommonShares": 50400000}, {"maxAge": 1, "endDate": "2020-03-31", "totalRevenue": 634400000, "costOfRevenue": 516800000, "grossProfit": 117600000, "researchDevelopment": {}, "sellingGeneralAdministrative": 44100000, "nonRecurring": {}, "otherOperatingExpenses": -58100000, "totalOperatingExpenses": 521800000, "operatingIncome": 112600000, "totalOtherIncomeExpenseNet": -100000, "ebit": 112600000, "interestExpense": -4500000, "incomeBeforeTax": 112500000, "incomeTaxExpense": 21500000, "minorityInterest": {}, "netIncomeFromContinuingOps": 91000000, "discontinuedOperations": {}, "extraordinaryItems": {}, "effectOfAccountingCharges": {}, "otherItems": {}, "netIncome": 91000000, "netIncomeApplicableToCommonShares": 91000000}, {"maxAge": 1, "endDate": "2019-12-31", "totalRevenue": 710000000, "costOfRevenue": 549700000, "grossProfit": 160300000, "researchDevelopment": {}, "sellingGeneralAdministrative": 40300000, "nonRecurring": {}, "otherOperatingExpenses": 48200000, "totalOperatingExpenses": 655500000, "operatingIncome": 54500000, "totalOtherIncomeExpenseNet": -3100000, "ebit": 54500000, "interestExpense": -3800000, "incomeBeforeTax": 51400000, "incomeTaxExpense": -31100000, "minorityInterest": {}, "netIncomeFromContinuingOps": 82500000, "discontinuedOperations": {}, "extraordinaryItems": {}, "effectOfAccountingCharges": {}, "otherItems": {}, "netIncome": 82500000, "netIncomeApplicableToCommonShares": 82500000}, {"maxAge": 1, "endDate": "2019-09-30", "totalRevenue": 1085200000, "costOfRevenue": 807700000, "grossProfit": 277500000, "researchDevelopment": {}, "sellingGeneralAdministrative": 40700000, "nonRecurring": {}, "otherOperatingExpenses": 57900000, "totalOperatingExpenses": 929000000, "operatingIncome": 156200000, "totalOtherIncomeExpenseNet": 30800000, "ebit": 156200000, "interestExpense": -5400000, "incomeBeforeTax": 187000000, "incomeTaxExpense": 56100000, "minorityInterest": {}, "netIncomeFromContinuingOps": 130900000, "discontinuedOperations": {}, "extraordinaryItems": {}, "effectOfAccountingCharges": {}, "otherItems": {}, "netIncome": 130900000, "netIncomeApplicableToCommonShares": 130900000}], "maxAge": 86400}, "cashflowStatementHistoryQuarterly": {"cashflowStatements": [{"maxAge": 1, "endDate": "2020-06-30", "netIncome": 50400000, "changeToLiabilities": 0}, {"maxAge": 1, "endDate": "2020-03-31", "netIncome": 91000000, "changeToLiabilities": 0}, {"maxAge": 1, "endDate": "2019-12-31", "netIncome": 82500000, "changeToLiabilities": 0}, {"maxAge": 1, "endDate": "2019-09-30", "netIncome": 130900000, "changeToLiabilities": 0}], "maxAge": 86400}, "insiderHolders": {"holders": [{"maxAge": 1, "name": "Coromandel Sugars Ltd", "relation": "Institution- Corporation", "url": "", "transactionDescription": "Acquisition", "latestTransDate": "2010-08-06", "positionDirect": 579348, "positionDirectDate": "2010-08-06"}, {"maxAge": 1, "name": "High Energy Batteries India, Ltd.", "relation": "Promoter", "url": "", "transactionDescription": "Sale", "latestTransDate": "2016-03-08", "positionDirect": 382, "positionDirectDate": "2016-03-08"}, {"maxAge": 1, "name": "Hridaynath Consultancy Pvt Ltd", "relation": "Institution- Corporation", "url": "", "transactionDescription": "Acquisition", "latestTransDate": "2012-11-05", "positionDirect": 801951, "positionDirectDate": "2012-11-05"}, {"maxAge": 1, "name": "Lucky Valley Investments & Holdings, Ltd", "relation": "Promoter", "url": "", "transactionDescription": "Sale", "latestTransDate": "2014-06-17", "positionDirect": 0, "positionDirectDate": "2014-06-17"}, {"maxAge": 1, "name": "Matheson Bosanquet Entps, Ltd.", "relation": "Promoter", "url": "", "transactionDescription": "Sale", "latestTransDate": "2014-06-17", "positionDirect": 0, "positionDirectDate": "2014-06-17"}, {"maxAge": 1, "name": "Patel (Bharat Jayantilal)", "relation": "UNREPORTED", "url": "", "transactionDescription": "Acquisition", "latestTransDate": "2011-12-08", "positionDirect": 38033, "positionDirectDate": "2011-12-08"}, {"maxAge": 1, "name": "Pithawalla (Bharti Chhotubhai)", "relation": "Director (Non-Executive)", "url": "", "transactionDescription": "Purchase", "latestTransDate": "2016-04-05", "positionDirect": 500466, "positionDirectDate": "2016-04-05"}, {"maxAge": 1, "name": "Pithawalla (C K)", "relation": "Promoter", "url": "", "transactionDescription": "Sale", "latestTransDate": "2015-11-13", "positionDirect": 0, "positionDirectDate": "2015-11-13"}, {"maxAge": 1, "name": "Time Square Investments Pvt. Ltd.", "relation": "Promoter", "url": "", "transactionDescription": "Purchase", "latestTransDate": "2015-03-24", "positionDirect": 773004, "positionDirectDate": "2015-03-24"}], "maxAge": 1}, "earnings": {"maxAge": 86400, "earningsChart": {"quarterly": [], "earningsDate": []}, "financialsChart": {"yearly": [{"date": 2017, "revenue": 2508100000, "earnings": 159200000}, {"date": 2018, "revenue": 1959800000, "earnings": 33400000}, {"date": 2019, "revenue": 1848400000, "earnings": 84300000}, {"date": 2020, "revenue": 3104900000, "earnings": 309400000}], "quarterly": [{"date": "3Q2019", "revenue": 1085200000, "earnings": 130900000}, {"date": "4Q2019", "revenue": 710000000, "earnings": 82500000}, {"date": "1Q2020", "revenue": 634400000, "earnings": 91000000}, {"date": "2Q2020", "revenue": 614600000, "earnings": 50400000}]}, "financialCurrency": "INR"}, "calendarEvents": {"maxAge": 1, "earnings": {"earningsDate": []}}, "price": {"maxAge": 1, "regularMarketChangePercent": 0.07802501, "regularMarketChange": 12.800003, "regularMarketTime": "2021-04-30 15:08:01", "priceHint": 2, "regularMarketPrice": 176.85, "regularMarketDayHigh": 184.25, "regularMarketDayLow": 163.8, "regularMarketVolume": 10831, "averageDailyVolume10Day": 2982, "averageDailyVolume3Month": 1678, "regularMarketPreviousClose": 164.05, "regularMarketSource": "FREE_REALTIME", "regularMarketOpen": 163.8, "exchange": "BSE", "exchangeName": "BSE", "exchangeDataDelayedBy": 0, "marketState": "CLOSED", "quoteType": "EQUITY", "symbol": "PONNIERODE.BO", "underlyingSymbol": null, "shortName": "PONNI SUGARS (ERODE) LTD.", "longName": "Ponni Sugars (Erode) Limited", "currency": "INR", "quoteSourceName": "Delayed Quote", "currencySymbol": "\u20b9", "fromCurrency": null, "toCurrency": null, "lastMarket": null, "marketCap": 1520630656}, "balanceSheetHistory": {"balanceSheetStatements": [{"maxAge": 1, "endDate": "2020-03-31", "cash": 4400000, "netReceivables": 696000000, "inventory": 392000000, "otherCurrentAssets": 7200000, "totalCurrentAssets": 1106000000, "longTermInvestments": 949000000, "propertyPlantEquipment": 1094700000, "intangibleAssets": 300000, "otherAssets": 2600000, "totalAssets": 3152600000, "accountsPayable": 277000000, "shortLongTermDebt": 30000000, "otherCurrentLiab": 78300000, "longTermDebt": 35600000, "otherLiab": 81900000, "totalCurrentLiabilities": 560500000, "totalLiab": 678000000, "commonStock": 86000000, "retainedEarnings": 1577100000, "treasuryStock": 795500000, "capitalSurplus": 16000000, "otherStockholderEquity": 795500000, "totalStockholderEquity": 2474600000, "netTangibleAssets": 2474300000}, {"maxAge": 1, "endDate": "2019-03-31", "cash": 33100000, "netReceivables": 382000000, "inventory": 644700000, "otherCurrentAssets": 6400000, "totalCurrentAssets": 1073100000, "longTermInvestments": 1686100000, "propertyPlantEquipment": 1142400000, "intangibleAssets": 400000, "otherAssets": 6000000, "totalAssets": 3908000000, "accountsPayable": 362800000, "otherCurrentLiab": 144700000, "otherLiab": 88900000, "totalCurrentLiabilities": 892300000, "totalLiab": 981200000, "commonStock": 86000000, "retainedEarnings": 1292200000, "treasuryStock": 1532600000, "capitalSurplus": 16000000, "otherStockholderEquity": 1532600000, "totalStockholderEquity": 2926800000, "netTangibleAssets": 2926400000}, {"maxAge": 1, "endDate": "2018-03-31", "cash": 3200000, "netReceivables": 185700000, "inventory": 315300000, "otherCurrentAssets": 8500000, "totalCurrentAssets": 518300000, "longTermInvestments": 1562400000, "propertyPlantEquipment": 1195500000, "intangibleAssets": 300000, "otherAssets": 7100000, "totalAssets": 3283600000, "accountsPayable": 369700000, "shortLongTermDebt": 57400000, "otherCurrentLiab": 23600000, "otherLiab": 67700000, "totalCurrentLiabilities": 487200000, "totalLiab": 554900000, "commonStock": 86000000, "retainedEarnings": 1217800000, "treasuryStock": 1408900000, "capitalSurplus": 16000000, "otherStockholderEquity": 1408900000, "totalStockholderEquity": 2728700000, "netTangibleAssets": 2728400000}, {"maxAge": 1, "endDate": "2017-03-31", "cash": 17400000, "shortTermInvestments": 5100000, "netReceivables": 244100000, "inventory": 498200000, "otherCurrentAssets": 10400000, "totalCurrentAssets": 782900000, "longTermInvestments": 1407000000, "propertyPlantEquipment": 1183900000, "intangibleAssets": 100000, "otherAssets": 4700000, "totalAssets": 3378600000, "accountsPayable": 146500000, "shortLongTermDebt": 111800000, "otherCurrentLiab": 44800000, "longTermDebt": 248300000, "otherLiab": 80600000, "totalCurrentLiabilities": 483900000, "totalLiab": 812800000, "commonStock": 86000000, "retainedEarnings": 1210200000, "treasuryStock": 1253600000, "capitalSurplus": 16000000, "otherStockholderEquity": 1253600000, "totalStockholderEquity": 2565800000, "netTangibleAssets": 2565700000}], "maxAge": 86400}, "earningsTrend": {"trend": [{"maxAge": 1, "period": "0q", "endDate": null, "growth": {}, "earningsEstimate": {"avg": 0.0, "low": 0.0, "high": 0.0, "yearAgoEps": {}, "numberOfAnalysts": 0, "growth": {}}, "revenueEstimate": {"avg": 0, "low": 0, "high": 0, "numberOfAnalysts": 0, "yearAgoRevenue": {}, "growth": {}}, "epsTrend": {"current": 0.0, "7daysAgo": 0.0, "30daysAgo": 0.0, "60daysAgo": 0.0, "90daysAgo": 0.0}, "epsRevisions": {"upLast7days": 0, "upLast30days": 0, "downLast30days": 0, "downLast90days": {}}}, {"maxAge": 1, "period": "+1q", "endDate": null, "growth": {}, "earningsEstimate": {"avg": 0.0, "low": 0.0, "high": 0.0, "yearAgoEps": {}, "numberOfAnalysts": 0, "growth": {}}, "revenueEstimate": {"avg": 0, "low": 0, "high": 0, "numberOfAnalysts": 0, "yearAgoRevenue": {}, "growth": {}}, "epsTrend": {"current": 0.0, "7daysAgo": 0.0, "30daysAgo": 0.0, "60daysAgo": 0.0, "90daysAgo": 0.0}, "epsRevisions": {"upLast7days": 0, "upLast30days": 0, "downLast30days": 0, "downLast90days": {}}}, {"maxAge": 1, "period": "0y", "endDate": null, "growth": {}, "earningsEstimate": {"avg": 0.0, "low": 0.0, "high": 0.0, "yearAgoEps": {}, "numberOfAnalysts": 0, "growth": {}}, "revenueEstimate": {"avg": 0, "low": 0, "high": 0, "numberOfAnalysts": 0, "yearAgoRevenue": {}, "growth": {}}, "epsTrend": {"current": 0.0, "7daysAgo": 0.0, "30daysAgo": 0.0, "60daysAgo": 0.0, "90daysAgo": 0.0}, "epsRevisions": {"upLast7days": 0, "upLast30days": 0, "downLast30days": 0, "downLast90days": {}}}, {"maxAge": 1, "period": "+1y", "endDate": null, "growth": {}, "earningsEstimate": {"avg": 0.0, "low": 0.0, "high": 0.0, "yearAgoEps": {}, "numberOfAnalysts": 0, "growth": {}}, "revenueEstimate": {"avg": 0, "low": 0, "high": 0, "numberOfAnalysts": 0, "yearAgoRevenue": {}, "growth": {}}, "epsTrend": {"current": 0.0, "7daysAgo": 0.0, "30daysAgo": 0.0, "60daysAgo": 0.0, "90daysAgo": 0.0}, "epsRevisions": {"upLast7days": 0, "upLast30days": 0, "downLast30days": 0, "downLast90days": {}}}, {"maxAge": 1, "period": "+5y", "endDate": null, "growth": {}, "earningsEstimate": {"avg": {}, "low": {}, "high": {}, "yearAgoEps": {}, "numberOfAnalysts": {}, "growth": {}}, "revenueEstimate": {"avg": {}, "low": {}, "high": {}, "numberOfAnalysts": {}, "yearAgoRevenue": {}, "growth": {}}, "epsTrend": {"current": {}, "7daysAgo": {}, "30daysAgo": {}, "60daysAgo": {}, "90daysAgo": {}}, "epsRevisions": {"upLast7days": {}, "upLast30days": {}, "downLast30days": {}, "downLast90days": {}}}, {"maxAge": 1, "period": "-5y", "endDate": null, "growth": {}, "earningsEstimate": {"avg": {}, "low": {}, "high": {}, "yearAgoEps": {}, "numberOfAnalysts": {}, "growth": {}}, "revenueEstimate": {"avg": {}, "low": {}, "high": {}, "numberOfAnalysts": {}, "yearAgoRevenue": {}, "growth": {}}, "epsTrend": {"current": {}, "7daysAgo": {}, "30daysAgo": {}, "60daysAgo": {}, "90daysAgo": {}}, "epsRevisions": {"upLast7days": {}, "upLast30days": {}, "downLast30days": {}, "downLast90days": {}}}], "maxAge": 1}, "financialData": {"maxAge": 86400, "currentPrice": 176.85, "targetHighPrice": 178.0, "targetLowPrice": 178.0, "targetMeanPrice": 178.0, "targetMedianPrice": 178.0, "recommendationKey": "none", "numberOfAnalystOpinions": 1, "grossProfits": 651700000, "financialCurrency": "INR"}}}