{"POOJAENT.BO": {"cashflowStatementHistory": {"cashflowStatements": [{"maxAge": 1, "endDate": "2020-03-31", "netIncome": 252418000, "depreciation": 151000, "changeToNetincome": -1820000, "changeToAccountReceivables": -330455000, "changeToLiabilities": -74188000, "changeToInventory": 149511000, "changeToOperatingActivities": 36945000, "totalCashFromOperatingActivities": 32562000, "otherCashflowsFromInvestingActivities": 4655000, "totalCashflowsFromInvestingActivities": 4655000, "netBorrowings": -43466000, "otherCashflowsFromFinancingActivities": -1750000, "totalCashFromFinancingActivities": -45216000, "changeInCash": -7999000}, {"maxAge": 1, "endDate": "2019-03-31", "netIncome": 1412000, "depreciation": 207000, "changeToNetincome": 898000, "changeToAccountReceivables": 160877000, "changeToLiabilities": 209186000, "changeToInventory": -206745000, "changeToOperatingActivities": 22910000, "totalCashFromOperatingActivities": 188745000, "otherCashflowsFromInvestingActivities": 9814000, "totalCashflowsFromInvestingActivities": 9814000, "netBorrowings": -179751000, "otherCashflowsFromFinancingActivities": -14881000, "totalCashFromFinancingActivities": -194632000, "changeInCash": 3927000}, {"maxAge": 1, "endDate": "2018-03-31", "netIncome": 630000, "depreciation": 212000, "changeToNetincome": 20132000, "changeToAccountReceivables": -167836000, "changeToLiabilities": 188261000, "changeToInventory": 10902000, "changeToOperatingActivities": 117285000, "totalCashFromOperatingActivities": 169586000, "capitalExpenditures": -134000, "otherCashflowsFromInvestingActivities": 18776000, "totalCashflowsFromInvestingActivities": 18642000, "netBorrowings": -145424000, "otherCashflowsFromFinancingActivities": -36640000, "totalCashFromFinancingActivities": -182064000, "changeInCash": 6163000}, {"maxAge": 1, "endDate": "2017-03-31", "netIncome": 23988000, "depreciation": 169000, "changeToNetincome": 52752000, "changeToAccountReceivables": -92194000, "changeToLiabilities": -21853000, "changeToInventory": -205962000, "changeToOperatingActivities": -133801000, "totalCashFromOperatingActivities": -376901000, "capitalExpenditures": -343000, "investments": 35000000, "otherCashflowsFromInvestingActivities": 7487000, "totalCashflowsFromInvestingActivities": 42144000, "netBorrowings": 363575000, "otherCashflowsFromFinancingActivities": -35619000, "totalCashFromFinancingActivities": 334717000, "changeInCash": -40000, "issuanceOfStock": 6761000}], "maxAge": 86400}, "institutionOwnership": {"maxAge": 1, "ownershipList": []}, "balanceSheetHistoryQuarterly": {"balanceSheetStatements": [{"maxAge": 1, "endDate": "2020-06-30", "totalStockholderEquity": 355869000, "netTangibleAssets": 355869000}, {"maxAge": 1, "endDate": "2020-03-31", "cash": 3378000, "netReceivables": 455458000, "inventory": 300524000, "otherCurrentAssets": 64731000, "totalCurrentAssets": 824091000, "propertyPlantEquipment": 588000, "otherAssets": 18126000, "totalAssets": 842805000, "accountsPayable": 394546000, "otherCurrentLiab": 83188000, "otherLiab": 4419000, "totalCurrentLiabilities": 482517000, "totalLiab": 486936000, "commonStock": 45332000, "treasuryStock": 310537000, "otherStockholderEquity": 310537000, "totalStockholderEquity": 355869000, "netTangibleAssets": 355869000}, {"maxAge": 1, "endDate": "2019-12-31", "totalStockholderEquity": 98711000, "netTangibleAssets": 98711000}, {"maxAge": 1, "endDate": "2019-09-30", "cash": 4148000, "netReceivables": 113982000, "inventory": 363003000, "otherCurrentAssets": 87446000, "totalCurrentAssets": 568579000, "propertyPlantEquipment": 644000, "otherAssets": 19009000, "totalAssets": 588232000, "accountsPayable": 409726000, "otherCurrentLiab": 58094000, "otherLiab": 21701000, "totalCurrentLiabilities": 467820000, "totalLiab": 489521000, "commonStock": 45332000, "treasuryStock": 53379000, "otherStockholderEquity": 53379000, "totalStockholderEquity": 98711000, "netTangibleAssets": 98711000}], "maxAge": 86400}, "indexTrend": {"maxAge": 1, "symbol": "SP5", "peRatio": 19.7411, "pegRatio": 1.34172, "estimates": [{"period": "0q", "growth": 0.549}, {"period": "+1q", "growth": 0.431}, {"period": "0y", "growth": 0.305}, {"period": "+1y", "growth": 0.109}, {"period": "+5y", "growth": 0.120859005}, {"period": "-5y"}]}, "insiderTransactions": {"transactions": [{"maxAge": 1, "shares": 244750, "filerUrl": "", "transactionText": "", "filerName": "Bhagnani (Jacky Vashudev)", "filerRelation": "UNREPORTED", "moneyText": "", "startDate": "2019-06-14", "ownership": "D"}], "maxAge": 1}, "quoteType": {"exchange": "BSE", "quoteType": "EQUITY", "symbol": "POOJAENT.BO", "underlyingSymbol": "POOJAENT.BO", "shortName": "POOJA ENTERTAINMENT AND FILMS", "longName": "Pooja Entertainment and Films Limited", "firstTradeDateEpochUtc": "1998-12-30 09:15:00", "timeZoneFullName": "Asia/Kolkata", "timeZoneShortName": "IST", "uuid": "82e92068-f57e-3e8b-ae63-476f37f75dda", "messageBoardId": null, "gmtOffSetMilliseconds": 19800000, "maxAge": 1}, "incomeStatementHistory": {"incomeStatementHistory": [{"maxAge": 1, "endDate": "2020-03-31", "totalRevenue": 443335000, "costOfRevenue": 182811000, "grossProfit": 260524000, "researchDevelopment": {}, "sellingGeneralAdministrative": 12740000, "nonRecurring": {}, "otherOperatingExpenses": 1384000, "totalOperatingExpenses": 197086000, "operatingIncome": 246249000, "totalOtherIncomeExpenseNet": -1802000, "ebit": 246249000, "interestExpense": -1802000, "incomeBeforeTax": 244447000, "incomeTaxExpense": -7971000, "minorityInterest": {}, "netIncomeFromContinuingOps": 252418000, "discontinuedOperations": {}, "extraordinaryItems": {}, "effectOfAccountingCharges": {}, "otherItems": {}, "netIncome": 252418000, "netIncomeApplicableToCommonShares": 252418000}, {"maxAge": 1, "endDate": "2019-03-31", "totalRevenue": 335785000, "costOfRevenue": 306732000, "grossProfit": 29053000, "researchDevelopment": {}, "sellingGeneralAdministrative": 13383000, "nonRecurring": {}, "otherOperatingExpenses": 14196000, "totalOperatingExpenses": 334518000, "operatingIncome": 1267000, "totalOtherIncomeExpenseNet": -5636000, "ebit": 1267000, "interestExpense": -15450000, "incomeBeforeTax": -4369000, "incomeTaxExpense": -5781000, "minorityInterest": {}, "netIncomeFromContinuingOps": 1412000, "discontinuedOperations": {}, "extraordinaryItems": {}, "effectOfAccountingCharges": {}, "otherItems": {}, "netIncome": 1412000, "netIncomeApplicableToCommonShares": 1412000}, {"maxAge": 1, "endDate": "2018-03-31", "totalRevenue": 303589000, "costOfRevenue": 247086000, "grossProfit": 56503000, "researchDevelopment": {}, "sellingGeneralAdministrative": 7126000, "nonRecurring": {}, "otherOperatingExpenses": 4562000, "totalOperatingExpenses": 258986000, "operatingIncome": 44603000, "totalOtherIncomeExpenseNet": -37485000, "ebit": 44603000, "interestExpense": -37777000, "incomeBeforeTax": 7118000, "incomeTaxExpense": 6488000, "minorityInterest": {}, "netIncomeFromContinuingOps": 630000, "discontinuedOperations": {}, "extraordinaryItems": {}, "effectOfAccountingCharges": {}, "otherItems": {}, "netIncome": 630000, "netIncomeApplicableToCommonShares": 630000}, {"maxAge": 1, "endDate": "2017-03-31", "totalRevenue": 1205905000, "costOfRevenue": 1112990000, "grossProfit": 92915000, "researchDevelopment": {}, "sellingGeneralAdministrative": 14522000, "nonRecurring": {}, "otherOperatingExpenses": 11488000, "totalOperatingExpenses": 1139169000, "operatingIncome": 66736000, "totalOtherIncomeExpenseNet": -34955000, "ebit": 66736000, "interestExpense": -35618000, "incomeBeforeTax": 31781000, "incomeTaxExpense": 7793000, "minorityInterest": {}, "netIncomeFromContinuingOps": 23988000, "discontinuedOperations": {}, "extraordinaryItems": {}, "effectOfAccountingCharges": {}, "otherItems": {}, "netIncome": 23988000, "netIncomeApplicableToCommonShares": 23988000}], "maxAge": 86400}, "fundOwnership": {"maxAge": 1, "ownershipList": []}, "summaryDetail": {"maxAge": 1, "priceHint": 2, "previousClose": 61.0, "open": 64.05, "dayLow": 61.75, "dayHigh": 64.05, "regularMarketPreviousClose": 61.0, "regularMarketOpen": 64.05, "regularMarketDayLow": 61.75, "regularMarketDayHigh": 64.05, "trailingPE": 1.098132, "volume": 3627, "regularMarketVolume": 3627, "averageVolume": 3748, "averageVolume10days": 16409, "averageDailyVolume10Day": 16409, "bid": 61.75, "ask": 64.05, "bidSize": 0, "askSize": 0, "marketCap": 317781760, "fiftyTwoWeekLow": 14.3, "fiftyTwoWeekHigh": 76.4, "fiftyDayAverage": 56.048573, "twoHundredDayAverage": 48.262264, "currency": "INR", "fromCurrency": null, "toCurrency": null, "lastMarket": null, "algorithm": null, "tradeable": false}, "incomeStatementHistoryQuarterly": {"incomeStatementHistory": [{"maxAge": 1, "endDate": "2020-06-30", "totalRevenue": 13990000, "costOfRevenue": 0, "grossProfit": 13990000, "researchDevelopment": {}, "sellingGeneralAdministrative": 2813000, "nonRecurring": {}, "otherOperatingExpenses": 6109000, "totalOperatingExpenses": 8950000, "operatingIncome": 5040000, "totalOtherIncomeExpenseNet": -29000, "ebit": 5040000, "interestExpense": -29000, "incomeBeforeTax": 5011000, "incomeTaxExpense": -14000, "minorityInterest": {}, "netIncomeFromContinuingOps": 5025000, "discontinuedOperations": {}, "extraordinaryItems": {}, "effectOfAccountingCharges": {}, "otherItems": {}, "netIncome": 5025000, "netIncomeApplicableToCommonShares": 5025000}, {"maxAge": 1, "endDate": "2020-03-31", "totalRevenue": 320145000, "costOfRevenue": 72424000, "grossProfit": 247721000, "researchDevelopment": {}, "sellingGeneralAdministrative": 3342000, "nonRecurring": {}, "otherOperatingExpenses": 3552000, "totalOperatingExpenses": 79346000, "operatingIncome": 240799000, "totalOtherIncomeExpenseNet": -58000, "ebit": 240799000, "interestExpense": -58000, "incomeBeforeTax": 240741000, "incomeTaxExpense": -15674000, "minorityInterest": {}, "netIncomeFromContinuingOps": 256415000, "discontinuedOperations": {}, "extraordinaryItems": {}, "effectOfAccountingCharges": {}, "otherItems": {}, "netIncome": 256415000, "netIncomeApplicableToCommonShares": 256415000}, {"maxAge": 1, "endDate": "2019-12-31", "totalRevenue": 4338000, "costOfRevenue": 140000, "grossProfit": 4198000, "researchDevelopment": {}, "sellingGeneralAdministrative": 3158000, "nonRecurring": {}, "otherOperatingExpenses": 1443000, "totalOperatingExpenses": 4770000, "operatingIncome": -432000, "totalOtherIncomeExpenseNet": -22000, "ebit": -432000, "interestExpense": -22000, "incomeBeforeTax": -454000, "incomeTaxExpense": 2000, "minorityInterest": {}, "netIncomeFromContinuingOps": -456000, "discontinuedOperations": {}, "extraordinaryItems": {}, "effectOfAccountingCharges": {}, "otherItems": {}, "netIncome": -456000, "netIncomeApplicableToCommonShares": -456000}, {"maxAge": 1, "endDate": "2019-09-30", "totalRevenue": 117996000, "costOfRevenue": 110247000, "grossProfit": 7749000, "researchDevelopment": {}, "sellingGeneralAdministrative": 3141000, "nonRecurring": {}, "otherOperatingExpenses": -4991000, "totalOperatingExpenses": 108439000, "operatingIncome": 9557000, "totalOtherIncomeExpenseNet": -747000, "ebit": 9557000, "interestExpense": -747000, "incomeBeforeTax": 8810000, "incomeTaxExpense": 7842000, "minorityInterest": {}, "netIncomeFromContinuingOps": 968000, "discontinuedOperations": {}, "extraordinaryItems": {}, "effectOfAccountingCharges": {}, "otherItems": {}, "netIncome": 968000, "netIncomeApplicableToCommonShares": 968000}], "maxAge": 86400}, "cashflowStatementHistoryQuarterly": {"cashflowStatements": [{"maxAge": 1, "endDate": "2020-06-30", "netIncome": 5025000, "changeToLiabilities": 0}, {"maxAge": 1, "endDate": "2020-03-31", "netIncome": 256415000, "changeToLiabilities": 0}, {"maxAge": 1, "endDate": "2019-12-31", "netIncome": -456000, "changeToLiabilities": 0}, {"maxAge": 1, "endDate": "2019-09-30", "netIncome": 968000, "changeToLiabilities": 0}], "maxAge": 86400}, "insiderHolders": {"holders": [{"maxAge": 1, "name": "Bhagnani (Jacky Vashudev)", "relation": "UNREPORTED", "url": "", "transactionDescription": "Acquisition", "latestTransDate": "2019-06-14", "positionDirect": 488740, "positionDirectDate": "2019-06-14"}], "maxAge": 1}, "calendarEvents": {"maxAge": 1, "earnings": {"earningsDate": []}}, "price": {"maxAge": 1, "regularMarketChangePercent": 0.041803263, "regularMarketChange": 2.5499992, "regularMarketTime": "2021-04-30 15:29:13", "priceHint": 2, "regularMarketPrice": 63.55, "regularMarketDayHigh": 64.05, "regularMarketDayLow": 61.75, "regularMarketVolume": 3627, "averageDailyVolume10Day": 16409, "averageDailyVolume3Month": 3748, "regularMarketPreviousClose": 61.0, "regularMarketSource": "FREE_REALTIME", "regularMarketOpen": 64.05, "exchange": "BSE", "exchangeName": "BSE", "exchangeDataDelayedBy": 0, "marketState": "CLOSED", "quoteType": "EQUITY", "symbol": "POOJAENT.BO", "underlyingSymbol": null, "shortName": "POOJA ENTERTAINMENT AND FILMS", "longName": "Pooja Entertainment and Films Limited", "currency": "INR", "quoteSourceName": "Delayed Quote", "currencySymbol": "\u20b9", "fromCurrency": null, "toCurrency": null, "lastMarket": null, "marketCap": 317781760}, "balanceSheetHistory": {"balanceSheetStatements": [{"maxAge": 1, "endDate": "2020-03-31", "cash": 3378000, "netReceivables": 455458000, "inventory": 300524000, "otherCurrentAssets": 64731000, "totalCurrentAssets": 824091000, "propertyPlantEquipment": 588000, "otherAssets": 18126000, "totalAssets": 842805000, "accountsPayable": 394546000, "otherCurrentLiab": 83188000, "otherLiab": 4419000, "totalCurrentLiabilities": 482517000, "totalLiab": 486936000, "commonStock": 45332000, "treasuryStock": 310537000, "otherStockholderEquity": 310537000, "totalStockholderEquity": 355869000, "netTangibleAssets": 355869000}, {"maxAge": 1, "endDate": "2019-03-31", "cash": 11377000, "shortTermInvestments": 17353000, "netReceivables": 135004000, "inventory": 450035000, "otherCurrentAssets": 91676000, "totalCurrentAssets": 688092000, "longTermInvestments": 1101000, "propertyPlantEquipment": 738000, "otherAssets": 27545000, "totalAssets": 716375000, "accountsPayable": 532325000, "otherCurrentLiab": 19544000, "otherLiab": 14000000, "totalCurrentLiabilities": 600119000, "totalLiab": 614119000, "commonStock": 45332000, "retainedEarnings": 56975000, "treasuryStock": -51000, "otherStockholderEquity": -51000, "totalStockholderEquity": 102256000, "netTangibleAssets": 102256000}, {"maxAge": 1, "endDate": "2018-03-31", "cash": 7450000, "netReceivables": 296769000, "inventory": 243290000, "otherCurrentAssets": 113633000, "totalCurrentAssets": 661181000, "propertyPlantEquipment": 945000, "otherAssets": 31471000, "totalAssets": 693597000, "accountsPayable": 97883000, "otherCurrentLiab": 236970000, "otherLiab": 19781000, "totalCurrentLiabilities": 570684000, "totalLiab": 590465000, "commonStock": 45332000, "retainedEarnings": 57800000, "totalStockholderEquity": 103132000, "netTangibleAssets": 103132000}, {"maxAge": 1, "endDate": "2017-03-31", "cash": 1287000, "netReceivables": 222797000, "inventory": 254192000, "otherCurrentAssets": 137610000, "totalCurrentAssets": 615919000, "propertyPlantEquipment": 1023000, "otherAssets": 28152000, "totalAssets": 645094000, "accountsPayable": 98687000, "otherCurrentLiab": 23718000, "otherLiab": 14744000, "totalCurrentLiabilities": 527848000, "totalLiab": 542592000, "commonStock": 45332000, "retainedEarnings": 57170000, "totalStockholderEquity": 102502000, "netTangibleAssets": 102502000}], "maxAge": 86400}, "financialData": {"maxAge": 86400, "currentPrice": 63.55, "recommendationKey": "none", "grossProfits": 260524000, "financialCurrency": "INR"}}}