{"POONADAL.BO": {"cashflowStatementHistory": {"cashflowStatements": [{"maxAge": 1, "endDate": "2020-03-31", "netIncome": 8966000, "depreciation": 3845457, "changeToNetincome": -6741193, "changeToAccountReceivables": 9154616, "changeToLiabilities": 974710, "changeToInventory": -6297094, "changeToOperatingActivities": -177624164, "totalCashFromOperatingActivities": -167721668, "capitalExpenditures": -3259921, "otherCashflowsFromInvestingActivities": 601002, "totalCashflowsFromInvestingActivities": -2658919, "changeInCash": -170380587}, {"maxAge": 1, "endDate": "2019-03-31", "netIncome": 151342266, "depreciation": 4381102, "changeToNetincome": -180218399, "changeToAccountReceivables": 33264822, "changeToLiabilities": -40332, "changeToInventory": 133773097, "changeToOperatingActivities": 17391104, "totalCashFromOperatingActivities": 159893660, "capitalExpenditures": -85820, "otherCashflowsFromInvestingActivities": 285411, "totalCashflowsFromInvestingActivities": 167162248, "changeInCash": 327055908}, {"maxAge": 1, "endDate": "2018-03-31", "netIncome": 22396806, "depreciation": 5997046, "changeToNetincome": -34048417, "changeToAccountReceivables": 145135982, "changeToLiabilities": -1012258358, "changeToInventory": 258021410, "changeToOperatingActivities": -38399782, "totalCashFromOperatingActivities": -653155313, "capitalExpenditures": -171435, "otherCashflowsFromInvestingActivities": 15379632, "totalCashflowsFromInvestingActivities": 26308197, "changeInCash": -626847116}, {"maxAge": 1, "endDate": "2017-03-31", "netIncome": 91297463, "depreciation": 7746951, "changeToNetincome": -23226050, "changeToAccountReceivables": -164555200, "changeToLiabilities": 918009971, "changeToInventory": -356356565, "changeToOperatingActivities": 51294759, "totalCashFromOperatingActivities": 524211329, "capitalExpenditures": -285019, "otherCashflowsFromInvestingActivities": 12462006, "totalCashflowsFromInvestingActivities": 12182466, "changeInCash": 536393795}], "maxAge": 86400}, "institutionOwnership": {"ownershipList": [], "maxAge": 1}, "balanceSheetHistoryQuarterly": {"balanceSheetStatements": [{"maxAge": 1, "endDate": "2020-06-30", "totalStockholderEquity": 511825000, "netTangibleAssets": 511825000}, {"maxAge": 1, "endDate": "2020-03-31", "cash": 222528000, "netReceivables": 23758000, "inventory": 68072000, "otherCurrentAssets": 162500000, "totalCurrentAssets": 476858000, "propertyPlantEquipment": 27284000, "otherAssets": 21355000, "totalAssets": 525497000, "accountsPayable": 1218000, "otherCurrentLiab": 12454000, "totalCurrentLiabilities": 13672000, "totalLiab": 13672000, "commonStock": 57080000, "retainedEarnings": 454745000, "totalStockholderEquity": 511825000, "netTangibleAssets": 511825000}, {"maxAge": 1, "endDate": "2019-12-31", "totalStockholderEquity": 513470000, "netTangibleAssets": 513470000}, {"maxAge": 1, "endDate": "2019-09-30", "cash": 142511000, "netReceivables": 232743000, "inventory": 113538000, "otherCurrentAssets": 62637000, "totalCurrentAssets": 551429000, "propertyPlantEquipment": 26052000, "otherAssets": 30608000, "totalAssets": 608089000, "accountsPayable": 51805000, "otherCurrentLiab": 28196000, "otherLiab": 14618000, "totalCurrentLiabilities": 80001000, "totalLiab": 94619000, "commonStock": 57080000, "retainedEarnings": 456390000, "totalStockholderEquity": 513470000, "netTangibleAssets": 513470000}], "maxAge": 86400}, "indexTrend": {"maxAge": 1, "symbol": "SP5", "peRatio": 19.7411, "pegRatio": 1.34172, "estimates": [{"period": "0q", "growth": 0.549}, {"period": "+1q", "growth": 0.431}, {"period": "0y", "growth": 0.305}, {"period": "+1y", "growth": 0.109}, {"period": "+5y", "growth": 0.120859005}, {"period": "-5y"}]}, "insiderTransactions": {"transactions": [{"maxAge": 1, "shares": 253541, "filerUrl": "", "transactionText": "", "filerName": "Parakh (Anushree Swapnil)", "filerRelation": "Promoter", "moneyText": "", "startDate": "2017-12-11", "ownership": "D"}, {"maxAge": 1, "shares": 608400, "filerUrl": "", "transactionText": "", "filerName": "Parakh (Jalamchand Kesharchand)", "filerRelation": "Promoter", "moneyText": "", "startDate": "2017-12-11", "ownership": "D"}, {"maxAge": 1, "shares": 608400, "filerUrl": "", "transactionText": "", "filerName": "Parakh (Sudarshanabai Deepchand)", "filerRelation": "Promoter", "moneyText": "", "startDate": "2017-12-11", "ownership": "D"}, {"maxAge": 1, "shares": 355550, "filerUrl": "", "transactionText": "", "filerName": "Parakh (Swapnil Jalamchand)", "filerRelation": "Promoter", "moneyText": "", "startDate": "2017-12-11", "ownership": "D"}, {"maxAge": 1, "shares": 278000, "filerUrl": "", "transactionText": "", "filerName": "Parakh (Deepchand Kesharchand) HUF", "filerRelation": "Promoter", "moneyText": "", "startDate": "2017-11-29", "ownership": "D"}, {"maxAge": 1, "shares": 873351, "filerUrl": "", "transactionText": "", "filerName": "Parakh (Sudarshanabai Deepchand)", "filerRelation": "Promoter", "moneyText": "", "startDate": "2017-11-21", "ownership": "D"}, {"maxAge": 1, "shares": 264260, "filerUrl": "", "transactionText": "", "filerName": "Parakh (Vijayabai Jalamchand)", "filerRelation": "Promoter", "moneyText": "", "startDate": "2017-11-12", "ownership": "D"}], "maxAge": 1}, "quoteType": {"exchange": "BSE", "quoteType": "EQUITY", "symbol": "POONADAL.BO", "underlyingSymbol": "POONADAL.BO", "shortName": "POONA DAL & OIL INDUSTRIES LTD", "longName": "Poona Dal and Oil Industries Limited", "firstTradeDateEpochUtc": "2000-04-17 09:15:00", "timeZoneFullName": "Asia/Kolkata", "timeZoneShortName": "IST", "uuid": "dab95d7b-d560-38fe-a8c3-c17828555148", "gmtOffSetMilliseconds": 19800000, "maxAge": 1}, "incomeStatementHistory": {"incomeStatementHistory": [{"maxAge": 1, "endDate": "2020-03-31", "totalRevenue": 1572870000, "costOfRevenue": 1534441000, "grossProfit": 38429000, "researchDevelopment": {}, "sellingGeneralAdministrative": 8488000, "nonRecurring": {}, "otherOperatingExpenses": 11905000, "totalOperatingExpenses": 1558679000, "operatingIncome": 14191000, "totalOtherIncomeExpenseNet": -2125000, "ebit": 14191000, "interestExpense": -6942000, "incomeBeforeTax": 12066000, "incomeTaxExpense": 3100000, "minorityInterest": {}, "netIncomeFromContinuingOps": 8966000, "discontinuedOperations": {}, "extraordinaryItems": {}, "effectOfAccountingCharges": {}, "otherItems": {}, "netIncome": 8966000, "netIncomeApplicableToCommonShares": 8966000}, {"maxAge": 1, "endDate": "2019-03-31", "totalRevenue": 1832372010, "costOfRevenue": 1798794653, "grossProfit": 33577357, "researchDevelopment": {}, "sellingGeneralAdministrative": 7835020, "nonRecurring": {}, "otherOperatingExpenses": 5007134, "totalOperatingExpenses": 1816017909, "operatingIncome": 16354101, "totalOtherIncomeExpenseNet": 153438165, "ebit": 16354101, "interestExpense": -3648517, "incomeBeforeTax": 169792266, "incomeTaxExpense": 18450000, "minorityInterest": {}, "netIncomeFromContinuingOps": 151342266, "discontinuedOperations": {}, "extraordinaryItems": {}, "effectOfAccountingCharges": {}, "otherItems": {}, "netIncome": 151342266, "netIncomeApplicableToCommonShares": 151342266}, {"maxAge": 1, "endDate": "2018-03-31", "totalRevenue": 1890228565, "costOfRevenue": 1857254425, "grossProfit": 32974140, "researchDevelopment": {}, "sellingGeneralAdministrative": 8333229, "nonRecurring": {}, "otherOperatingExpenses": 7240600, "totalOperatingExpenses": 1878825300, "operatingIncome": 11403265, "totalOtherIncomeExpenseNet": 19143541, "ebit": 11403265, "interestExpense": -632120, "incomeBeforeTax": 30546806, "incomeTaxExpense": 8150000, "minorityInterest": {}, "netIncomeFromContinuingOps": 22396806, "discontinuedOperations": {}, "extraordinaryItems": {}, "effectOfAccountingCharges": {}, "otherItems": {}, "netIncome": 22396806, "netIncomeApplicableToCommonShares": 22396806}, {"maxAge": 1, "endDate": "2017-03-31", "totalRevenue": 2945834330, "costOfRevenue": 2783726113, "grossProfit": 162108217, "researchDevelopment": {}, "sellingGeneralAdministrative": 9292175, "nonRecurring": {}, "otherOperatingExpenses": 8449335, "totalOperatingExpenses": 2809214574, "operatingIncome": 136619756, "totalOtherIncomeExpenseNet": 3677707, "ebit": 136619756, "interestExpense": -2204104, "incomeBeforeTax": 140297463, "incomeTaxExpense": 49000000, "minorityInterest": {}, "netIncomeFromContinuingOps": 91297463, "discontinuedOperations": {}, "extraordinaryItems": {}, "effectOfAccountingCharges": {}, "otherItems": {}, "netIncome": 91297463, "netIncomeApplicableToCommonShares": 91297463}], "maxAge": 86400}, "fundOwnership": {"ownershipList": [], "maxAge": 1}, "summaryDetail": {"maxAge": 1, "priceHint": 2, "previousClose": 37.25, "open": 37.5, "dayLow": 35.7, "dayHigh": 37.55, "regularMarketPreviousClose": 37.25, "regularMarketOpen": 37.5, "regularMarketDayLow": 35.7, "regularMarketDayHigh": 37.55, "trailingPE": 23.95425, "volume": 1051, "regularMarketVolume": 1051, "averageVolume": 8390, "averageVolume10days": 8509, "averageDailyVolume10Day": 8509, "bid": 36.05, "ask": 36.65, "bidSize": 0, "askSize": 0, "marketCap": 209198208, "fiftyTwoWeekLow": 15.6, "fiftyTwoWeekHigh": 63.45, "fiftyDayAverage": 41.0697, "twoHundredDayAverage": 35.308823, "currency": "INR", "fromCurrency": null, "lastMarket": null, "algorithm": null, "tradeable": false}, "incomeStatementHistoryQuarterly": {"incomeStatementHistory": [{"maxAge": 1, "endDate": "2020-06-30", "totalRevenue": 260611000, "costOfRevenue": 249336000, "grossProfit": 11275000, "researchDevelopment": {}, "sellingGeneralAdministrative": 1369000, "nonRecurring": {}, "otherOperatingExpenses": 1708000, "totalOperatingExpenses": 253192000, "operatingIncome": 7419000, "totalOtherIncomeExpenseNet": -5405000, "ebit": 7419000, "interestExpense": -5405000, "incomeBeforeTax": 2014000, "incomeTaxExpense": 300000, "minorityInterest": {}, "netIncomeFromContinuingOps": 1714000, "discontinuedOperations": {}, "extraordinaryItems": {}, "effectOfAccountingCharges": {}, "otherItems": {}, "netIncome": 1714000, "netIncomeApplicableToCommonShares": 1714000}, {"maxAge": 1, "endDate": "2020-03-31", "totalRevenue": 306526000, "costOfRevenue": 294724000, "grossProfit": 11802000, "researchDevelopment": {}, "sellingGeneralAdministrative": 2698000, "nonRecurring": {}, "otherOperatingExpenses": 2420000, "totalOperatingExpenses": 300960000, "operatingIncome": 5566000, "totalOtherIncomeExpenseNet": -3991000, "ebit": 5566000, "interestExpense": -4739000, "incomeBeforeTax": 1575000, "incomeTaxExpense": 100000, "minorityInterest": {}, "netIncomeFromContinuingOps": 1475000, "discontinuedOperations": {}, "extraordinaryItems": {}, "effectOfAccountingCharges": {}, "otherItems": {}, "netIncome": 1475000, "netIncomeApplicableToCommonShares": 1475000}, {"maxAge": 1, "endDate": "2019-12-31", "totalRevenue": 394182000, "costOfRevenue": 384118000, "grossProfit": 10064000, "researchDevelopment": {}, "sellingGeneralAdministrative": 1898000, "nonRecurring": {}, "otherOperatingExpenses": 4447000, "totalOperatingExpenses": 391372000, "operatingIncome": 2810000, "totalOtherIncomeExpenseNet": 827000, "ebit": 2810000, "interestExpense": -863000, "incomeBeforeTax": 3637000, "incomeTaxExpense": 1100000, "minorityInterest": {}, "netIncomeFromContinuingOps": 2537000, "discontinuedOperations": {}, "extraordinaryItems": {}, "effectOfAccountingCharges": {}, "otherItems": {}, "netIncome": 2537000, "netIncomeApplicableToCommonShares": 2537000}, {"maxAge": 1, "endDate": "2019-09-30", "totalRevenue": 518983000, "costOfRevenue": 509316000, "grossProfit": 9667000, "researchDevelopment": {}, "sellingGeneralAdministrative": 2662000, "nonRecurring": {}, "otherOperatingExpenses": 3307000, "totalOperatingExpenses": 516194000, "operatingIncome": 2789000, "totalOtherIncomeExpenseNet": 1366000, "ebit": 2789000, "interestExpense": -234000, "incomeBeforeTax": 4155000, "incomeTaxExpense": 1150000, "minorityInterest": {}, "netIncomeFromContinuingOps": 3005000, "discontinuedOperations": {}, "extraordinaryItems": {}, "effectOfAccountingCharges": {}, "otherItems": {}, "netIncome": 3005000, "netIncomeApplicableToCommonShares": 3005000}], "maxAge": 86400}, "cashflowStatementHistoryQuarterly": {"cashflowStatements": [{"maxAge": 1, "endDate": "2020-06-30", "netIncome": 1714000, "changeToLiabilities": 0}, {"maxAge": 1, "endDate": "2020-03-31", "netIncome": 1475000, "changeToLiabilities": 0}, {"maxAge": 1, "endDate": "2019-12-31", "netIncome": 2537000, "changeToLiabilities": 0}, {"maxAge": 1, "endDate": "2019-09-30", "netIncome": 3005000, "changeToLiabilities": 0}], "maxAge": 86400}, "insiderHolders": {"holders": [{"maxAge": 1, "name": "Parakh (Anushree Swapnil)", "relation": "Promoter", "url": "", "transactionDescription": "Other", "latestTransDate": "2017-12-11", "positionDirect": 0, "positionDirectDate": "2017-12-11"}, {"maxAge": 1, "name": "Parakh (Deepchand Kesharchand) HUF", "relation": "Promoter", "url": "", "transactionDescription": "Other", "latestTransDate": "2017-11-29", "positionDirect": 556000, "positionDirectDate": "2017-11-29"}, {"maxAge": 1, "name": "Parakh (Jalamchand Kesharchand)", "relation": "Promoter", "url": "", "transactionDescription": "Other", "latestTransDate": "2017-12-11", "positionDirect": 0, "positionDirectDate": "2017-12-11"}, {"maxAge": 1, "name": "Parakh (Sudarshanabai Deepchand)", "relation": "Promoter", "url": "", "transactionDescription": "Other", "latestTransDate": "2017-12-11", "positionDirect": 1755179, "positionDirectDate": "2017-12-11"}, {"maxAge": 1, "name": "Parakh (Swapnil Jalamchand)", "relation": "Promoter", "url": "", "transactionDescription": "Other", "latestTransDate": "2017-12-11", "positionDirect": 0, "positionDirectDate": "2017-12-11"}, {"maxAge": 1, "name": "Parakh (Vijayabai Jalamchand)", "relation": "Promoter", "url": "", "transactionDescription": "Other", "latestTransDate": "2017-11-12", "positionDirect": 0, "positionDirectDate": "2017-11-12"}], "maxAge": 1}, "calendarEvents": {"maxAge": 1, "earnings": {"earningsDate": []}}, "upgradeDowngradeHistory": {"history": [], "maxAge": 86400}, "price": {"maxAge": 1, "regularMarketChangePercent": -0.016107341, "regularMarketChange": -0.5999985, "regularMarketTime": "2021-04-30 14:59:48", "priceHint": 2, "regularMarketPrice": 36.65, "regularMarketDayHigh": 37.55, "regularMarketDayLow": 35.7, "regularMarketVolume": 1051, "averageDailyVolume10Day": 8509, "averageDailyVolume3Month": 8390, "regularMarketPreviousClose": 37.25, "regularMarketSource": "FREE_REALTIME", "regularMarketOpen": 37.5, "exchange": "BSE", "exchangeName": "BSE", "exchangeDataDelayedBy": 0, "marketState": "CLOSED", "quoteType": "EQUITY", "symbol": "POONADAL.BO", "underlyingSymbol": null, "shortName": "POONA DAL & OIL INDUSTRIES LTD", "longName": "Poona Dal and Oil Industries Limited", "currency": "INR", "quoteSourceName": "Delayed Quote", "currencySymbol": "\u20b9", "fromCurrency": null, "lastMarket": null, "marketCap": 209198208}, "balanceSheetHistory": {"balanceSheetStatements": [{"maxAge": 1, "endDate": "2020-03-31", "cash": 222528000, "netReceivables": 23758000, "inventory": 68072000, "otherCurrentAssets": 162500000, "totalCurrentAssets": 476858000, "propertyPlantEquipment": 27284000, "otherAssets": 21355000, "totalAssets": 525497000, "accountsPayable": 1218000, "otherCurrentLiab": 12454000, "totalCurrentLiabilities": 13672000, "totalLiab": 13672000, "commonStock": 57080000, "retainedEarnings": 454745000, "totalStockholderEquity": 511825000, "netTangibleAssets": 511825000}, {"maxAge": 1, "endDate": "2019-03-31", "cash": 392252935, "netReceivables": 22539811, "inventory": 61775250, "otherCurrentAssets": 10518363, "totalCurrentAssets": 487086359, "longTermInvestments": 1486883, "propertyPlantEquipment": 27869600, "otherAssets": 17350111, "totalAssets": 533792953, "accountsPayable": 243378, "otherCurrentLiab": 19084344, "otherLiab": 1855688, "totalCurrentLiabilities": 26421206, "totalLiab": 28276894, "commonStock": 57080000, "retainedEarnings": 448436059, "totalStockholderEquity": 505516059, "netTangibleAssets": 505516059}, {"maxAge": 1, "endDate": "2018-03-31", "cash": 64904275, "netReceivables": 55060134, "inventory": 195548347, "otherCurrentAssets": 9868588, "totalCurrentAssets": 325381344, "longTermInvestments": 1445117, "propertyPlantEquipment": 39986134, "otherAssets": 3056174, "totalAssets": 369868769, "accountsPayable": 283710, "otherCurrentLiab": 3757818, "otherLiab": 2148440, "totalCurrentLiabilities": 10105063, "totalLiab": 12253503, "commonStock": 57080000, "retainedEarnings": 300535266, "totalStockholderEquity": 357615266, "netTangibleAssets": 357615266}, {"maxAge": 1, "endDate": "2017-03-31", "cash": 691439872, "netReceivables": 200295853, "inventory": 453569757, "otherCurrentAssets": 18673774, "totalCurrentAssets": 1363979256, "longTermInvestments": 1977686, "propertyPlantEquipment": 48797669, "otherAssets": 428739, "totalAssets": 1415183350, "accountsPayable": 1012542068, "otherCurrentLiab": 49754075, "otherLiab": 2459959, "totalCurrentLiabilities": 1075099931, "totalLiab": 1077559890, "commonStock": 57080000, "retainedEarnings": 280543460, "totalStockholderEquity": 337623460, "netTangibleAssets": 337623460}], "maxAge": 86400}, "financialData": {"maxAge": 86400, "currentPrice": 36.65, "recommendationKey": "none", "grossProfits": 38429000, "financialCurrency": "INR"}}}