{"PORWAL.BO": {"recommendationTrend": {"trend": [{"period": "0m", "strongBuy": 0, "buy": 0, "hold": 0, "sell": 0, "strongSell": 0}, {"period": "-1m", "strongBuy": 0, "buy": 0, "hold": 0, "sell": 0, "strongSell": 0}, {"period": "-2m", "strongBuy": 0, "buy": 0, "hold": 0, "sell": 0, "strongSell": 0}, {"period": "-3m", "strongBuy": 0, "buy": 0, "hold": 0, "sell": 0, "strongSell": 0}], "maxAge": 86400}, "cashflowStatementHistory": {"cashflowStatements": [{"maxAge": 1, "endDate": "2020-03-31", "netIncome": 5605482, "depreciation": 60713101, "changeToNetincome": 787713, "changeToLiabilities": 0, "changeToOperatingActivities": 7770616, "totalCashFromOperatingActivities": 74995073, "capitalExpenditures": -50219448, "otherCashflowsFromInvestingActivities": -11296044, "totalCashflowsFromInvestingActivities": -59365492, "netBorrowings": -15327582, "otherCashflowsFromFinancingActivities": 90651, "totalCashFromFinancingActivities": -15236931, "changeInCash": 392651}, {"maxAge": 1, "endDate": "2019-03-31", "netIncome": 34192595, "depreciation": 58756219, "changeToNetincome": 121613, "changeToLiabilities": 0, "changeToOperatingActivities": -4021446, "totalCashFromOperatingActivities": 89048980, "capitalExpenditures": -78473457, "otherCashflowsFromInvestingActivities": 36133945, "totalCashflowsFromInvestingActivities": -41918512, "dividendsPaid": -11325000, "netBorrowings": -33494177, "otherCashflowsFromFinancingActivities": -2241733, "totalCashFromFinancingActivities": -47060910, "changeInCash": 69559}, {"maxAge": 1, "endDate": "2018-03-31", "netIncome": 50522136, "depreciation": 47921207, "changeToNetincome": -23982169, "changeToLiabilities": 0, "changeToOperatingActivities": 20830874, "totalCashFromOperatingActivities": 95292048, "capitalExpenditures": -178149122, "otherCashflowsFromInvestingActivities": 16825977, "totalCashflowsFromInvestingActivities": -148941354, "dividendsPaid": -11325000, "netBorrowings": 55187989, "otherCashflowsFromFinancingActivities": 9829016, "totalCashFromFinancingActivities": 53692005, "changeInCash": 42699}, {"maxAge": 1, "endDate": "2017-03-31", "netIncome": 20820228, "depreciation": 41531764, "changeToNetincome": -4024187, "changeToLiabilities": 0, "changeToOperatingActivities": 28559608, "totalCashFromOperatingActivities": 87031121, "capitalExpenditures": -53326503, "otherCashflowsFromInvestingActivities": -15921655, "totalCashflowsFromInvestingActivities": -66698158, "dividendsPaid": -7550000, "netBorrowings": -13187002, "otherCashflowsFromFinancingActivities": 511285, "totalCashFromFinancingActivities": -20225717, "changeInCash": 107246}], "maxAge": 86400}, "institutionOwnership": {"maxAge": 1, "ownershipList": []}, "balanceSheetHistoryQuarterly": {"balanceSheetStatements": [{"maxAge": 1, "endDate": "2020-06-30", "cash": 539000, "netReceivables": 77095000, "inventory": 62325000, "otherCurrentAssets": 19895000, "totalCurrentAssets": 159854000, "longTermInvestments": 86048000, "propertyPlantEquipment": 483039000, "intangibleAssets": 1276000, "otherAssets": 36717000, "totalAssets": 766934000, "accountsPayable": 16310000, "otherCurrentLiab": 28658000, "longTermDebt": 56382000, "otherLiab": 29239000, "totalCurrentLiabilities": 109094000, "totalLiab": 194715000, "commonStock": 151000000, "treasuryStock": 421219000, "otherStockholderEquity": 421219000, "totalStockholderEquity": 572219000, "netTangibleAssets": 570943000}, {"maxAge": 1, "endDate": "2020-03-31", "cash": 503208, "netReceivables": 82004927, "inventory": 68081522, "otherCurrentAssets": 12272999, "totalCurrentAssets": 164543573, "longTermInvestments": 86048064, "propertyPlantEquipment": 490742575, "intangibleAssets": 1276024, "otherAssets": 63283937, "totalAssets": 805894173, "accountsPayable": 32006212, "shortLongTermDebt": 16556758, "otherCurrentLiab": 1556953, "longTermDebt": 44654725, "otherLiab": 29238700, "totalCurrentLiabilities": 140165772, "totalLiab": 214059197, "commonStock": 151000000, "retainedEarnings": 114834979, "capitalSurplus": 326000000, "totalStockholderEquity": 591834979, "netTangibleAssets": 590558955}, {"maxAge": 1, "endDate": "2019-12-31", "cash": 254000, "netReceivables": 102269000, "inventory": 70804000, "otherCurrentAssets": 1853000, "totalCurrentAssets": 175180000, "longTermInvestments": 86048000, "propertyPlantEquipment": 499942000, "otherAssets": 69432000, "totalAssets": 830602000, "accountsPayable": 26182000, "otherCurrentLiab": 51928000, "longTermDebt": 62882000, "otherLiab": 38898000, "totalCurrentLiabilities": 144846000, "totalLiab": 246626000, "commonStock": 151000000, "treasuryStock": 432976000, "otherStockholderEquity": 432976000, "totalStockholderEquity": 583976000, "netTangibleAssets": 583976000}, {"maxAge": 1, "endDate": "2019-09-30", "cash": 1192000, "netReceivables": 118912000, "inventory": 76321000, "otherCurrentAssets": 18348000, "totalCurrentAssets": 214773000, "longTermInvestments": 86048000, "propertyPlantEquipment": 494457000, "otherAssets": 62216000, "totalAssets": 857494000, "accountsPayable": 40204000, "otherCurrentLiab": 53928000, "longTermDebt": 61759000, "otherLiab": 38898000, "totalCurrentLiabilities": 174478000, "totalLiab": 275135000, "commonStock": 151000000, "treasuryStock": 431359000, "otherStockholderEquity": 431359000, "totalStockholderEquity": 582359000, "netTangibleAssets": 582359000}], "maxAge": 86400}, "earningsHistory": {"history": [{"maxAge": 1, "epsActual": {}, "epsEstimate": {}, "epsDifference": {}, "surprisePercent": {}, "quarter": {}, "period": "-4q"}, {"maxAge": 1, "epsActual": {}, "epsEstimate": {}, "epsDifference": {}, "surprisePercent": {}, "quarter": {}, "period": "-3q"}, {"maxAge": 1, "epsActual": {}, "epsEstimate": {}, "epsDifference": {}, "surprisePercent": {}, "quarter": {}, "period": "-2q"}, {"maxAge": 1, "epsActual": {}, "epsEstimate": {}, "epsDifference": {}, "surprisePercent": {}, "quarter": {}, "period": "-1q"}], "maxAge": 86400}, "indexTrend": {"maxAge": 1, "symbol": "SP5", "peRatio": 19.7411, "pegRatio": 1.34172, "estimates": [{"period": "0q", "growth": 0.549}, {"period": "+1q", "growth": 0.431}, {"period": "0y", "growth": 0.305}, {"period": "+1y", "growth": 0.109}, {"period": "+5y", "growth": 0.120859005}, {"period": "-5y"}]}, "industryTrend": {"maxAge": 1, "symbol": null, "estimates": []}, "insiderTransactions": {"transactions": [{"maxAge": 1, "shares": 5000, "filerUrl": "", "transactionText": "", "filerName": "Jain (Surendra) HUF", "filerRelation": "UNREPORTED", "moneyText": "", "startDate": "2017-10-16", "ownership": "D"}, {"maxAge": 1, "shares": 15000, "filerUrl": "", "transactionText": "", "filerName": "Jain (Surendra) HUF", "filerRelation": "UNREPORTED", "moneyText": "", "startDate": "2017-10-16", "ownership": "D"}, {"maxAge": 1, "shares": 15000, "filerUrl": "", "transactionText": "", "filerName": "Jain (Surendra) HUF", "filerRelation": "UNREPORTED", "moneyText": "", "startDate": "2017-10-16", "ownership": "D"}, {"maxAge": 1, "shares": 10000, "filerUrl": "", "transactionText": "", "filerName": "Jain (Surendra) HUF", "filerRelation": "UNREPORTED", "moneyText": "", "startDate": "2017-10-16", "ownership": "D"}, {"maxAge": 1, "shares": 10000, "filerUrl": "", "transactionText": "", "filerName": "Jain (Surendra) HUF", "filerRelation": "UNREPORTED", "moneyText": "", "startDate": "2017-10-14", "ownership": "D"}, {"maxAge": 1, "shares": 10000, "filerUrl": "", "transactionText": "", "filerName": "Jain (Surendra) HUF", "filerRelation": "UNREPORTED", "moneyText": "", "startDate": "2017-10-14", "ownership": "D"}], "maxAge": 1}, "quoteType": {"exchange": "BSE", "quoteType": "EQUITY", "symbol": "PORWAL.BO", "underlyingSymbol": "PORWAL.BO", "shortName": "PORWAL AUTO COMPONENTS LTD.", "longName": "Porwal Auto Components Limited", "firstTradeDateEpochUtc": "2008-01-14 09:15:00", "timeZoneFullName": "Asia/Kolkata", "timeZoneShortName": "IST", "uuid": "f3fb923a-b45b-3306-a1b3-784626ebe71b", "messageBoardId": null, "gmtOffSetMilliseconds": 19800000, "maxAge": 1}, "incomeStatementHistory": {"incomeStatementHistory": [{"maxAge": 1, "endDate": "2020-03-31", "totalRevenue": 787233304, "costOfRevenue": 393956546, "grossProfit": 393276758, "researchDevelopment": {}, "sellingGeneralAdministrative": 70037132, "nonRecurring": {}, "otherOperatingExpenses": 242560363, "totalOperatingExpenses": 767385303, "operatingIncome": 19848001, "totalOtherIncomeExpenseNet": -23902019, "ebit": 19848001, "interestExpense": -12751954, "incomeBeforeTax": -4054018, "incomeTaxExpense": -9659500, "minorityInterest": {}, "netIncomeFromContinuingOps": 5605482, "discontinuedOperations": {}, "extraordinaryItems": {}, "effectOfAccountingCharges": {}, "otherItems": {}, "netIncome": 5605482, "netIncomeApplicableToCommonShares": 5605482}, {"maxAge": 1, "endDate": "2019-03-31", "totalRevenue": 1206186664, "costOfRevenue": 639995175, "grossProfit": 566191489, "researchDevelopment": {}, "sellingGeneralAdministrative": 95138062, "nonRecurring": {}, "otherOperatingExpenses": 334624935, "totalOperatingExpenses": 1128514391, "operatingIncome": 77672273, "totalOtherIncomeExpenseNet": -25742378, "ebit": 77672273, "interestExpense": -9558066, "incomeBeforeTax": 51929895, "incomeTaxExpense": 17737300, "minorityInterest": {}, "netIncomeFromContinuingOps": 34192595, "discontinuedOperations": {}, "extraordinaryItems": {}, "effectOfAccountingCharges": {}, "otherItems": {}, "netIncome": 34192595, "netIncomeApplicableToCommonShares": 34192595}, {"maxAge": 1, "endDate": "2018-03-31", "totalRevenue": 1101429974, "costOfRevenue": 568688874, "grossProfit": 532741100, "researchDevelopment": {}, "sellingGeneralAdministrative": 88872980, "nonRecurring": {}, "otherOperatingExpenses": 323043319, "totalOperatingExpenses": 1028526380, "operatingIncome": 72903594, "totalOtherIncomeExpenseNet": -9161058, "ebit": 72903594, "interestExpense": -8584240, "incomeBeforeTax": 63742536, "incomeTaxExpense": 13220400, "minorityInterest": {}, "netIncomeFromContinuingOps": 50522136, "discontinuedOperations": {}, "extraordinaryItems": {}, "effectOfAccountingCharges": {}, "otherItems": {}, "netIncome": 50522136, "netIncomeApplicableToCommonShares": 50522136}, {"maxAge": 1, "endDate": "2017-03-31", "totalRevenue": 917527262, "costOfRevenue": 441644678, "grossProfit": 475882584, "researchDevelopment": {}, "sellingGeneralAdministrative": 80543260, "nonRecurring": {}, "otherOperatingExpenses": 299988559, "totalOperatingExpenses": 863851969, "operatingIncome": 53675293, "totalOtherIncomeExpenseNet": -8762365, "ebit": 53675293, "interestExpense": -5357977, "incomeBeforeTax": 44912928, "incomeTaxExpense": 24092700, "minorityInterest": {}, "netIncomeFromContinuingOps": 20820228, "discontinuedOperations": {}, "extraordinaryItems": {}, "effectOfAccountingCharges": {}, "otherItems": {}, "netIncome": 20820228, "netIncomeApplicableToCommonShares": 20820228}], "maxAge": 86400}, "fundOwnership": {"maxAge": 1, "ownershipList": []}, "summaryDetail": {"maxAge": 1, "priceHint": 2, "previousClose": 17.05, "open": 17.85, "dayLow": 17.15, "dayHigh": 18.25, "regularMarketPreviousClose": 17.05, "regularMarketOpen": 17.85, "regularMarketDayLow": 17.15, "regularMarketDayHigh": 18.25, "forwardPE": 6.0304055, "volume": 3232, "regularMarketVolume": 3232, "averageVolume": 11840, "averageVolume10days": 13784, "averageDailyVolume10Day": 13784, "bid": 17.85, "ask": 18.0, "bidSize": 0, "askSize": 0, "marketCap": 269535008, "fiftyTwoWeekLow": 6.31, "fiftyTwoWeekHigh": 23.85, "fiftyDayAverage": 18.37, "twoHundredDayAverage": 14.467299, "trailingAnnualDividendRate": 0.75, "trailingAnnualDividendYield": 0.043988273, "currency": "INR", "fromCurrency": null, "toCurrency": null, "lastMarket": null, "algorithm": null, "tradeable": false}, "sectorTrend": {"maxAge": 1, "symbol": null, "estimates": []}, "incomeStatementHistoryQuarterly": {"incomeStatementHistory": [{"maxAge": 1, "endDate": "2020-06-30", "totalRevenue": 48663000, "costOfRevenue": 20099000, "grossProfit": 28564000, "researchDevelopment": {}, "sellingGeneralAdministrative": 6838000, "nonRecurring": {}, "otherOperatingExpenses": 23193000, "totalOperatingExpenses": 65338000, "operatingIncome": -16675000, "totalOtherIncomeExpenseNet": -2941000, "ebit": -16675000, "interestExpense": -2961000, "incomeBeforeTax": -19616000, "incomeTaxExpense": 0, "minorityInterest": {}, "netIncomeFromContinuingOps": -19616000, "discontinuedOperations": {}, "extraordinaryItems": {}, "effectOfAccountingCharges": {}, "otherItems": {}, "netIncome": -19616000, "netIncomeApplicableToCommonShares": -19616000}, {"maxAge": 1, "endDate": "2020-03-31", "totalRevenue": 183340304, "costOfRevenue": 86905546, "grossProfit": 96434758, "researchDevelopment": {}, "sellingGeneralAdministrative": 17449132, "nonRecurring": {}, "otherOperatingExpenses": 56087363, "totalOperatingExpenses": 178250303, "operatingIncome": 5090001, "totalOtherIncomeExpenseNet": -6892019, "ebit": 5090001, "interestExpense": -2961000, "incomeBeforeTax": -1802018, "incomeTaxExpense": -9659500, "minorityInterest": {}, "netIncomeFromContinuingOps": 7857482, "discontinuedOperations": {}, "extraordinaryItems": {}, "effectOfAccountingCharges": {}, "otherItems": {}, "netIncome": 7857482, "netIncomeApplicableToCommonShares": 7857482}, {"maxAge": 1, "endDate": "2019-12-31", "totalRevenue": 192793000, "costOfRevenue": 92465000, "grossProfit": 100328000, "researchDevelopment": {}, "sellingGeneralAdministrative": 16337000, "nonRecurring": {}, "otherOperatingExpenses": 62810000, "totalOperatingExpenses": 185950000, "operatingIncome": 6843000, "totalOtherIncomeExpenseNet": -5227000, "ebit": 6843000, "interestExpense": -5244000, "incomeBeforeTax": 1616000, "incomeTaxExpense": 0, "minorityInterest": {}, "netIncomeFromContinuingOps": 1616000, "discontinuedOperations": {}, "extraordinaryItems": {}, "effectOfAccountingCharges": {}, "otherItems": {}, "netIncome": 1616000, "netIncomeApplicableToCommonShares": 1616000}, {"maxAge": 1, "endDate": "2019-09-30", "totalRevenue": 183490000, "costOfRevenue": 96114000, "grossProfit": 87376000, "researchDevelopment": {}, "sellingGeneralAdministrative": 16281000, "nonRecurring": {}, "otherOperatingExpenses": 55453000, "totalOperatingExpenses": 182202000, "operatingIncome": 1288000, "totalOtherIncomeExpenseNet": -5702000, "ebit": 1288000, "interestExpense": -5722000, "incomeBeforeTax": -4414000, "incomeTaxExpense": 0, "minorityInterest": {}, "netIncomeFromContinuingOps": -4414000, "discontinuedOperations": {}, "extraordinaryItems": {}, "effectOfAccountingCharges": {}, "otherItems": {}, "netIncome": -4414000, "netIncomeApplicableToCommonShares": -4414000}], "maxAge": 86400}, "cashflowStatementHistoryQuarterly": {"cashflowStatements": [{"maxAge": 1, "endDate": "2020-06-30", "netIncome": -19616000, "changeToLiabilities": 0}, {"maxAge": 1, "endDate": "2020-03-31", "netIncome": 7857482, "changeToLiabilities": 0}, {"maxAge": 1, "endDate": "2019-12-31", "netIncome": 1616000, "changeToLiabilities": 0}, {"maxAge": 1, "endDate": "2019-09-30", "netIncome": -4414000, "changeToLiabilities": 0}], "maxAge": 86400}, "insiderHolders": {"holders": [{"maxAge": 1, "name": "Jain (Surendra) HUF", "relation": "UNREPORTED", "url": "", "transactionDescription": "Sale", "latestTransDate": "2017-10-16", "positionDirect": 29500, "positionDirectDate": "2017-10-16"}], "maxAge": 1}, "earnings": {"maxAge": 86400, "earningsChart": {"quarterly": [], "earningsDate": ["2020-07-30 05:30:S"]}, "financialsChart": {"yearly": [{"date": 2017, "revenue": 917527262, "earnings": 20820228}, {"date": 2018, "revenue": 1101429974, "earnings": 50522136}, {"date": 2019, "revenue": 1206186664, "earnings": 34192595}, {"date": 2020, "revenue": 787233304, "earnings": 5605482}], "quarterly": [{"date": "3Q2019", "revenue": 183490000, "earnings": -4414000}, {"date": "4Q2019", "revenue": 192793000, "earnings": 1616000}, {"date": "1Q2020", "revenue": 183340304, "earnings": 7857482}, {"date": "2Q2020", "revenue": 48663000, "earnings": -19616000}]}, "financialCurrency": "INR"}, "calendarEvents": {"maxAge": 1, "earnings": {"earningsDate": ["2020-07-30 05:30:S"]}}, "price": {"maxAge": 1, "regularMarketChangePercent": 0.04692089, "regularMarketChange": 0.80000114, "regularMarketTime": "2021-04-30 15:27:45", "priceHint": 2, "regularMarketPrice": 17.85, "regularMarketDayHigh": 18.25, "regularMarketDayLow": 17.15, "regularMarketVolume": 3232, "averageDailyVolume10Day": 13784, "averageDailyVolume3Month": 11840, "regularMarketPreviousClose": 17.05, "regularMarketSource": "FREE_REALTIME", "regularMarketOpen": 17.85, "exchange": "BSE", "exchangeName": "BSE", "exchangeDataDelayedBy": 0, "marketState": "CLOSED", "quoteType": "EQUITY", "symbol": "PORWAL.BO", "underlyingSymbol": null, "shortName": "PORWAL AUTO COMPONENTS LTD.", "longName": "Porwal Auto Components Limited", "currency": "INR", "quoteSourceName": "Delayed Quote", "currencySymbol": "\u20b9", "fromCurrency": null, "toCurrency": null, "lastMarket": null, "marketCap": 269535008}, "balanceSheetHistory": {"balanceSheetStatements": [{"maxAge": 1, "endDate": "2020-03-31", "cash": 503208, "netReceivables": 82004927, "inventory": 68081522, "otherCurrentAssets": 12272999, "totalCurrentAssets": 164543573, "longTermInvestments": 86048064, "propertyPlantEquipment": 490742575, "intangibleAssets": 1276024, "otherAssets": 63283937, "totalAssets": 805894173, "accountsPayable": 32006212, "shortLongTermDebt": 16556758, "otherCurrentLiab": 1556953, "longTermDebt": 44654725, "otherLiab": 29238700, "totalCurrentLiabilities": 140165772, "totalLiab": 214059197, "commonStock": 151000000, "retainedEarnings": 114834979, "capitalSurplus": 326000000, "totalStockholderEquity": 591834979, "netTangibleAssets": 590558955}, {"maxAge": 1, "endDate": "2019-03-31", "cash": 178866, "netReceivables": 89538000, "inventory": 101853079, "otherCurrentAssets": 16309148, "totalCurrentAssets": 208697055, "longTermInvestments": 82073064, "propertyPlantEquipment": 506019595, "intangibleAssets": 744185, "otherAssets": 64793329, "totalAssets": 862327228, "accountsPayable": 38962144, "shortLongTermDebt": 14074190, "otherCurrentLiab": 28149026, "longTermDebt": 59982307, "otherLiab": 38898199, "totalCurrentLiabilities": 177218154, "totalLiab": 276098660, "commonStock": 151000000, "retainedEarnings": 109228568, "capitalSurplus": 326000000, "totalStockholderEquity": 586228568, "netTangibleAssets": 585484383}, {"maxAge": 1, "endDate": "2018-03-31", "cash": 174257, "netReceivables": 135205871, "inventory": 109190855, "otherCurrentAssets": 19285830, "totalCurrentAssets": 264458455, "longTermInvestments": 63435564, "propertyPlantEquipment": 508463493, "intangibleAssets": 759147, "otherAssets": 92911649, "totalAssets": 930028308, "accountsPayable": 75549734, "shortLongTermDebt": 19466888, "otherCurrentLiab": 37685257, "longTermDebt": 93476483, "otherLiab": 31851900, "totalCurrentLiabilities": 238070561, "totalLiab": 363398944, "commonStock": 151000000, "retainedEarnings": 89629364, "capitalSurplus": 326000000, "totalStockholderEquity": 566629364, "netTangibleAssets": 565870217}, {"maxAge": 1, "endDate": "2017-03-31", "cash": 211669, "netReceivables": 97777202, "inventory": 70253067, "otherCurrentAssets": 9732708, "totalCurrentAssets": 178917654, "longTermInvestments": 44280000, "propertyPlantEquipment": 378483874, "intangibleAssets": 587829, "otherAssets": 129270366, "totalAssets": 731539723, "accountsPayable": 33494011, "shortLongTermDebt": 6174611, "otherCurrentLiab": 36382921, "longTermDebt": 38288495, "otherLiab": 31628500, "totalCurrentLiabilities": 131741586, "totalLiab": 201658581, "commonStock": 151000000, "retainedEarnings": 52881142, "capitalSurplus": 326000000, "totalStockholderEquity": 529881142, "netTangibleAssets": 529293313}], "maxAge": 86400}, "earningsTrend": {"trend": [{"maxAge": 1, "period": "0q", "endDate": "2016-12-31", "growth": {}, "earningsEstimate": {"avg": 0.0, "low": 0.0, "high": 0.0, "yearAgoEps": {}, "numberOfAnalysts": 0, "growth": {}}, "revenueEstimate": {"avg": 0, "low": 0, "high": 0, "numberOfAnalysts": 0, "yearAgoRevenue": {}, "growth": {}}, "epsTrend": {"current": 0.0, "7daysAgo": 0.91, "30daysAgo": 0.91, "60daysAgo": 0.91, "90daysAgo": 0.91}, "epsRevisions": {"upLast7days": 0, "upLast30days": 0, "downLast30days": 0, "downLast90days": {}}}, {"maxAge": 1, "period": "+1q", "endDate": "2017-03-31", "growth": {}, "earningsEstimate": {"avg": 0.0, "low": 0.0, "high": 0.0, "yearAgoEps": {}, "numberOfAnalysts": 0, "growth": {}}, "revenueEstimate": {"avg": 0, "low": 0, "high": 0, "numberOfAnalysts": 0, "yearAgoRevenue": {}, "growth": {}}, "epsTrend": {"current": 0.0, "7daysAgo": 0.67, "30daysAgo": 0.67, "60daysAgo": 0.67, "90daysAgo": 0.67}, "epsRevisions": {"upLast7days": 0, "upLast30days": 0, "downLast30days": 0, "downLast90days": {}}}, {"maxAge": 1, "period": "0y", "endDate": "2019-03-31", "growth": {}, "earningsEstimate": {"avg": 0.0, "low": 0.0, "high": 0.0, "yearAgoEps": {}, "numberOfAnalysts": 0, "growth": {}}, "revenueEstimate": {"avg": 0, "low": 0, "high": 0, "numberOfAnalysts": 0, "yearAgoRevenue": {}, "growth": {}}, "epsTrend": {"current": 0.0, "7daysAgo": 0.0, "30daysAgo": 0.0, "60daysAgo": 0.0, "90daysAgo": 0.0}, "epsRevisions": {"upLast7days": 0, "upLast30days": 0, "downLast30days": 0, "downLast90days": {}}}, {"maxAge": 1, "period": "+1y", "endDate": "2017-03-31", "growth": {}, "earningsEstimate": {"avg": 0.0, "low": 0.0, "high": 0.0, "yearAgoEps": {}, "numberOfAnalysts": 0, "growth": {}}, "revenueEstimate": {"avg": 919576000, "low": 894030000, "high": 894030000, "numberOfAnalysts": 1, "yearAgoRevenue": {}, "growth": {}}, "epsTrend": {"current": 0.0, "7daysAgo": 2.96, "30daysAgo": 2.96, "60daysAgo": 2.96, "90daysAgo": 2.96}, "epsRevisions": {"upLast7days": 0, "upLast30days": 0, "downLast30days": 0, "downLast90days": {}}}, {"maxAge": 1, "period": "+5y", "endDate": null, "growth": {}, "earningsEstimate": {"avg": {}, "low": {}, "high": {}, "yearAgoEps": {}, "numberOfAnalysts": {}, "growth": {}}, "revenueEstimate": {"avg": {}, "low": {}, "high": {}, "numberOfAnalysts": {}, "yearAgoRevenue": {}, "growth": {}}, "epsTrend": {"current": {}, "7daysAgo": {}, "30daysAgo": {}, "60daysAgo": {}, "90daysAgo": {}}, "epsRevisions": {"upLast7days": {}, "upLast30days": {}, "downLast30days": {}, "downLast90days": {}}}, {"maxAge": 1, "period": "-5y", "endDate": null, "growth": {}, "earningsEstimate": {"avg": {}, "low": {}, "high": {}, "yearAgoEps": {}, "numberOfAnalysts": {}, "growth": {}}, "revenueEstimate": {"avg": {}, "low": {}, "high": {}, "numberOfAnalysts": {}, "yearAgoRevenue": {}, "growth": {}}, "epsTrend": {"current": {}, "7daysAgo": {}, "30daysAgo": {}, "60daysAgo": {}, "90daysAgo": {}}, "epsRevisions": {"upLast7days": {}, "upLast30days": {}, "downLast30days": {}, "downLast90days": {}}}], "maxAge": 1}, "financialData": {"maxAge": 86400, "currentPrice": 17.85, "recommendationKey": "none", "grossProfits": 393276758, "financialCurrency": "INR"}}}