{"POWERMECH.BO": {"recommendationTrend": {"trend": [{"period": "0m", "strongBuy": 0, "buy": 0, "hold": 0, "sell": 0, "strongSell": 0}, {"period": "-1m", "strongBuy": 0, "buy": 0, "hold": 0, "sell": 0, "strongSell": 0}, {"period": "-2m", "strongBuy": 0, "buy": 0, "hold": 0, "sell": 0, "strongSell": 0}, {"period": "-3m", "strongBuy": 0, "buy": 0, "hold": 0, "sell": 0, "strongSell": 0}], "maxAge": 86400}, "cashflowStatementHistory": {"cashflowStatements": [{"maxAge": 1, "endDate": "2020-03-31", "netIncome": 1312600000, "depreciation": 393400000, "changeToNetincome": 332200000, "changeToAccountReceivables": -1525800000, "changeToLiabilities": 1347600000, "changeToInventory": -336000000, "changeToOperatingActivities": -2001800000, "totalCashFromOperatingActivities": -476900000, "capitalExpenditures": -291600000, "otherCashflowsFromInvestingActivities": 298800000, "totalCashflowsFromInvestingActivities": 27300000, "dividendsPaid": -17700000, "netBorrowings": 1341200000, "otherCashflowsFromFinancingActivities": -733000000, "totalCashFromFinancingActivities": 590500000, "changeInCash": 140900000}, {"maxAge": 1, "endDate": "2019-03-31", "netIncome": 1216200000, "depreciation": 457300000, "changeToNetincome": 306400000, "changeToAccountReceivables": -804000000, "changeToLiabilities": 1355900000, "changeToInventory": -455200000, "changeToOperatingActivities": -2063200000, "totalCashFromOperatingActivities": 14500000, "capitalExpenditures": -503600000, "investments": -178700000, "otherCashflowsFromInvestingActivities": -183000000, "totalCashflowsFromInvestingActivities": -628300000, "dividendsPaid": -17700000, "netBorrowings": 816600000, "otherCashflowsFromFinancingActivities": -550700000, "totalCashFromFinancingActivities": 248200000, "changeInCash": -365600000}, {"maxAge": 1, "endDate": "2018-03-31", "netIncome": 794400000, "depreciation": 426100000, "changeToNetincome": 402900000, "changeToAccountReceivables": -137300000, "changeToLiabilities": 421000000, "changeToInventory": -35200000, "changeToOperatingActivities": -1516600000, "totalCashFromOperatingActivities": 357600000, "capitalExpenditures": -335500000, "investments": 6400000, "otherCashflowsFromInvestingActivities": -98900000, "totalCashflowsFromInvestingActivities": -417900000, "dividendsPaid": -17700000, "netBorrowings": 872200000, "otherCashflowsFromFinancingActivities": -358700000, "totalCashFromFinancingActivities": 495800000, "changeInCash": 435500000}, {"maxAge": 1, "endDate": "2017-03-31", "netIncome": 646756167, "depreciation": 405558235, "changeToNetincome": 232216742, "changeToAccountReceivables": -226945237, "changeToLiabilities": -51199277, "changeToInventory": -97601532, "changeToOperatingActivities": 278288063, "totalCashFromOperatingActivities": 1190821031, "capitalExpenditures": -528587661, "investments": 6400000, "otherCashflowsFromInvestingActivities": -2397136, "totalCashflowsFromInvestingActivities": -396822835, "dividendsPaid": -5151317, "netBorrowings": -398141852, "otherCashflowsFromFinancingActivities": -329260388, "totalCashFromFinancingActivities": -732553557, "changeInCash": 61444639}], "maxAge": 86400}, "institutionOwnership": {"maxAge": 1, "ownershipList": []}, "balanceSheetHistoryQuarterly": {"balanceSheetStatements": [{"maxAge": 1, "endDate": "2020-03-31", "cash": 296400000, "netReceivables": 11622900000, "inventory": 1479700000, "otherCurrentAssets": 4184800000, "totalCurrentAssets": 18230600000, "longTermInvestments": 328900000, "propertyPlantEquipment": 1877600000, "goodWill": 22700000, "intangibleAssets": 3700000, "otherAssets": 2929900000, "deferredLongTermAssetCharges": 81700000, "totalAssets": 23393400000, "accountsPayable": 5778300000, "shortLongTermDebt": 612500000, "otherCurrentLiab": 1247900000, "longTermDebt": 296400000, "otherLiab": 711100000, "minorityInterest": 81100000, "totalCurrentLiabilities": 12747900000, "totalLiab": 13800800000, "commonStock": 147100000, "retainedEarnings": 7734600000, "treasuryStock": 20500000, "capitalSurplus": 1609300000, "otherStockholderEquity": 20500000, "totalStockholderEquity": 9511500000, "netTangibleAssets": 9485100000}, {"maxAge": 1, "endDate": "2019-12-31", "totalStockholderEquity": 8803850000, "netTangibleAssets": 8777070000}, {"maxAge": 1, "endDate": "2019-09-30", "cash": 649740000, "netReceivables": 9585070000, "inventory": 1161550000, "otherCurrentAssets": 4638960000, "totalCurrentAssets": 16035320000, "longTermInvestments": 3196490000, "propertyPlantEquipment": 1942490000, "intangibleAssets": 26780000, "otherAssets": 324570000, "deferredLongTermAssetCharges": 54930000, "totalAssets": 21525650000, "accountsPayable": 4914780000, "otherCurrentLiab": 2431660000, "longTermDebt": 405130000, "otherLiab": 1117780000, "minorityInterest": 71590000, "totalCurrentLiabilities": 11073120000, "totalLiab": 12650210000, "commonStock": 147110000, "treasuryStock": 8656740000, "otherStockholderEquity": 8656740000, "totalStockholderEquity": 8803850000, "netTangibleAssets": 8777070000}, {"maxAge": 1, "endDate": "2019-06-30", "totalStockholderEquity": 8193710000, "netTangibleAssets": 8167380000}], "maxAge": 86400}, "earningsHistory": {"history": [{"maxAge": 1, "epsActual": 12.33, "epsEstimate": 12.8, "epsDifference": -0.47, "surprisePercent": -0.037, "quarter": "2017-12-31", "period": "-4q"}, {"maxAge": 1, "epsActual": 17.74, "epsEstimate": 16.45, "epsDifference": 1.29, "surprisePercent": 0.078, "quarter": "2018-03-31", "period": "-3q"}, {"maxAge": 1, "epsActual": 16.58, "epsEstimate": 17.98, "epsDifference": -1.4, "surprisePercent": -0.078, "quarter": "2018-06-30", "period": "-2q"}, {"maxAge": 1, "epsActual": 19.31, "epsEstimate": 16.06, "epsDifference": 3.25, "surprisePercent": 0.202, "quarter": "2018-09-30", "period": "-1q"}], "maxAge": 86400}, "indexTrend": {"maxAge": 1, "symbol": "SP5", "peRatio": 19.7411, "pegRatio": 1.34172, "estimates": [{"period": "0q", "growth": 0.549}, {"period": "+1q", "growth": 0.431}, {"period": "0y", "growth": 0.305}, {"period": "+1y", "growth": 0.109}, {"period": "+5y", "growth": 0.120865}, {"period": "-5y"}]}, "industryTrend": {"maxAge": 1, "symbol": null, "estimates": []}, "insiderTransactions": {"transactions": [{"maxAge": 1, "shares": 830000, "filerUrl": "", "transactionText": "", "filerName": "Rohit (Sajja)", "filerRelation": "Promoter", "moneyText": "", "startDate": "2020-04-16", "ownership": "D"}, {"maxAge": 1, "shares": 230000, "filerUrl": "", "transactionText": "", "filerName": "Babu (Sajja Kishore)", "filerRelation": "Chairman of the Board", "moneyText": "", "startDate": "2020-04-16", "ownership": "D"}, {"maxAge": 1, "shares": 10000, "filerUrl": "", "transactionText": "", "filerName": "Vignatha (Sajja)", "filerRelation": "Promoter", "moneyText": "", "startDate": "2020-03-31", "ownership": "D"}, {"maxAge": 1, "shares": 723426, "filerUrl": "", "transactionText": "", "filerName": "Rohit (Sajja)", "filerRelation": "Promoter", "moneyText": "", "startDate": "2020-03-27", "ownership": "D"}, {"maxAge": 1, "shares": 1074, "filerUrl": "", "transactionText": "", "filerName": "Koyi (Uma Devi)", "filerRelation": "UNREPORTED", "moneyText": "", "startDate": "2019-06-28", "ownership": "D"}], "maxAge": 1}, "quoteType": {"exchange": "BSE", "quoteType": "EQUITY", "symbol": "POWERMECH.BO", "underlyingSymbol": "POWERMECH.BO", "shortName": "Power Mech Projects Limited", "longName": "Power Mech Projects Limited", "firstTradeDateEpochUtc": "2015-08-26 09:15:00", "timeZoneFullName": "Asia/Kolkata", "timeZoneShortName": "IST", "uuid": "9895b73f-4f47-3792-93f6-64f74c62ca6c", "messageBoardId": null, "gmtOffSetMilliseconds": 19800000, "maxAge": 1}, "incomeStatementHistory": {"incomeStatementHistory": [{"maxAge": 1, "endDate": "2020-03-31", "totalRevenue": 21646800000, "costOfRevenue": 14718700000, "grossProfit": 6928100000, "researchDevelopment": {}, "sellingGeneralAdministrative": 3952600000, "nonRecurring": {}, "otherOperatingExpenses": 263800000, "totalOperatingExpenses": 19329400000, "operatingIncome": 2317400000, "totalOtherIncomeExpenseNet": -635700000, "ebit": 2317400000, "interestExpense": -609700000, "incomeBeforeTax": 1681700000, "incomeTaxExpense": 374800000, "minorityInterest": 81100000, "netIncomeFromContinuingOps": 1306900000, "discontinuedOperations": {}, "extraordinaryItems": {}, "effectOfAccountingCharges": {}, "otherItems": {}, "netIncome": 1312600000, "netIncomeApplicableToCommonShares": 1312600000}, {"maxAge": 1, "endDate": "2019-03-31", "totalRevenue": 22613000000, "costOfRevenue": 14789000000, "grossProfit": 7824000000, "researchDevelopment": {}, "sellingGeneralAdministrative": 4617300000, "nonRecurring": {}, "otherOperatingExpenses": 276700000, "totalOperatingExpenses": 20141000000, "operatingIncome": 2472000000, "totalOtherIncomeExpenseNet": -416500000, "ebit": 2472000000, "interestExpense": -439200000, "incomeBeforeTax": 2055500000, "incomeTaxExpense": 623700000, "minorityInterest": 81500000, "netIncomeFromContinuingOps": 1431800000, "discontinuedOperations": {}, "extraordinaryItems": {}, "effectOfAccountingCharges": {}, "otherItems": {}, "netIncome": 1216200000, "netIncomeApplicableToCommonShares": 1216200000}, {"maxAge": 1, "endDate": "2018-03-31", "totalRevenue": 15478300000, "costOfRevenue": 9542700000, "grossProfit": 5935600000, "researchDevelopment": {}, "sellingGeneralAdministrative": 3631400000, "nonRecurring": {}, "otherOperatingExpenses": 254500000, "totalOperatingExpenses": 13856800000, "operatingIncome": 1621500000, "totalOtherIncomeExpenseNet": -321100000, "ebit": 1621500000, "interestExpense": -290600000, "incomeBeforeTax": 1300400000, "incomeTaxExpense": 392300000, "minorityInterest": 138100000, "netIncomeFromContinuingOps": 908100000, "discontinuedOperations": {}, "extraordinaryItems": {}, "effectOfAccountingCharges": {}, "otherItems": {}, "netIncome": 794400000, "netIncomeApplicableToCommonShares": 794400000}, {"maxAge": 1, "endDate": "2017-03-31", "totalRevenue": 13382019808, "costOfRevenue": 8811305985, "grossProfit": 4570713823, "researchDevelopment": {}, "sellingGeneralAdministrative": 2630414757, "nonRecurring": {}, "otherOperatingExpenses": 258224603, "totalOperatingExpenses": 12109251450, "operatingIncome": 1272768358, "totalOtherIncomeExpenseNet": -269506982, "ebit": 1272768358, "interestExpense": -277048491, "incomeBeforeTax": 1003261376, "incomeTaxExpense": 356757174, "minorityInterest": 21089379, "netIncomeFromContinuingOps": 646504202, "discontinuedOperations": {}, "extraordinaryItems": {}, "effectOfAccountingCharges": {}, "otherItems": {}, "netIncome": 646756167, "netIncomeApplicableToCommonShares": 646756167}], "maxAge": 86400}, "fundOwnership": {"maxAge": 1, "ownershipList": [{"maxAge": 1, "reportDate": "2020-07-31", "organization": "DFA Emerging Markets Core Equity Portfolio", "pctHeld": 0.0008, "position": 12076, "value": 5090034}, {"maxAge": 1, "reportDate": "2020-07-31", "organization": "DFA Investment Dimensions-DFA Emerging Mkts Value", "pctHeld": 0.0004, "position": 5273, "value": 2222569}]}, "summaryDetail": {"maxAge": 1, "priceHint": 2, "previousClose": 575.2, "open": 575.0, "dayLow": 564.0, "dayHigh": 579.9, "regularMarketPreviousClose": 575.2, "regularMarketOpen": 575.0, "regularMarketDayLow": 564.0, "regularMarketDayHigh": 579.9, "trailingPE": 6.436953, "forwardPE": 5.987178, "volume": 2213, "regularMarketVolume": 2213, "averageVolume": 11707, "averageVolume10days": 12131, "averageDailyVolume10Day": 12131, "bid": 568.8, "ask": 578.35, "bidSize": 0, "askSize": 0, "marketCap": 8432778752, "fiftyTwoWeekLow": 310.0, "fiftyTwoWeekHigh": 751.0, "fiftyDayAverage": 454.00443, "twoHundredDayAverage": 421.82428, "trailingAnnualDividendRate": 1.0, "trailingAnnualDividendYield": 0.0017385257, "currency": "INR", "fromCurrency": null, "toCurrency": null, "lastMarket": null, "algorithm": null, "tradeable": false}, "sectorTrend": {"maxAge": 1, "symbol": null, "estimates": []}, "incomeStatementHistoryQuarterly": {"incomeStatementHistory": [{"maxAge": 1, "endDate": "2020-03-31", "totalRevenue": 5945640000, "costOfRevenue": 3652020000, "grossProfit": 2293620000, "researchDevelopment": {}, "sellingGeneralAdministrative": 1566290000, "nonRecurring": {}, "otherOperatingExpenses": 72150000, "totalOperatingExpenses": 5384910000, "operatingIncome": 560730000, "totalOtherIncomeExpenseNet": -197830000, "ebit": 560730000, "interestExpense": -97410000, "incomeBeforeTax": 362900000, "incomeTaxExpense": 47600000, "minorityInterest": 81100000, "netIncomeFromContinuingOps": 315300000, "discontinuedOperations": {}, "extraordinaryItems": {}, "effectOfAccountingCharges": {}, "otherItems": {}, "netIncome": 313350000, "netIncomeApplicableToCommonShares": 313350000}, {"maxAge": 1, "endDate": "2019-12-31", "totalRevenue": 5457520000, "costOfRevenue": 3803250000, "grossProfit": 1654270000, "researchDevelopment": {}, "sellingGeneralAdministrative": 873010000, "nonRecurring": {}, "otherOperatingExpenses": 56290000, "totalOperatingExpenses": 4830180000, "operatingIncome": 627340000, "totalOtherIncomeExpenseNet": -160670000, "ebit": 627340000, "interestExpense": -179500000, "incomeBeforeTax": 466670000, "incomeTaxExpense": 103160000, "minorityInterest": 81100000, "netIncomeFromContinuingOps": 363510000, "discontinuedOperations": {}, "extraordinaryItems": {}, "effectOfAccountingCharges": {}, "otherItems": {}, "netIncome": 364140000, "netIncomeApplicableToCommonShares": 364140000}, {"maxAge": 1, "endDate": "2019-09-30", "totalRevenue": 5331400000, "costOfRevenue": 3775940000, "grossProfit": 1555460000, "researchDevelopment": {}, "sellingGeneralAdministrative": 788120000, "nonRecurring": {}, "otherOperatingExpenses": 78810000, "totalOperatingExpenses": 4741950000, "operatingIncome": 589450000, "totalOtherIncomeExpenseNet": -166470000, "ebit": 589450000, "interestExpense": -191630000, "incomeBeforeTax": 422980000, "incomeTaxExpense": 75290000, "minorityInterest": 71590000, "netIncomeFromContinuingOps": 347690000, "discontinuedOperations": {}, "extraordinaryItems": {}, "effectOfAccountingCharges": {}, "otherItems": {}, "netIncome": 351010000, "netIncomeApplicableToCommonShares": 351010000}, {"maxAge": 1, "endDate": "2019-06-30", "totalRevenue": 4912240000, "costOfRevenue": 3487500000, "grossProfit": 1424740000, "researchDevelopment": {}, "sellingGeneralAdministrative": 725180000, "nonRecurring": {}, "otherOperatingExpenses": 56540000, "totalOperatingExpenses": 4372360000, "operatingIncome": 539880000, "totalOtherIncomeExpenseNet": -110740000, "ebit": 539880000, "interestExpense": -141170000, "incomeBeforeTax": 429140000, "incomeTaxExpense": 148760000, "minorityInterest": 71590000, "netIncomeFromContinuingOps": 280380000, "discontinuedOperations": {}, "extraordinaryItems": {}, "effectOfAccountingCharges": {}, "otherItems": {}, "netIncome": 284070000, "netIncomeApplicableToCommonShares": 284070000}], "maxAge": 86400}, "cashflowStatementHistoryQuarterly": {"cashflowStatements": [{"maxAge": 1, "endDate": "2020-03-31", "netIncome": 313350000, "changeToLiabilities": 0}, {"maxAge": 1, "endDate": "2019-12-31", "netIncome": 364140000, "changeToLiabilities": 0}, {"maxAge": 1, "endDate": "2019-09-30", "netIncome": 351010000, "changeToLiabilities": 0}, {"maxAge": 1, "endDate": "2019-06-30", "netIncome": 284070000, "changeToLiabilities": 0}], "maxAge": 86400}, "insiderHolders": {"holders": [{"maxAge": 1, "name": "Babu (Sajja Kishore)", "relation": "Chairman of the Board", "url": "", "transactionDescription": "Purchase", "latestTransDate": "2020-04-16", "positionDirect": 3864942, "positionDirectDate": "2020-04-16"}, {"maxAge": 1, "name": "Koyi (Uma Devi)", "relation": "UNREPORTED", "url": "", "transactionDescription": "Sale", "latestTransDate": "2019-06-28", "positionDirect": 4526, "positionDirectDate": "2019-06-28"}, {"maxAge": 1, "name": "Rohit (Sajja)", "relation": "Promoter", "url": "", "transactionDescription": "Sale", "latestTransDate": "2020-04-16", "positionDirect": 19413, "positionDirectDate": "2020-04-16"}, {"maxAge": 1, "name": "Vignatha (Sajja)", "relation": "Promoter", "url": "", "transactionDescription": "Acquisition", "latestTransDate": "2020-03-31", "positionDirect": 308094, "positionDirectDate": "2020-03-31"}], "maxAge": 1}, "earnings": {"maxAge": 86400, "earningsChart": {"quarterly": [{"date": "4Q2017", "actual": 12.33, "estimate": 12.8}, {"date": "1Q2018", "actual": 17.74, "estimate": 16.45}, {"date": "2Q2018", "actual": 16.58, "estimate": 17.98}, {"date": "3Q2018", "actual": 19.31, "estimate": 16.06}], "currentQuarterEstimateDate": "4Q", "currentQuarterEstimateYear": 2018, "earningsDate": []}, "financialsChart": {"yearly": [{"date": 2017, "revenue": 13382019808, "earnings": 646756167}, {"date": 2018, "revenue": 15478300000, "earnings": 794400000}, {"date": 2019, "revenue": 22613000000, "earnings": 1216200000}, {"date": 2020, "revenue": 21646800000, "earnings": 1312600000}], "quarterly": [{"date": "2Q2019", "revenue": 4912240000, "earnings": 284070000}, {"date": "3Q2019", "revenue": 5331400000, "earnings": 351010000}, {"date": "4Q2019", "revenue": 5457520000, "earnings": 364140000}, {"date": "1Q2020", "revenue": 5945640000, "earnings": 313350000}]}, "financialCurrency": "INR"}, "calendarEvents": {"maxAge": 1, "earnings": {"earningsDate": [], "revenueAverage": 5131240000, "revenueLow": 5131240000, "revenueHigh": 5131240000}}, "price": {"maxAge": 1, "regularMarketChangePercent": -0.0014778106, "regularMarketChange": -0.8500366, "regularMarketTime": "2021-04-30 15:29:04", "priceHint": 2, "regularMarketPrice": 574.35, "regularMarketDayHigh": 579.9, "regularMarketDayLow": 564.0, "regularMarketVolume": 2213, "averageDailyVolume10Day": 12131, "averageDailyVolume3Month": 11707, "regularMarketPreviousClose": 575.2, "regularMarketSource": "FREE_REALTIME", "regularMarketOpen": 575.0, "exchange": "BSE", "exchangeName": "BSE", "exchangeDataDelayedBy": 0, "marketState": "CLOSED", "quoteType": "EQUITY", "symbol": "POWERMECH.BO", "underlyingSymbol": null, "shortName": "Power Mech Projects Limited", "longName": "Power Mech Projects Limited", "currency": "INR", "quoteSourceName": "Delayed Quote", "currencySymbol": "\u20b9", "fromCurrency": null, "toCurrency": null, "lastMarket": null, "marketCap": 8432778752}, "balanceSheetHistory": {"balanceSheetStatements": [{"maxAge": 1, "endDate": "2020-03-31", "cash": 296400000, "netReceivables": 11622900000, "inventory": 1479700000, "otherCurrentAssets": 4184800000, "totalCurrentAssets": 18230600000, "longTermInvestments": 328900000, "propertyPlantEquipment": 1877600000, "goodWill": 22700000, "intangibleAssets": 3700000, "otherAssets": 2929900000, "deferredLongTermAssetCharges": 81700000, "totalAssets": 23393400000, "accountsPayable": 5778300000, "shortLongTermDebt": 612500000, "otherCurrentLiab": 1247900000, "longTermDebt": 296400000, "otherLiab": 711100000, "minorityInterest": 81100000, "totalCurrentLiabilities": 12747900000, "totalLiab": 13800800000, "commonStock": 147100000, "retainedEarnings": 7734600000, "treasuryStock": 20500000, "capitalSurplus": 1609300000, "otherStockholderEquity": 20500000, "totalStockholderEquity": 9511500000, "netTangibleAssets": 9485100000}, {"maxAge": 1, "endDate": "2019-03-31", "cash": 155500000, "shortTermInvestments": 4210020000, "netReceivables": 8304500000, "inventory": 1187900000, "otherCurrentAssets": 4259300000, "totalCurrentAssets": 13957400000, "longTermInvestments": 313400000, "propertyPlantEquipment": 1906400000, "goodWill": 22700000, "intangibleAssets": 3700000, "otherAssets": 3065400000, "deferredLongTermAssetCharges": 56400000, "totalAssets": 19269000000, "accountsPayable": 4430700000, "shortLongTermDebt": 437300000, "otherCurrentLiab": 923800000, "longTermDebt": 539800000, "otherLiab": 1037400000, "minorityInterest": 81500000, "totalCurrentLiabilities": 9416800000, "totalLiab": 10994000000, "commonStock": 147100000, "retainedEarnings": 6429500000, "treasuryStock": 7600000, "capitalSurplus": 1609300000, "otherStockholderEquity": 7600000, "totalStockholderEquity": 8193500000, "netTangibleAssets": 8167100000}, {"maxAge": 1, "endDate": "2018-03-31", "cash": 521100000, "netReceivables": 7075900000, "inventory": 514700000, "otherCurrentAssets": 3170300000, "totalCurrentAssets": 11343800000, "longTermInvestments": 1300000, "propertyPlantEquipment": 2058500000, "goodWill": 24300000, "intangibleAssets": 2700000, "otherAssets": 2414800000, "deferredLongTermAssetCharges": 25300000, "totalAssets": 15845400000, "accountsPayable": 3074500000, "shortLongTermDebt": 244900000, "otherCurrentLiab": 1057000000, "longTermDebt": 277200000, "otherLiab": 822900000, "minorityInterest": 138100000, "totalCurrentLiabilities": 7622600000, "totalLiab": 8722700000, "commonStock": 147100000, "retainedEarnings": 5220800000, "treasuryStock": 7400000, "capitalSurplus": 1609300000, "otherStockholderEquity": 7400000, "totalStockholderEquity": 6984600000, "netTangibleAssets": 6957600000}, {"maxAge": 1, "endDate": "2017-03-31", "cash": 85644837, "netReceivables": 6136513143, "inventory": 591645931, "otherCurrentAssets": 2188913544, "totalCurrentAssets": 9041369451, "longTermInvestments": 9100599, "propertyPlantEquipment": 2155007799, "goodWill": 24292435, "intangibleAssets": 4620689, "otherAssets": 2392999231, "totalAssets": 13627390204, "accountsPayable": 2653524041, "shortLongTermDebt": 314655178, "otherCurrentLiab": 1010044423, "longTermDebt": 154969555, "otherLiab": 971309613, "minorityInterest": 21089379, "totalCurrentLiabilities": 6267480419, "totalLiab": 7393759587, "commonStock": 147107640, "retainedEarnings": 4437798002, "treasuryStock": 18322236, "capitalSurplus": 1609313360, "otherStockholderEquity": 18322236, "totalStockholderEquity": 6212541238, "netTangibleAssets": 6183628114}], "maxAge": 86400}, "earningsTrend": {"trend": [{"maxAge": 1, "period": "0q", "endDate": "2018-12-31", "growth": {}, "earningsEstimate": {"avg": 0.0, "low": 0.0, "high": 0.0, "yearAgoEps": 12.33, "numberOfAnalysts": 0, "growth": {}}, "revenueEstimate": {"avg": 5131240000, "low": 5131240000, "high": 5131240000, "numberOfAnalysts": 1, "yearAgoRevenue": 3546670000, "growth": 0.447}, "epsTrend": {"current": 0.0, "7daysAgo": 18.32, "30daysAgo": 18.32, "60daysAgo": 18.32, "90daysAgo": 18.32}, "epsRevisions": {"upLast7days": 0, "upLast30days": 0, "downLast30days": 0, "downLast90days": {}}}, {"maxAge": 1, "period": "+1q", "endDate": "2019-03-31", "growth": {}, "earningsEstimate": {"avg": 0.0, "low": 0.0, "high": 0.0, "yearAgoEps": 17.74, "numberOfAnalysts": 0, "growth": {}}, "revenueEstimate": {"avg": 5873000000, "low": 5873000000, "high": 5873000000, "numberOfAnalysts": 1, "yearAgoRevenue": 4896030000, "growth": 0.2}, "epsTrend": {"current": 0.0, "7daysAgo": 29.53, "30daysAgo": 29.53, "60daysAgo": 29.53, "90daysAgo": 29.53}, "epsRevisions": {"upLast7days": 0, "upLast30days": 0, "downLast30days": 0, "downLast90days": {}}}, {"maxAge": 1, "period": "0y", "endDate": "2019-03-31", "growth": {}, "earningsEstimate": {"avg": 0.0, "low": 0.0, "high": 0.0, "yearAgoEps": {}, "numberOfAnalysts": 0, "growth": {}}, "revenueEstimate": {"avg": 19865400000, "low": 18883600000, "high": 21009000000, "numberOfAnalysts": 4, "yearAgoRevenue": 15478300000, "growth": 0.283}, "epsTrend": {"current": 0.0, "7daysAgo": 73.73, "30daysAgo": 73.73, "60daysAgo": 73.73, "90daysAgo": 73.73}, "epsRevisions": {"upLast7days": 0, "upLast30days": 1, "downLast30days": 0, "downLast90days": {}}}, {"maxAge": 1, "period": "+1y", "endDate": "2020-03-31", "growth": {}, "earningsEstimate": {"avg": 0.0, "low": 0.0, "high": 0.0, "yearAgoEps": {}, "numberOfAnalysts": 0, "growth": {}}, "revenueEstimate": {"avg": 23778700000, "low": 21904900000, "high": 25239000000, "numberOfAnalysts": 4, "yearAgoRevenue": 19865400000, "growth": 0.19700001}, "epsTrend": {"current": 0.0, "7daysAgo": 95.93, "30daysAgo": 95.93, "60daysAgo": 95.93, "90daysAgo": 95.93}, "epsRevisions": {"upLast7days": 0, "upLast30days": 0, "downLast30days": 0, "downLast90days": {}}}, {"maxAge": 1, "period": "+5y", "endDate": null, "growth": {}, "earningsEstimate": {"avg": {}, "low": {}, "high": {}, "yearAgoEps": {}, "numberOfAnalysts": {}, "growth": {}}, "revenueEstimate": {"avg": {}, "low": {}, "high": {}, "numberOfAnalysts": {}, "yearAgoRevenue": {}, "growth": {}}, "epsTrend": {"current": {}, "7daysAgo": {}, "30daysAgo": {}, "60daysAgo": {}, "90daysAgo": {}}, "epsRevisions": {"upLast7days": {}, "upLast30days": {}, "downLast30days": {}, "downLast90days": {}}}, {"maxAge": 1, "period": "-5y", "endDate": null, "growth": {}, "earningsEstimate": {"avg": {}, "low": {}, "high": {}, "yearAgoEps": {}, "numberOfAnalysts": {}, "growth": {}}, "revenueEstimate": {"avg": {}, "low": {}, "high": {}, "numberOfAnalysts": {}, "yearAgoRevenue": {}, "growth": {}}, "epsTrend": {"current": {}, "7daysAgo": {}, "30daysAgo": {}, "60daysAgo": {}, "90daysAgo": {}}, "epsRevisions": {"upLast7days": {}, "upLast30days": {}, "downLast30days": {}, "downLast90days": {}}}], "maxAge": 1}, "financialData": {"maxAge": 86400, "currentPrice": 574.35, "targetHighPrice": 1369.0, "targetLowPrice": 1153.0, "targetMeanPrice": 1284.0, "targetMedianPrice": 1307.0, "recommendationKey": "none", "numberOfAnalystOpinions": 4, "grossProfits": 6928100000, "financialCurrency": "INR"}}}