{"POWERMECH.NS": {"assetProfile": {"address1": "Plot No. 77", "address2": "Jubilee Enclave Opposite Hitex Madhapur", "city": "Hyderabad", "zip": "500081", "country": "India", "phone": "91 40 3044 4444", "fax": "91 40 3044 4400", "website": "http://www.powermechprojects.in", "industry": "Engineering & Construction", "sector": "Industrials", "longBusinessSummary": "Power Mech Projects Limited provides services in power and infrastructure sectors in India and internationally. The company engages in the erection, testing, and commissioning of boilers, turbines, and generators; balance of plant works for the power sector, as well as for other industries, including petrochemicals, steel, and cement; and overhauling, maintenance, renovation, and modernization of power plants. It also undertakes various civil, architectural, and structural works, including topographical surveying, geotechnical investigation, mass excavation and area grading, bored cast insitu piling, TG rafts and decks, machine and GT foundations, mill and bunker fabrication and erection, CW pump houses and channel works, CW pipe line fabrication and laying, cooling towers, coal handling plants, plant roads and drains, pipe racks, refinery tanks and shells, enabling works, balance of plant civil works, commercial and residential buildings, and gas power projects and R&M civil works, as well as power house and control room buildings civil and architecture. In addition, the company engages in the provision of various services in the fields of petro chemical plants, irrigation, cement, oil and gas, and steel industries; and power transmission and distribution activities. The company was founded in 1999 and is based in Hyderabad, India.", "fullTimeEmployees": 6656, "companyOfficers": [{"maxAge": 1, "name": "Mr. Sajja Kishore Babu", "age": 57, "title": "Chairman & MD", "yearBorn": 1963, "fiscalYear": 2020, "totalPay": 52500000, "exercisedValue": 0, "unexercisedValue": 0}, {"maxAge": 1, "name": "Mr. Sajja  Rohit", "age": 30, "title": "VP of Global Operations", "yearBorn": 1990, "fiscalYear": 2020, "totalPay": 3500000, "exercisedValue": 0, "unexercisedValue": 0}, {"maxAge": 1, "name": "Mr. Jami  Satish", "age": 45, "title": "Chief Financial Officer", "yearBorn": 1975, "exercisedValue": 0, "unexercisedValue": 0}, {"maxAge": 1, "name": "Ms. Sridevi  Undavalli", "title": "Sr. Deputy Gen. Mang. of HR & Admin", "exercisedValue": 0, "unexercisedValue": 0}, {"maxAge": 1, "name": "Mr. Mohith Kumar Khandelwal", "title": "Company Sec. & Compliance Officer", "exercisedValue": 0, "unexercisedValue": 0}, {"maxAge": 1, "name": "Mr. Maddela  Ramchander", "age": 50, "title": "Chief Human Resource Officer", "yearBorn": 1970, "exercisedValue": 0, "unexercisedValue": 0}, {"maxAge": 1, "name": "Mr. Ajay Kumar Kantheti", "age": 46, "title": "Sr. VP of O&M and SBU Head of Manufacturing", "yearBorn": 1974, "exercisedValue": 0, "unexercisedValue": 0}, {"maxAge": 1, "name": "Sumit  Ghosh", "age": 50, "title": "Sr. VP", "yearBorn": 1970, "exercisedValue": 0, "unexercisedValue": 0}, {"maxAge": 1, "name": "M. Rama Rao", "title": "Sr. VP of Civil", "exercisedValue": 0, "unexercisedValue": 0}, {"maxAge": 1, "name": "Mr. C.V.K.  Prasad", "age": 57, "title": "Sr. VP & SBU Head of Industrial Construction - Non-Power", "yearBorn": 1963, "exercisedValue": 0, "unexercisedValue": 0}], "compensationAsOfEpochDate": "2020-12-31 05:30:00", "maxAge": 86400}, "recommendationTrend": {"trend": [{"period": "0m", "strongBuy": 0, "buy": 0, "hold": 0, "sell": 0, "strongSell": 0}, {"period": "-1m", "strongBuy": 0, "buy": 0, "hold": 0, "sell": 0, "strongSell": 0}, {"period": "-2m", "strongBuy": 0, "buy": 0, "hold": 0, "sell": 0, "strongSell": 0}, {"period": "-3m", "strongBuy": 0, "buy": 0, "hold": 0, "sell": 0, "strongSell": 0}], "maxAge": 86400}, "cashflowStatementHistory": {"cashflowStatements": [{"maxAge": 1, "endDate": "2020-03-31", "netIncome": 1312600000, "depreciation": 393400000, "changeToNetincome": 332200000, "changeToAccountReceivables": -1525800000, "changeToLiabilities": 1347600000, "changeToInventory": -336000000, "changeToOperatingActivities": -2001800000, "totalCashFromOperatingActivities": -476900000, "capitalExpenditures": -291600000, "otherCashflowsFromInvestingActivities": 298800000, "totalCashflowsFromInvestingActivities": 27300000, "dividendsPaid": -17700000, "netBorrowings": 1341200000, "otherCashflowsFromFinancingActivities": -733000000, "totalCashFromFinancingActivities": 590500000, "changeInCash": 140900000}, {"maxAge": 1, "endDate": "2019-03-31", "netIncome": 1216200000, "depreciation": 457300000, "changeToNetincome": 306400000, "changeToAccountReceivables": -804000000, "changeToLiabilities": 1355900000, "changeToInventory": -455200000, "changeToOperatingActivities": -2063200000, "totalCashFromOperatingActivities": 14500000, "capitalExpenditures": -503600000, "investments": -178700000, "otherCashflowsFromInvestingActivities": -183000000, "totalCashflowsFromInvestingActivities": -628300000, "dividendsPaid": -17700000, "netBorrowings": 816600000, "otherCashflowsFromFinancingActivities": -550700000, "totalCashFromFinancingActivities": 248200000, "changeInCash": -365600000}, {"maxAge": 1, "endDate": "2018-03-31", "netIncome": 794400000, "depreciation": 426100000, "changeToNetincome": 402900000, "changeToAccountReceivables": -137300000, "changeToLiabilities": 421000000, "changeToInventory": -35200000, "changeToOperatingActivities": -1516600000, "totalCashFromOperatingActivities": 357600000, "capitalExpenditures": -335500000, "investments": 6400000, "otherCashflowsFromInvestingActivities": -98900000, "totalCashflowsFromInvestingActivities": -417900000, "dividendsPaid": -17700000, "netBorrowings": 872200000, "otherCashflowsFromFinancingActivities": -358700000, "totalCashFromFinancingActivities": 495800000, "changeInCash": 435500000}, {"maxAge": 1, "endDate": "2017-03-31", "netIncome": 646756167, "depreciation": 405558235, "changeToNetincome": 232216742, "changeToAccountReceivables": -226945237, "changeToLiabilities": -51199277, "changeToInventory": -97601532, "changeToOperatingActivities": 278288063, "totalCashFromOperatingActivities": 1190821031, "capitalExpenditures": -528587661, "investments": 6400000, "otherCashflowsFromInvestingActivities": -2397136, "totalCashflowsFromInvestingActivities": -396822835, "dividendsPaid": -5151317, "netBorrowings": -398141852, "otherCashflowsFromFinancingActivities": -329260388, "totalCashFromFinancingActivities": -732553557, "changeInCash": 61444639}], "maxAge": 86400}, "indexTrend": {"maxAge": 1, "symbol": "SP5", "peRatio": 19.7411, "pegRatio": 1.34172, "estimates": [{"period": "0q", "growth": 0.549}, {"period": "+1q", "growth": 0.431}, {"period": "0y", "growth": 0.305}, {"period": "+1y", "growth": 0.109}, {"period": "+5y", "growth": 0.120865}, {"period": "-5y"}]}, "defaultKeyStatistics": {"maxAge": 1, "priceHint": 2, "enterpriseValue": 7206753792, "forwardPE": 6.043852, "profitMargins": -0.028970001, "floatShares": 4139092, "sharesOutstanding": 14710800, "heldPercentInsiders": 0.67139, "heldPercentInstitutions": 0.14187999, "beta": 0.891731, "category": null, "bookValue": 589.088, "priceToBook": 0.9779523, "fundFamily": null, "legalType": null, "lastFiscalYearEnd": "2020-03-31 05:30:00", "nextFiscalYearEnd": "2022-03-31 05:30:00", "mostRecentQuarter": "2020-12-31 05:30:00", "earningsQuarterlyGrowth": -0.914, "netIncomeToCommon": -499220000, "trailingEps": -33.936, "forwardEps": 95.32, "lastSplitFactor": null, "enterpriseToRevenue": 0.418, "enterpriseToEbitda": 29.376}, "industryTrend": {"maxAge": 1, "symbol": null, "estimates": []}, "quoteType": {"exchange": "NSI", "quoteType": "EQUITY", "symbol": "POWERMECH.NS", "underlyingSymbol": "POWERMECH.NS", "shortName": "POWER MECH PROJECT", "longName": "Power Mech Projects Limited", "firstTradeDateEpochUtc": "2015-08-26 09:15:00", "timeZoneFullName": "Asia/Kolkata", "timeZoneShortName": "IST", "uuid": "85c006c2-bf1b-34ae-b84c-1bb28180703b", "gmtOffSetMilliseconds": 19800000, "maxAge": 1}, "incomeStatementHistory": {"incomeStatementHistory": [{"maxAge": 1, "endDate": "2020-03-31", "totalRevenue": 21646800000, "costOfRevenue": 14718700000, "grossProfit": 6928100000, "researchDevelopment": {}, "sellingGeneralAdministrative": 3952600000, "nonRecurring": {}, "otherOperatingExpenses": 263800000, "totalOperatingExpenses": 19329400000, "operatingIncome": 2317400000, "totalOtherIncomeExpenseNet": -635700000, "ebit": 2317400000, "interestExpense": -609700000, "incomeBeforeTax": 1681700000, "incomeTaxExpense": 374800000, "minorityInterest": 81100000, "netIncomeFromContinuingOps": 1306900000, "discontinuedOperations": {}, "extraordinaryItems": {}, "effectOfAccountingCharges": {}, "otherItems": {}, "netIncome": 1312600000, "netIncomeApplicableToCommonShares": 1312600000}, {"maxAge": 1, "endDate": "2019-03-31", "totalRevenue": 22613000000, "costOfRevenue": 14789000000, "grossProfit": 7824000000, "researchDevelopment": {}, "sellingGeneralAdministrative": 4617300000, "nonRecurring": {}, "otherOperatingExpenses": 276700000, "totalOperatingExpenses": 20141000000, "operatingIncome": 2472000000, "totalOtherIncomeExpenseNet": -416500000, "ebit": 2472000000, "interestExpense": -439200000, "incomeBeforeTax": 2055500000, "incomeTaxExpense": 623700000, "minorityInterest": 81500000, "netIncomeFromContinuingOps": 1431800000, "discontinuedOperations": {}, "extraordinaryItems": {}, "effectOfAccountingCharges": {}, "otherItems": {}, "netIncome": 1216200000, "netIncomeApplicableToCommonShares": 1216200000}, {"maxAge": 1, "endDate": "2018-03-31", "totalRevenue": 15478300000, "costOfRevenue": 9542700000, "grossProfit": 5935600000, "researchDevelopment": {}, "sellingGeneralAdministrative": 3631400000, "nonRecurring": {}, "otherOperatingExpenses": 254500000, "totalOperatingExpenses": 13856800000, "operatingIncome": 1621500000, "totalOtherIncomeExpenseNet": -321100000, "ebit": 1621500000, "interestExpense": -290600000, "incomeBeforeTax": 1300400000, "incomeTaxExpense": 392300000, "minorityInterest": 138100000, "netIncomeFromContinuingOps": 908100000, "discontinuedOperations": {}, "extraordinaryItems": {}, "effectOfAccountingCharges": {}, "otherItems": {}, "netIncome": 794400000, "netIncomeApplicableToCommonShares": 794400000}, {"maxAge": 1, "endDate": "2017-03-31", "totalRevenue": 13382019808, "costOfRevenue": 8811305985, "grossProfit": 4570713823, "researchDevelopment": {}, "sellingGeneralAdministrative": 2630414757, "nonRecurring": {}, "otherOperatingExpenses": 258224603, "totalOperatingExpenses": 12109251450, "operatingIncome": 1272768358, "totalOtherIncomeExpenseNet": -269506982, "ebit": 1272768358, "interestExpense": -277048491, "incomeBeforeTax": 1003261376, "incomeTaxExpense": 356757174, "minorityInterest": 21089379, "netIncomeFromContinuingOps": 646504202, "discontinuedOperations": {}, "extraordinaryItems": {}, "effectOfAccountingCharges": {}, "otherItems": {}, "netIncome": 646756167, "netIncomeApplicableToCommonShares": 646756167}], "maxAge": 86400}, "fundOwnership": {"ownershipList": [], "maxAge": 1}, "summaryDetail": {"maxAge": 1, "priceHint": 2, "previousClose": 574.5, "open": 564.5, "dayLow": 560.65, "dayHigh": 580.0, "regularMarketPreviousClose": 574.5, "regularMarketOpen": 564.5, "regularMarketDayLow": 560.65, "regularMarketDayHigh": 580.0, "dividendRate": 1.0, "dividendYield": 0.0018000001, "exDividendDate": "2020-10-12 05:30:00", "beta": 0.891731, "forwardPE": 6.043852, "volume": 23171, "regularMarketVolume": 23171, "averageVolume": 75092, "averageVolume10days": 89108, "averageDailyVolume10Day": 89108, "bid": 0.0, "ask": 0.0, "bidSize": 0, "askSize": 0, "marketCap": 8474891776, "fiftyTwoWeekLow": 310.1, "fiftyTwoWeekHigh": 596.0, "priceToSalesTrailing12Months": 0.49173877, "fiftyDayAverage": 536.89703, "twoHundredDayAverage": 446.59647, "trailingAnnualDividendRate": 1.0, "trailingAnnualDividendYield": 0.001740644, "currency": "INR", "fromCurrency": null, "lastMarket": null, "algorithm": null, "tradeable": false}, "insiderHolders": {"holders": [{"maxAge": 1, "name": "Babu (Gogineni)", "relation": "Promoter", "url": "", "transactionDescription": "Acquisition", "latestTransDate": "2017-12-26", "positionDirect": 24708, "positionDirectDate": "2017-12-26"}, {"maxAge": 1, "name": "Babu (Sajja Kishore)", "relation": "Chairman of the Board", "url": "", "transactionDescription": "Purchase", "latestTransDate": "2020-04-16", "positionDirect": 3864942, "positionDirectDate": "2020-04-16"}, {"maxAge": 1, "name": "Gogineni (Sekhar)", "relation": "UNREPORTED", "url": "", "transactionDescription": "Sale", "latestTransDate": "2020-11-27", "positionDirect": 4071, "positionDirectDate": "2020-11-27"}, {"maxAge": 1, "name": "Koyi (Uma Devi)", "relation": "UNREPORTED", "url": "", "transactionDescription": "Sale", "latestTransDate": "2019-06-28", "positionDirect": 4526, "positionDirectDate": "2019-06-28"}, {"maxAge": 1, "name": "Kurra (Aishwarya)", "relation": "Promoter", "url": "", "transactionDescription": "Acquisition", "latestTransDate": "2021-03-31", "positionDirect": 87513, "positionDirectDate": "2021-03-31"}, {"maxAge": 1, "name": "Murugesan (Rajendran)", "relation": "Director (Executive)", "url": "", "transactionDescription": "Sale", "latestTransDate": "2017-06-02", "positionDirect": 28, "positionDirectDate": "2017-06-02"}, {"maxAge": 1, "name": "Rohit (Sajja)", "relation": "Promoter", "url": "", "transactionDescription": "Sale", "latestTransDate": "2020-04-16", "positionDirect": 19413, "positionDirectDate": "2020-04-16"}, {"maxAge": 1, "name": "Sajja (Sai Malleswara Rao)", "relation": "Promoter", "url": "", "transactionDescription": "Sale", "latestTransDate": "2017-07-21", "positionDirect": 355, "positionDirectDate": "2017-07-21"}, {"maxAge": 1, "name": "Vignatha (Sajja)", "relation": "Promoter", "url": "", "transactionDescription": "Acquisition", "latestTransDate": "2020-11-24", "positionDirect": 383054, "positionDirectDate": "2020-11-24"}], "maxAge": 1}, "calendarEvents": {"maxAge": 1, "earnings": {"earningsDate": [], "earningsAverage": 17.98, "earningsLow": 16.2, "earningsHigh": 19.75, "revenueAverage": 4453710000, "revenueLow": 4406430000, "revenueHigh": 4501000000}, "exDividendDate": "2020-10-12 05:30:00"}, "upgradeDowngradeHistory": {"history": [], "maxAge": 86400}, "price": {"maxAge": 1, "regularMarketChangePercent": 0.002784988, "regularMarketChange": 1.5999756, "regularMarketTime": "2021-04-30 15:29:33", "priceHint": 2, "regularMarketPrice": 576.1, "regularMarketDayHigh": 580.0, "regularMarketDayLow": 560.65, "regularMarketVolume": 23171, "averageDailyVolume10Day": 89108, "averageDailyVolume3Month": 75092, "regularMarketPreviousClose": 574.5, "regularMarketSource": "FREE_REALTIME", "regularMarketOpen": 564.5, "exchange": "NSI", "exchangeName": "NSE", "exchangeDataDelayedBy": 15, "marketState": "CLOSED", "quoteType": "EQUITY", "symbol": "POWERMECH.NS", "underlyingSymbol": null, "shortName": "POWER MECH PROJECT", "longName": "Power Mech Projects Limited", "currency": "INR", "quoteSourceName": "Delayed Quote", "currencySymbol": "\u20b9", "fromCurrency": null, "lastMarket": null, "marketCap": 8474891776}, "balanceSheetHistory": {"balanceSheetStatements": [{"maxAge": 1, "endDate": "2020-03-31", "cash": 296400000, "netReceivables": 11622900000, "inventory": 1479700000, "otherCurrentAssets": 4184800000, "totalCurrentAssets": 18230600000, "longTermInvestments": 328900000, "propertyPlantEquipment": 1877600000, "goodWill": 22700000, "intangibleAssets": 3700000, "otherAssets": 2929900000, "deferredLongTermAssetCharges": 81700000, "totalAssets": 23393400000, "accountsPayable": 5778300000, "shortLongTermDebt": 612500000, "otherCurrentLiab": 1247900000, "longTermDebt": 296400000, "otherLiab": 711100000, "minorityInterest": 81100000, "totalCurrentLiabilities": 12747900000, "totalLiab": 13800800000, "commonStock": 147100000, "retainedEarnings": 7734600000, "treasuryStock": 20500000, "capitalSurplus": 1609300000, "otherStockholderEquity": 20500000, "totalStockholderEquity": 9511500000, "netTangibleAssets": 9485100000}, {"maxAge": 1, "endDate": "2019-03-31", "cash": 155500000, "shortTermInvestments": 4210020000, "netReceivables": 8304500000, "inventory": 1187900000, "otherCurrentAssets": 4259300000, "totalCurrentAssets": 13957400000, "longTermInvestments": 313400000, "propertyPlantEquipment": 1906400000, "goodWill": 22700000, "intangibleAssets": 3700000, "otherAssets": 3065400000, "deferredLongTermAssetCharges": 56400000, "totalAssets": 19269000000, "accountsPayable": 4430700000, "shortLongTermDebt": 437300000, "otherCurrentLiab": 923800000, "longTermDebt": 539800000, "otherLiab": 1037400000, "minorityInterest": 81500000, "totalCurrentLiabilities": 9416800000, "totalLiab": 10994000000, "commonStock": 147100000, "retainedEarnings": 6429500000, "treasuryStock": 7600000, "capitalSurplus": 1609300000, "otherStockholderEquity": 7600000, "totalStockholderEquity": 8193500000, "netTangibleAssets": 8167100000}, {"maxAge": 1, "endDate": "2018-03-31", "cash": 521100000, "netReceivables": 7075900000, "inventory": 514700000, "otherCurrentAssets": 3170300000, "totalCurrentAssets": 11343800000, "longTermInvestments": 1300000, "propertyPlantEquipment": 2058500000, "goodWill": 24300000, "intangibleAssets": 2700000, "otherAssets": 2414800000, "deferredLongTermAssetCharges": 25300000, "totalAssets": 15845400000, "accountsPayable": 3074500000, "shortLongTermDebt": 244900000, "otherCurrentLiab": 1057000000, "longTermDebt": 277200000, "otherLiab": 822900000, "minorityInterest": 138100000, "totalCurrentLiabilities": 7622600000, "totalLiab": 8722700000, "commonStock": 147100000, "retainedEarnings": 5220800000, "treasuryStock": 7400000, "capitalSurplus": 1609300000, "otherStockholderEquity": 7400000, "totalStockholderEquity": 6984600000, "netTangibleAssets": 6957600000}, {"maxAge": 1, "endDate": "2017-03-31", "cash": 85644837, "netReceivables": 6136513143, "inventory": 591645931, "otherCurrentAssets": 2188913544, "totalCurrentAssets": 9041369451, "longTermInvestments": 9100599, "propertyPlantEquipment": 2155007799, "goodWill": 24292435, "intangibleAssets": 4620689, "otherAssets": 2392999231, "totalAssets": 13627390204, "accountsPayable": 2653524041, "shortLongTermDebt": 314655178, "otherCurrentLiab": 1010044423, "longTermDebt": 154969555, "otherLiab": 971309613, "minorityInterest": 21089379, "totalCurrentLiabilities": 6267480419, "totalLiab": 7393759587, "commonStock": 147107640, "retainedEarnings": 4437798002, "treasuryStock": 18322236, "capitalSurplus": 1609313360, "otherStockholderEquity": 18322236, "totalStockholderEquity": 6212541238, "netTangibleAssets": 6183628114}], "maxAge": 86400}, "earningsTrend": {"trend": [{"maxAge": 1, "period": "0q", "endDate": "2018-06-30", "growth": 0.455, "earningsEstimate": {"avg": 17.98, "low": 16.2, "high": 19.75, "yearAgoEps": 12.36, "numberOfAnalysts": 2, "growth": 0.455}, "revenueEstimate": {"avg": 4453710000, "low": 4406430000, "high": 4501000000, "numberOfAnalysts": 2, "yearAgoRevenue": 3583760000, "growth": 0.24299999}, "epsTrend": {"current": 17.98, "7daysAgo": 17.98, "30daysAgo": 19.75, "60daysAgo": 18.16, "90daysAgo": 18.16}, "epsRevisions": {"upLast7days": 0, "upLast30days": 0, "downLast30days": 0, "downLast90days": {}}}, {"maxAge": 1, "period": "+1q", "endDate": "2018-09-30", "growth": 0.861, "earningsEstimate": {"avg": 21.53, "low": 21.53, "high": 21.53, "yearAgoEps": 11.57, "numberOfAnalysts": 1, "growth": 0.861}, "revenueEstimate": {"avg": 4719000000, "low": 4719000000, "high": 4719000000, "numberOfAnalysts": 1, "yearAgoRevenue": 3451880000, "growth": 0.367}, "epsTrend": {"current": 21.53, "7daysAgo": 21.53, "30daysAgo": 21.53, "60daysAgo": 17.4, "90daysAgo": 17.4}, "epsRevisions": {"upLast7days": 0, "upLast30days": 0, "downLast30days": 0, "downLast90days": {}}}, {"maxAge": 1, "period": "0y", "endDate": "2019-03-31", "growth": 0.396, "earningsEstimate": {"avg": 75.42, "low": 63.41, "high": 94.2, "yearAgoEps": 54.01, "numberOfAnalysts": 4, "growth": 0.396}, "revenueEstimate": {"avg": 18973800000, "low": 17590000000, "high": 20460000000, "numberOfAnalysts": 4, "yearAgoRevenue": 15478300000, "growth": 0.22600001}, "epsTrend": {"current": 75.42, "7daysAgo": 75.42, "30daysAgo": 79.43, "60daysAgo": 69.24, "90daysAgo": 69.24}, "epsRevisions": {"upLast7days": 0, "upLast30days": 0, "downLast30days": 0, "downLast90days": {}}}, {"maxAge": 1, "period": "+1y", "endDate": "2020-03-31", "growth": 0.264, "earningsEstimate": {"avg": 95.32, "low": 73.19, "high": 116.48, "yearAgoEps": 75.42, "numberOfAnalysts": 4, "growth": 0.264}, "revenueEstimate": {"avg": 22369300000, "low": 20203100000, "high": 24769000000, "numberOfAnalysts": 4, "yearAgoRevenue": 18973800000, "growth": 0.17899999}, "epsTrend": {"current": 95.32, "7daysAgo": 95.32, "30daysAgo": 102.69, "60daysAgo": 88.26, "90daysAgo": 88.26}, "epsRevisions": {"upLast7days": 0, "upLast30days": 0, "downLast30days": 0, "downLast90days": {}}}, {"maxAge": 1, "period": "+5y", "endDate": null, "growth": {}, "earningsEstimate": {"avg": {}, "low": {}, "high": {}, "yearAgoEps": {}, "numberOfAnalysts": {}, "growth": {}}, "revenueEstimate": {"avg": {}, "low": {}, "high": {}, "numberOfAnalysts": {}, "yearAgoRevenue": {}, "growth": {}}, "epsTrend": {"current": {}, "7daysAgo": {}, "30daysAgo": {}, "60daysAgo": {}, "90daysAgo": {}}, "epsRevisions": {"upLast7days": {}, "upLast30days": {}, "downLast30days": {}, "downLast90days": {}}}, {"maxAge": 1, "period": "-5y", "endDate": null, "growth": -0.00368, "earningsEstimate": {"avg": {}, "low": {}, "high": {}, "yearAgoEps": {}, "numberOfAnalysts": {}, "growth": {}}, "revenueEstimate": {"avg": {}, "low": {}, "high": {}, "numberOfAnalysts": {}, "yearAgoRevenue": {}, "growth": {}}, "epsTrend": {"current": {}, "7daysAgo": {}, "30daysAgo": {}, "60daysAgo": {}, "90daysAgo": {}}, "epsRevisions": {"upLast7days": {}, "upLast30days": {}, "downLast30days": {}, "downLast90days": {}}}], "maxAge": 1}, "institutionOwnership": {"ownershipList": [], "maxAge": 1}, "majorHoldersBreakdown": {"maxAge": 1, "insidersPercentHeld": 0.67139, "institutionsPercentHeld": 0.14187999, "institutionsFloatPercentHeld": 0.43175998, "institutionsCount": 4}, "balanceSheetHistoryQuarterly": {"balanceSheetStatements": [{"maxAge": 1, "endDate": "2020-12-31", "totalStockholderEquity": 8665830000, "netTangibleAssets": 8639920000}, {"maxAge": 1, "endDate": "2020-09-30", "cash": 1168720000, "shortTermInvestments": 5514400000, "netReceivables": 4593780000, "inventory": 1262510000, "otherCurrentAssets": 4907340000, "totalCurrentAssets": 17446750000, "longTermInvestments": 3135360000, "propertyPlantEquipment": 1724160000, "intangibleAssets": 25910000, "otherAssets": 366860000, "deferredLongTermAssetCharges": 346480000, "totalAssets": 22699040000, "accountsPayable": 5226210000, "otherCurrentLiab": 2580880000, "longTermDebt": 181140000, "otherLiab": 783040000, "minorityInterest": 45850000, "totalCurrentLiabilities": 12983320000, "totalLiab": 13987360000, "commonStock": 147110000, "treasuryStock": 8518720000, "otherStockholderEquity": 8518720000, "totalStockholderEquity": 8665830000, "netTangibleAssets": 8639920000}, {"maxAge": 1, "endDate": "2020-06-30", "totalStockholderEquity": 9511500000, "netTangibleAssets": 9485100000}, {"maxAge": 1, "endDate": "2020-03-31", "cash": 296400000, "netReceivables": 11622900000, "inventory": 1479700000, "otherCurrentAssets": 4184800000, "totalCurrentAssets": 18230600000, "longTermInvestments": 328900000, "propertyPlantEquipment": 1877600000, "goodWill": 22700000, "intangibleAssets": 3700000, "otherAssets": 2929900000, "deferredLongTermAssetCharges": 81700000, "totalAssets": 23393400000, "accountsPayable": 5778300000, "shortLongTermDebt": 612500000, "otherCurrentLiab": 1247900000, "longTermDebt": 296400000, "otherLiab": 711100000, "minorityInterest": 81100000, "totalCurrentLiabilities": 12747900000, "totalLiab": 13800800000, "commonStock": 147100000, "retainedEarnings": 7734600000, "treasuryStock": 20500000, "capitalSurplus": 1609300000, "otherStockholderEquity": 20500000, "totalStockholderEquity": 9511500000, "netTangibleAssets": 9485100000}], "maxAge": 86400}, "earningsHistory": {"history": [{"maxAge": 1, "epsActual": 12.36, "epsEstimate": 14.01, "epsDifference": -1.65, "surprisePercent": -0.118, "quarter": "2017-06-30", "period": "-4q"}, {"maxAge": 1, "epsActual": 11.57, "epsEstimate": 12.98, "epsDifference": -1.41, "surprisePercent": -0.109, "quarter": "2017-09-30", "period": "-3q"}, {"maxAge": 1, "epsActual": 12.33, "epsEstimate": 12.8, "epsDifference": -0.47, "surprisePercent": -0.037, "quarter": "2017-12-31", "period": "-2q"}, {"maxAge": 1, "epsActual": 17.74, "epsEstimate": 16.45, "epsDifference": 1.29, "surprisePercent": 0.078, "quarter": "2018-03-31", "period": "-1q"}], "maxAge": 86400}, "summaryProfile": {"address1": "Plot No. 77", "address2": "Jubilee Enclave Opposite Hitex Madhapur", "city": "Hyderabad", "zip": "500081", "country": "India", "phone": "91 40 3044 4444", "fax": "91 40 3044 4400", "website": "http://www.powermechprojects.in", "industry": "Engineering & Construction", "sector": "Industrials", "longBusinessSummary": "Power Mech Projects Limited provides services in power and infrastructure sectors in India and internationally. The company engages in the erection, testing, and commissioning of boilers, turbines, and generators; balance of plant works for the power sector, as well as for other industries, including petrochemicals, steel, and cement; and overhauling, maintenance, renovation, and modernization of power plants. It also undertakes various civil, architectural, and structural works, including topographical surveying, geotechnical investigation, mass excavation and area grading, bored cast insitu piling, TG rafts and decks, machine and GT foundations, mill and bunker fabrication and erection, CW pump houses and channel works, CW pipe line fabrication and laying, cooling towers, coal handling plants, plant roads and drains, pipe racks, refinery tanks and shells, enabling works, balance of plant civil works, commercial and residential buildings, and gas power projects and R&M civil works, as well as power house and control room buildings civil and architecture. In addition, the company engages in the provision of various services in the fields of petro chemical plants, irrigation, cement, oil and gas, and steel industries; and power transmission and distribution activities. The company was founded in 1999 and is based in Hyderabad, India.", "fullTimeEmployees": 6656, "companyOfficers": [], "maxAge": 86400}, "netSharePurchaseActivity": {"maxAge": 1, "period": "6m", "buyInfoCount": 0, "buyInfoShares": 0, "sellInfoCount": 0, "netInfoCount": 0, "netInfoShares": 0, "netPercentInsiderShares": 0.0, "totalInsiderShares": 9872270}, "insiderTransactions": {"transactions": [{"maxAge": 1, "shares": 33521, "value": 267608, "filerUrl": "", "transactionText": "Acquisition at price 7.98 per share.", "filerName": "Kurra (Aishwarya)", "filerRelation": "Promoter", "moneyText": "", "startDate": "2021-03-31", "ownership": "D"}, {"maxAge": 1, "shares": 38002, "value": 294363, "filerUrl": "", "transactionText": "Acquisition at price 7.75 per share.", "filerName": "Kurra (Aishwarya)", "filerRelation": "Promoter", "moneyText": "", "startDate": "2021-03-30", "ownership": "D"}, {"maxAge": 1, "shares": 15990, "value": 121247, "filerUrl": "", "transactionText": "Acquisition at price 7.58 per share.", "filerName": "Kurra (Aishwarya)", "filerRelation": "UNREPORTED", "moneyText": "", "startDate": "2021-03-26", "ownership": "D"}, {"maxAge": 1, "shares": 2000, "value": 11419, "filerUrl": "", "transactionText": "Sale at price 5.71 per share.", "filerName": "Gogineni (Sekhar)", "filerRelation": "UNREPORTED", "moneyText": "", "startDate": "2020-11-27", "ownership": "D"}, {"maxAge": 1, "shares": 2000, "value": 11137, "filerUrl": "", "transactionText": "Acquisition at price 5.57 per share.", "filerName": "Gogineni (Sekhar)", "filerRelation": "UNREPORTED", "moneyText": "", "startDate": "2020-11-25", "ownership": "D"}, {"maxAge": 1, "shares": 69960, "value": 375090, "filerUrl": "", "transactionText": "Acquisition at price 5.36 per share.", "filerName": "Vignatha (Sajja)", "filerRelation": "Promoter", "moneyText": "", "startDate": "2020-11-24", "ownership": "D"}, {"maxAge": 1, "shares": 250, "value": 1250, "filerUrl": "", "transactionText": "Sale at price 5.00 per share.", "filerName": "Gogineni (Sekhar)", "filerRelation": "UNREPORTED", "moneyText": "", "startDate": "2020-11-23", "ownership": "D"}, {"maxAge": 1, "shares": 5000, "value": 25360, "filerUrl": "", "transactionText": "Acquisition at price 5.07 per share.", "filerName": "Vignatha (Sajja)", "filerRelation": "Promoter", "moneyText": "", "startDate": "2020-11-23", "ownership": "D"}, {"maxAge": 1, "shares": 2200, "value": 11046, "filerUrl": "", "transactionText": "Acquisition at price 5.02 per share.", "filerName": "Gogineni (Sekhar)", "filerRelation": "UNREPORTED", "moneyText": "", "startDate": "2020-11-18", "ownership": "D"}, {"maxAge": 1, "shares": 821, "value": 4566, "filerUrl": "", "transactionText": "Acquisition at price 5.56 per share.", "filerName": "Gogineni (Sekhar)", "filerRelation": "UNREPORTED", "moneyText": "", "startDate": "2020-09-30", "ownership": "D"}, {"maxAge": 1, "shares": 830000, "filerUrl": "", "transactionText": "", "filerName": "Rohit (Sajja)", "filerRelation": "Promoter", "moneyText": "", "startDate": "2020-04-16", "ownership": "D"}, {"maxAge": 1, "shares": 230000, "filerUrl": "", "transactionText": "", "filerName": "Babu (Sajja Kishore)", "filerRelation": "Chairman of the Board", "moneyText": "", "startDate": "2020-04-16", "ownership": "D"}, {"maxAge": 1, "shares": 10000, "filerUrl": "", "transactionText": "", "filerName": "Vignatha (Sajja)", "filerRelation": "Promoter", "moneyText": "", "startDate": "2020-03-31", "ownership": "D"}, {"maxAge": 1, "shares": 723426, "filerUrl": "", "transactionText": "", "filerName": "Rohit (Sajja)", "filerRelation": "Promoter", "moneyText": "", "startDate": "2020-03-27", "ownership": "D"}, {"maxAge": 1, "shares": 1074, "filerUrl": "", "transactionText": "", "filerName": "Koyi (Uma Devi)", "filerRelation": "UNREPORTED", "moneyText": "", "startDate": "2019-06-28", "ownership": "D"}, {"maxAge": 1, "shares": 3725, "filerUrl": "", "transactionText": "", "filerName": "Rohit (Sajja)", "filerRelation": "Promoter", "moneyText": "", "startDate": "2018-06-01", "ownership": "D"}, {"maxAge": 1, "shares": 1574, "filerUrl": "", "transactionText": "", "filerName": "Rohit (Sajja)", "filerRelation": "Promoter", "moneyText": "", "startDate": "2018-06-01", "ownership": "D"}, {"maxAge": 1, "shares": 39040, "filerUrl": "", "transactionText": "", "filerName": "Vignatha (Sajja)", "filerRelation": "Promoter", "moneyText": "", "startDate": "2018-04-23", "ownership": "D"}, {"maxAge": 1, "shares": 79233, "filerUrl": "", "transactionText": "", "filerName": "Vignatha (Sajja)", "filerRelation": "Promoter", "moneyText": "", "startDate": "2018-04-09", "ownership": "D"}, {"maxAge": 1, "shares": 19040, "filerUrl": "", "transactionText": "", "filerName": "Vignatha (Sajja)", "filerRelation": "Promoter", "moneyText": "", "startDate": "2018-04-09", "ownership": "D"}, {"maxAge": 1, "shares": 50705, "filerUrl": "", "transactionText": "", "filerName": "Vignatha (Sajja)", "filerRelation": "Promoter", "moneyText": "", "startDate": "2018-04-05", "ownership": "D"}, {"maxAge": 1, "shares": 50762, "filerUrl": "", "transactionText": "", "filerName": "Vignatha (Sajja)", "filerRelation": "Promoter", "moneyText": "", "startDate": "2018-04-05", "ownership": "D"}, {"maxAge": 1, "shares": 1510, "filerUrl": "", "transactionText": "", "filerName": "Vignatha (Sajja)", "filerRelation": "Promoter", "moneyText": "", "startDate": "2018-04-04", "ownership": "D"}, {"maxAge": 1, "shares": 16684, "filerUrl": "", "transactionText": "", "filerName": "Vignatha (Sajja)", "filerRelation": "Promoter", "moneyText": "", "startDate": "2018-03-12", "ownership": "D"}, {"maxAge": 1, "shares": 25000, "filerUrl": "", "transactionText": "", "filerName": "Vignatha (Sajja)", "filerRelation": "Promoter", "moneyText": "", "startDate": "2018-01-01", "ownership": "D"}, {"maxAge": 1, "shares": 28298, "filerUrl": "", "transactionText": "", "filerName": "Vignatha (Sajja)", "filerRelation": "Promoter", "moneyText": "", "startDate": "2017-12-29", "ownership": "D"}, {"maxAge": 1, "shares": 3068, "filerUrl": "", "transactionText": "", "filerName": "Babu (Gogineni)", "filerRelation": "Promoter", "moneyText": "", "startDate": "2017-12-26", "ownership": "D"}, {"maxAge": 1, "shares": 24604, "filerUrl": "", "transactionText": "", "filerName": "Vignatha (Sajja)", "filerRelation": "Promoter", "moneyText": "", "startDate": "2017-11-27", "ownership": "D"}, {"maxAge": 1, "shares": 49696, "filerUrl": "", "transactionText": "", "filerName": "Vignatha (Sajja)", "filerRelation": "Promoter", "moneyText": "", "startDate": "2017-11-24", "ownership": "D"}, {"maxAge": 1, "shares": 28643, "filerUrl": "", "transactionText": "", "filerName": "Vignatha (Sajja)", "filerRelation": "Promoter", "moneyText": "", "startDate": "2017-11-17", "ownership": "D"}, {"maxAge": 1, "shares": 3000, "filerUrl": "", "transactionText": "", "filerName": "Babu (Gogineni)", "filerRelation": "General Manager", "moneyText": "", "startDate": "2017-11-07", "ownership": "D"}, {"maxAge": 1, "shares": 2025, "filerUrl": "", "transactionText": "", "filerName": "Sajja (Sai Malleswara Rao)", "filerRelation": "Promoter", "moneyText": "", "startDate": "2017-07-21", "ownership": "D"}, {"maxAge": 1, "shares": 3500, "filerUrl": "", "transactionText": "", "filerName": "Murugesan (Rajendran)", "filerRelation": "Director (Executive)", "moneyText": "", "startDate": "2017-06-02", "ownership": "D"}, {"maxAge": 1, "shares": 2608, "filerUrl": "", "transactionText": "", "filerName": "Rohit (Sajja)", "filerRelation": "Promoter", "moneyText": "", "startDate": "2017-05-12", "ownership": "D"}, {"maxAge": 1, "shares": 3060, "filerUrl": "", "transactionText": "", "filerName": "Gogineni (Sekhar)", "filerRelation": "Promoter", "moneyText": "", "startDate": "2017-05-10", "ownership": "D"}, {"maxAge": 1, "shares": 3000, "filerUrl": "", "transactionText": "", "filerName": "Rohit (Sajja)", "filerRelation": "Promoter", "moneyText": "", "startDate": "2016-09-19", "ownership": "D"}], "maxAge": 1}, "sectorTrend": {"maxAge": 1, "symbol": null, "estimates": []}, "incomeStatementHistoryQuarterly": {"incomeStatementHistory": [{"maxAge": 1, "endDate": "2020-12-31", "totalRevenue": 5084930000, "costOfRevenue": 3994540000, "grossProfit": 1090390000, "researchDevelopment": {}, "sellingGeneralAdministrative": 809690000, "nonRecurring": {}, "otherOperatingExpenses": 60450000, "totalOperatingExpenses": 4953230000, "operatingIncome": 131700000, "totalOtherIncomeExpenseNet": -88850000, "ebit": 131700000, "interestExpense": -189890000, "incomeBeforeTax": 42850000, "incomeTaxExpense": 11330000, "minorityInterest": {}, "netIncomeFromContinuingOps": 31520000, "discontinuedOperations": {}, "extraordinaryItems": {}, "effectOfAccountingCharges": {}, "otherItems": {}, "netIncome": 31320000, "netIncomeApplicableToCommonShares": 31320000}, {"maxAge": 1, "endDate": "2020-09-30", "totalRevenue": 3453910000, "costOfRevenue": 3051810000, "grossProfit": 402100000, "researchDevelopment": {}, "sellingGeneralAdministrative": 769280000, "nonRecurring": {}, "otherOperatingExpenses": 59300000, "totalOperatingExpenses": 3967610000, "operatingIncome": -513700000, "totalOtherIncomeExpenseNet": -191050000, "ebit": -513700000, "interestExpense": -190650000, "incomeBeforeTax": -704750000, "incomeTaxExpense": -153660000, "minorityInterest": 45850000, "netIncomeFromContinuingOps": -551090000, "discontinuedOperations": {}, "extraordinaryItems": {}, "effectOfAccountingCharges": {}, "otherItems": {}, "netIncome": -517960000, "netIncomeApplicableToCommonShares": -517960000}, {"maxAge": 1, "endDate": "2020-06-30", "totalRevenue": 3101980000, "costOfRevenue": 2588275000, "grossProfit": 513705000, "researchDevelopment": {}, "sellingGeneralAdministrative": 730755000, "nonRecurring": {}, "otherOperatingExpenses": 65475000, "totalOperatingExpenses": 3474115000, "operatingIncome": -372135000, "totalOtherIncomeExpenseNet": -198745000, "ebit": -372135000, "interestExpense": -194330000, "incomeBeforeTax": -570880000, "incomeTaxExpense": -131880000, "minorityInterest": 45850000, "netIncomeFromContinuingOps": -439000000, "discontinuedOperations": {}, "extraordinaryItems": {}, "effectOfAccountingCharges": {}, "otherItems": {}, "netIncome": -421940000, "netIncomeApplicableToCommonShares": -421940000}, {"maxAge": 1, "endDate": "2020-03-31", "totalRevenue": 5945640000, "costOfRevenue": 3652020000, "grossProfit": 2293620000, "researchDevelopment": {}, "sellingGeneralAdministrative": 1566290000, "nonRecurring": {}, "otherOperatingExpenses": 72150000, "totalOperatingExpenses": 5384910000, "operatingIncome": 560730000, "totalOtherIncomeExpenseNet": -197830000, "ebit": 560730000, "interestExpense": -97410000, "incomeBeforeTax": 362900000, "incomeTaxExpense": 47600000, "minorityInterest": 81100000, "netIncomeFromContinuingOps": 315300000, "discontinuedOperations": {}, "extraordinaryItems": {}, "effectOfAccountingCharges": {}, "otherItems": {}, "netIncome": 313350000, "netIncomeApplicableToCommonShares": 313350000}], "maxAge": 86400}, "cashflowStatementHistoryQuarterly": {"cashflowStatements": [{"maxAge": 1, "endDate": "2020-12-31", "netIncome": 31320000, "changeToLiabilities": 0}, {"maxAge": 1, "endDate": "2020-09-30", "netIncome": -517960000, "depreciation": 89615000, "changeToNetincome": 5860000, "changeToAccountReceivables": 547895000, "changeToLiabilities": -276270000, "changeToInventory": 380000, "changeToOperatingActivities": 137235000, "totalCashFromOperatingActivities": 82775000, "capitalExpenditures": -15860000, "investments": -1250000, "otherCashflowsFromInvestingActivities": -178065000, "totalCashflowsFromInvestingActivities": -191070000, "netBorrowings": 362550000, "otherCashflowsFromFinancingActivities": -192775000, "totalCashFromFinancingActivities": 169775000, "changeInCash": 61480000}, {"maxAge": 1, "endDate": "2020-06-30", "netIncome": -421940000, "depreciation": 89615000, "changeToNetincome": 5860000, "changeToAccountReceivables": 547895000, "changeToLiabilities": -276270000, "changeToInventory": 380000, "changeToOperatingActivities": 137235000, "totalCashFromOperatingActivities": 82775000, "capitalExpenditures": -15860000, "investments": -1250000, "otherCashflowsFromInvestingActivities": -178065000, "totalCashflowsFromInvestingActivities": -191070000, "netBorrowings": 362550000, "otherCashflowsFromFinancingActivities": -192775000, "totalCashFromFinancingActivities": 169775000, "changeInCash": 61480000}, {"maxAge": 1, "endDate": "2020-03-31", "netIncome": 313350000, "depreciation": 89615000, "changeToNetincome": 5860000, "changeToAccountReceivables": 547895000, "changeToLiabilities": 0, "changeToInventory": 380000, "changeToOperatingActivities": 137235000, "totalCashFromOperatingActivities": 82775000, "capitalExpenditures": -15860000, "investments": -1250000, "otherCashflowsFromInvestingActivities": -178065000, "totalCashflowsFromInvestingActivities": -191070000, "netBorrowings": 362550000, "otherCashflowsFromFinancingActivities": -192775000, "totalCashFromFinancingActivities": 169775000, "changeInCash": 61480000}], "maxAge": 86400}, "earnings": {"maxAge": 86400, "earningsChart": {"quarterly": [{"date": "2Q2017", "actual": 12.36, "estimate": 14.01}, {"date": "3Q2017", "actual": 11.57, "estimate": 12.98}, {"date": "4Q2017", "actual": 12.33, "estimate": 12.8}, {"date": "1Q2018", "actual": 17.74, "estimate": 16.45}], "currentQuarterEstimate": 17.98, "currentQuarterEstimateDate": "2Q", "currentQuarterEstimateYear": 2018, "earningsDate": []}, "financialsChart": {"yearly": [{"date": 2017, "revenue": 13382019808, "earnings": 646756167}, {"date": 2018, "revenue": 15478300000, "earnings": 794400000}, {"date": 2019, "revenue": 22613000000, "earnings": 1216200000}, {"date": 2020, "revenue": 21646800000, "earnings": 1312600000}], "quarterly": [{"date": "1Q2020", "revenue": 5945640000, "earnings": 313350000}, {"date": "2Q2020", "revenue": 3101980000, "earnings": -421940000}, {"date": "3Q2020", "revenue": 3453910000, "earnings": -517960000}, {"date": "4Q2020", "revenue": 5084930000, "earnings": 31320000}]}, "financialCurrency": "INR"}, "financialData": {"maxAge": 86400, "currentPrice": 576.1, "targetHighPrice": 1319.0, "targetLowPrice": 863.0, "targetMeanPrice": 1120.75, "targetMedianPrice": 1150.5, "recommendationMean": 1.5, "recommendationKey": "strong_buy", "numberOfAnalystOpinions": 4, "totalCash": 6683120128, "totalCashPerShare": 454.503, "ebitda": 245330000, "totalDebt": 5372919808, "totalRevenue": 17234540544, "debtToEquity": 61.675, "revenuePerShare": 1171.571, "grossProfits": 6928100000, "earningsGrowth": -0.914, "revenueGrowth": -0.068, "grossMargins": 0.25596002, "ebitdaMargins": 0.01423, "operatingMargins": -0.00301, "profitMargins": -0.028970001, "financialCurrency": "INR"}}}