{"POWERGRID.NS": {"assetProfile": {"address1": "Saudamini, Plot No. 2", "address2": "Sector-29 Near IFFCO Chowk", "city": "Gurugram", "zip": "122001", "country": "India", "phone": "91 12 4282 2000", "fax": "91 12 4257 1990", "website": "http://www.powergridindia.com", "industry": "Utilities\u2014Regulated Electric", "sector": "Utilities", "longBusinessSummary": "Power Grid Corporation of India Limited, a central transmission utility, engages in the transmission of power in India. The company is involved in planning, executing, owing, operating, and maintaining high voltage transmission systems. As of March 31, 2010, it owned and operated 1,56,884 ckt kms of transmission lines, as well as 244 substations with transformation capacity of 4,00,269 MVA. The company also provides consultancy services, including system engineering and feasibility studies, environmental and social impact assessment, design and engineering, contract, project management and construction supervision, owner's and lender's engineer, and other services, as well as engineering, procurement, and asset management. Power Grid Corporation of India Limited offers its consultancy services to state owned utilities, private utilities, central public sector undertakings, and government departments in Afghanistan, Bangladesh, Bhutan, Congo, Ethiopia, Fiji, Nigeria, Nepal, Kazakhstan, Kenya, the Kyrgyz Republic, Myanmar, Pakistan, Senegal, Sri Lanka, Tajikistan, Tanzania, the United Arab Emirates, and Uzbekistan. In addition, it provides overhead optic fiber network services using optical ground wire on power transmission lines under the POWERTEL brand name. The company was formerly known as National Power Transmission Corporation Limited and changed its name to Power Grid Corporation of India Limited in October 1992. Power Grid Corporation of India Limited was founded in 1989 and is headquartered in Gurugram, India.", "fullTimeEmployees": 8990, "companyOfficers": [{"maxAge": 1, "name": "Mr. Kandikuppa  Sreekant", "age": 57, "title": "Chairman & MD", "yearBorn": 1963, "fiscalYear": 2020, "totalPay": 8842503, "exercisedValue": 0, "unexercisedValue": 0}, {"maxAge": 1, "name": "Ms. Seema  Gupta", "age": 58, "title": "Director of Operations & Director", "yearBorn": 1962, "fiscalYear": 2020, "totalPay": 9294609, "exercisedValue": 0, "unexercisedValue": 0}, {"maxAge": 1, "name": "Mr. Vinod Kumar Singh", "age": 57, "title": "Director of Personnel & Director", "yearBorn": 1963, "fiscalYear": 2020, "totalPay": 1765338, "exercisedValue": 0, "unexercisedValue": 0}, {"maxAge": 1, "name": "Mr. Mohammed Taj Mukarrum", "age": 58, "title": "CFO & Exec. Director", "yearBorn": 1962, "exercisedValue": 0, "unexercisedValue": 0}, {"maxAge": 1, "name": "B. N. De. Bhowmick", "title": "Exec. Director of Technology Devel.", "exercisedValue": 0, "unexercisedValue": 0}, {"maxAge": 1, "name": "Satish  Chandra", "title": "Chief Gen. Mang. of Admin. & Communication", "exercisedValue": 0, "unexercisedValue": 0}, {"maxAge": 1, "name": "Mr. Mrinal  Shrivastava", "title": "Company Sec. & Compliance Officer", "exercisedValue": 0, "unexercisedValue": 0}, {"maxAge": 1, "name": "R. P. S. Chauhan", "age": 67, "title": "Chief Mang. of MATL", "yearBorn": 1953, "exercisedValue": 0, "unexercisedValue": 0}, {"maxAge": 1, "name": "B. B. Gupta", "age": 67, "title": "Chief Mang. of TL", "yearBorn": 1953, "exercisedValue": 0, "unexercisedValue": 0}, {"maxAge": 1, "name": "Lieutenant S. R. Choudhary", "age": 66, "title": "Chief Mang. of FQA", "yearBorn": 1954, "exercisedValue": 0, "unexercisedValue": 0}], "auditRisk": 8, "boardRisk": 7, "compensationRisk": 1, "shareHolderRightsRisk": 4, "overallRisk": 3, "governanceEpochDate": "2021-04-01 05:30:00", "compensationAsOfEpochDate": "2020-12-31 05:30:00", "maxAge": 86400}, "recommendationTrend": {"trend": [{"period": "0m", "strongBuy": 0, "buy": 0, "hold": 0, "sell": 0, "strongSell": 0}, {"period": "-1m", "strongBuy": 0, "buy": 0, "hold": 0, "sell": 0, "strongSell": 0}, {"period": "-2m", "strongBuy": 0, "buy": 0, "hold": 0, "sell": 0, "strongSell": 0}, {"period": "-3m", "strongBuy": 0, "buy": 0, "hold": 0, "sell": 0, "strongSell": 0}], "maxAge": 86400}, "cashflowStatementHistory": {"cashflowStatements": [{"maxAge": 1, "endDate": "2020-03-31", "netIncome": 110594000000, "depreciation": 116070400000, "changeToNetincome": 79469200000, "changeToAccountReceivables": -2909500000, "changeToLiabilities": 0, "changeToInventory": -1813600000, "changeToOperatingActivities": 8994300000, "totalCashFromOperatingActivities": 310404800000, "capitalExpenditures": -113671200000, "investments": -1185700000, "otherCashflowsFromInvestingActivities": 4572600000, "totalCashflowsFromInvestingActivities": -110422500000, "dividendsPaid": -44259200000, "netBorrowings": -17445000000, "otherCashflowsFromFinancingActivities": -126354200000, "totalCashFromFinancingActivities": -188058400000, "changeInCash": 11923900000}, {"maxAge": 1, "endDate": "2019-03-31", "netIncome": 100335200000, "depreciation": 105409500000, "changeToNetincome": 81392400000, "changeToAccountReceivables": -13792900000, "changeToLiabilities": 0, "changeToInventory": -1823000000, "changeToOperatingActivities": -38809600000, "totalCashFromOperatingActivities": 232711600000, "capitalExpenditures": -224506600000, "investments": -425400000, "otherCashflowsFromInvestingActivities": 37555400000, "totalCashflowsFromInvestingActivities": -187274500000, "dividendsPaid": -45148700000, "netBorrowings": 132939800000, "otherCashflowsFromFinancingActivities": -112098900000, "totalCashFromFinancingActivities": -24307800000, "changeInCash": 21129300000}, {"maxAge": 1, "endDate": "2018-03-31", "netIncome": 82040000000, "depreciation": 92309900000, "changeToNetincome": 68932700000, "changeToAccountReceivables": -5238300000, "changeToLiabilities": 0, "changeToInventory": -1634600000, "changeToOperatingActivities": -9308500000, "totalCashFromOperatingActivities": 227101200000, "capitalExpenditures": -261798600000, "investments": -995500000, "otherCashflowsFromInvestingActivities": 5181400000, "totalCashflowsFromInvestingActivities": -257014500000, "dividendsPaid": -30343300000, "netBorrowings": 119701200000, "otherCashflowsFromFinancingActivities": -76511100000, "totalCashFromFinancingActivities": 12846800000, "changeInCash": -17066500000}, {"maxAge": 1, "endDate": "2017-03-31", "netIncome": 74507300000, "depreciation": 77222500000, "changeToNetincome": 60837100000, "changeToAccountReceivables": -3952500000, "changeToLiabilities": 0, "changeToInventory": -1966100000, "changeToOperatingActivities": 9104400000, "totalCashFromOperatingActivities": 215752700000, "capitalExpenditures": -239243800000, "investments": -2040500000, "otherCashflowsFromInvestingActivities": 1596000000, "totalCashflowsFromInvestingActivities": -238359700000, "dividendsPaid": -13131200000, "netBorrowings": 112838000000, "otherCashflowsFromFinancingActivities": -60121200000, "totalCashFromFinancingActivities": 39585600000, "changeInCash": 16978600000}], "maxAge": 86400}, "indexTrend": {"maxAge": 1, "symbol": "SP5", "peRatio": 19.7411, "pegRatio": 1.34172, "estimates": [{"period": "0q", "growth": 0.549}, {"period": "+1q", "growth": 0.431}, {"period": "0y", "growth": 0.305}, {"period": "+1y", "growth": 0.109}, {"period": "+5y", "growth": 0.120865}, {"period": "-5y"}]}, "defaultKeyStatistics": {"maxAge": 1, "priceHint": 2, "enterpriseValue": 2417009360896, "forwardPE": 10.345557, "profitMargins": 0.30103, "floatShares": 2439228838, "sharesOutstanding": 5231589888, "heldPercentInsiders": 0.51352, "heldPercentInstitutions": 0.34465, "beta": 0.350845, "category": null, "bookValue": 129.457, "priceToBook": 1.6997923, "fundFamily": null, "legalType": null, "lastFiscalYearEnd": "2020-03-31 05:30:00", "nextFiscalYearEnd": "2022-03-31 05:30:00", "mostRecentQuarter": "2020-12-31 05:30:00", "earningsQuarterlyGrowth": 0.26, "netIncomeToCommon": 118237003776, "trailingEps": 22.599, "forwardEps": 21.27, "pegRatio": 0.65, "lastSplitFactor": null, "enterpriseToRevenue": 6.154, "enterpriseToEbitda": 6.842}, "industryTrend": {"maxAge": 1, "symbol": null, "estimates": []}, "quoteType": {"exchange": "NSI", "quoteType": "EQUITY", "symbol": "POWERGRID.NS", "underlyingSymbol": "POWERGRID.NS", "shortName": "POWER GRID CORP", "longName": "Power Grid Corporation of India Limited", "firstTradeDateEpochUtc": "2007-10-05 09:15:00", "timeZoneFullName": "Asia/Kolkata", "timeZoneShortName": "IST", "uuid": "304a81d9-2610-307c-99cf-d548f87634cb", "gmtOffSetMilliseconds": 19800000, "maxAge": 1}, "incomeStatementHistory": {"incomeStatementHistory": [{"maxAge": 1, "endDate": "2020-03-31", "totalRevenue": 377435400000, "costOfRevenue": 7610900000, "grossProfit": 369824500000, "researchDevelopment": {}, "sellingGeneralAdministrative": 21236000000, "nonRecurring": {}, "otherOperatingExpenses": 12217800000, "totalOperatingExpenses": 157135100000, "operatingIncome": 220300300000, "totalOtherIncomeExpenseNet": -74398800000, "ebit": 220300300000, "interestExpense": -90822200000, "incomeBeforeTax": 145901500000, "incomeTaxExpense": 35307500000, "minorityInterest": {}, "netIncomeFromContinuingOps": 110594000000, "discontinuedOperations": {}, "extraordinaryItems": {}, "effectOfAccountingCharges": {}, "otherItems": {}, "netIncome": 110594000000, "netIncomeApplicableToCommonShares": 110594000000}, {"maxAge": 1, "endDate": "2019-03-31", "totalRevenue": 350591200000, "costOfRevenue": 8334500000, "grossProfit": 342256700000, "researchDevelopment": {}, "sellingGeneralAdministrative": 19410100000, "nonRecurring": {}, "otherOperatingExpenses": 15799300000, "totalOperatingExpenses": 148953400000, "operatingIncome": 201637800000, "totalOtherIncomeExpenseNet": -110166100000, "ebit": 201637800000, "interestExpense": -82097900000, "incomeBeforeTax": 91471700000, "incomeTaxExpense": -8863500000, "minorityInterest": {}, "netIncomeFromContinuingOps": 100335200000, "discontinuedOperations": {}, "extraordinaryItems": {}, "effectOfAccountingCharges": {}, "otherItems": {}, "netIncome": 100335200000, "netIncomeApplicableToCommonShares": 100335200000}, {"maxAge": 1, "endDate": "2018-03-31", "totalRevenue": 299536200000, "costOfRevenue": 6327100000, "grossProfit": 293209100000, "researchDevelopment": {}, "sellingGeneralAdministrative": 17430900000, "nonRecurring": {}, "otherOperatingExpenses": 11231900000, "totalOperatingExpenses": 127299800000, "operatingIncome": 172236400000, "totalOtherIncomeExpenseNet": -37528900000, "ebit": 172236400000, "interestExpense": -70097600000, "incomeBeforeTax": 134707500000, "incomeTaxExpense": 52667500000, "minorityInterest": {}, "netIncomeFromContinuingOps": 82040000000, "discontinuedOperations": {}, "extraordinaryItems": {}, "effectOfAccountingCharges": {}, "otherItems": {}, "netIncome": 82040000000, "netIncomeApplicableToCommonShares": 82040000000}, {"maxAge": 1, "endDate": "2017-03-31", "totalRevenue": 256974400000, "costOfRevenue": 5685100000, "grossProfit": 251289300000, "researchDevelopment": {}, "sellingGeneralAdministrative": 14909400000, "nonRecurring": {}, "otherOperatingExpenses": 8324600000, "totalOperatingExpenses": 106141600000, "operatingIncome": 150832800000, "totalOtherIncomeExpenseNet": -56262800000, "ebit": 150832800000, "interestExpense": -59019500000, "incomeBeforeTax": 94570000000, "incomeTaxExpense": 20062700000, "minorityInterest": {}, "netIncomeFromContinuingOps": 74507300000, "discontinuedOperations": {}, "extraordinaryItems": {}, "effectOfAccountingCharges": {}, "otherItems": {}, "netIncome": 74507300000, "netIncomeApplicableToCommonShares": 74507300000}], "maxAge": 86400}, "fundOwnership": {"ownershipList": [{"maxAge": 1, "reportDate": "2021-03-31", "organization": "Capital Income Builder, Inc.", "pctHeld": 0.0317, "position": 165734802, "value": 35740710051}, {"maxAge": 1, "reportDate": "2021-03-31", "organization": "American Global Balanced Fund", "pctHeld": 0.0076, "position": 40000000, "value": 8626000000}, {"maxAge": 1, "reportDate": "2021-01-31", "organization": "Vanguard International Stock Index-Total Intl Stock Indx", "pctHeld": 0.0054, "position": 28172034, "value": 5196331671}, {"maxAge": 1, "reportDate": "2021-01-31", "organization": "Vanguard Specialized-Energy Fund", "pctHeld": 0.0054, "position": 28059380, "value": 5175552641}, {"maxAge": 1, "reportDate": "2021-01-31", "organization": "Vanguard International Stock Index-Emerging Markets Stk", "pctHeld": 0.0053, "position": 27797712, "value": 5127287978}, {"maxAge": 1, "reportDate": "2021-02-28", "organization": "Fidelity Series Emerging Markets Opportunities Fund", "pctHeld": 0.0052, "position": 27328116, "value": 5856415258}, {"maxAge": 1, "reportDate": "2021-02-28", "organization": "Fidelity Emerging Markets Fund (US)", "pctHeld": 0.0047, "position": 24348800, "value": 5217947840}, {"maxAge": 1, "reportDate": "2021-03-31", "organization": "iShares Core MSCI Emerging Markets ETF", "pctHeld": 0.0034999999, "position": 18397489, "value": 3967418502}, {"maxAge": 1, "reportDate": "2021-01-31", "organization": "Vanguard Global Capital Cycles Fund", "pctHeld": 0.0034999999, "position": 18128117, "value": 3343731180}, {"maxAge": 1, "reportDate": "2021-03-31", "organization": "iShares MSCI India ETF", "pctHeld": 0.0028, "position": 14657490, "value": 3160887718}], "maxAge": 1}, "summaryDetail": {"maxAge": 1, "priceHint": 2, "previousClose": 220.15, "open": 217.75, "dayLow": 216.65, "dayHigh": 222.3, "regularMarketPreviousClose": 220.15, "regularMarketOpen": 217.75, "regularMarketDayLow": 216.65, "regularMarketDayHigh": 222.3, "dividendRate": 16.0, "dividendYield": 0.0727, "exDividendDate": "2021-03-08 05:30:00", "payoutRatio": 0.77830005, "fiveYearAvgDividendYield": 3.14, "beta": 0.350845, "trailingPE": 9.737156, "forwardPE": 10.345557, "volume": 9504368, "regularMarketVolume": 9504368, "averageVolume": 14461517, "averageVolume10days": 15984783, "averageDailyVolume10Day": 15984783, "bid": 0.0, "ask": 0.0, "bidSize": 0, "askSize": 0, "marketCap": 1151211405312, "fiftyTwoWeekLow": 153.3, "fiftyTwoWeekHigh": 238.3, "priceToSalesTrailing12Months": 2.9309454, "fiftyDayAverage": 222.03824, "twoHundredDayAverage": 193.95674, "trailingAnnualDividendRate": 13.04, "trailingAnnualDividendYield": 0.059232343, "currency": "INR", "fromCurrency": null, "lastMarket": null, "algorithm": null, "tradeable": false}, "insiderHolders": {"holders": [{"maxAge": 1, "name": "Agarwal (Anil K)", "relation": "UNREPORTED", "url": "", "transactionDescription": "Sale", "latestTransDate": "2010-02-25", "positionDirect": 0, "positionDirectDate": "2010-02-25"}, {"maxAge": 1, "name": "Jain (Sandeep Kumar)", "relation": "UNREPORTED", "url": "", "transactionDescription": "Sale", "latestTransDate": "2014-05-16", "positionDirect": 5000, "positionDirectDate": "2014-05-16"}, {"maxAge": 1, "name": "Krishna Moorthy (R)", "relation": "UNREPORTED", "url": "", "transactionDescription": "Acquisition", "latestTransDate": "2013-03-28", "positionDirect": 286, "positionDirectDate": "2013-03-28"}, {"maxAge": 1, "name": "Life Insurance Corporation of India", "relation": "Institution- Corporation", "url": "", "transactionDescription": "Acquisition", "latestTransDate": "2011-11-28", "positionDirect": 231667824, "positionDirectDate": "2011-11-28"}, {"maxAge": 1, "name": "Mittal (Ajay Kumar)", "relation": "UNREPORTED", "url": "", "transactionDescription": "Acquisition", "latestTransDate": "2013-01-29", "positionDirect": 297, "positionDirectDate": "2013-01-29"}, {"maxAge": 1, "name": "Parihar (J K)", "relation": "UNREPORTED", "url": "", "transactionDescription": "Sale", "latestTransDate": "2015-01-16", "positionDirect": 728, "positionDirectDate": "2015-01-16"}], "maxAge": 1}, "calendarEvents": {"maxAge": 1, "earnings": {"earningsDate": [], "earningsAverage": 3.9, "earningsLow": 3.9, "earningsHigh": 3.9, "revenueAverage": 81335200000, "revenueLow": 81209700000, "revenueHigh": 81455000000}, "exDividendDate": "2021-03-08 05:30:00"}, "upgradeDowngradeHistory": {"history": [], "maxAge": 86400}, "price": {"maxAge": 1, "regularMarketChangePercent": -0.00045419417, "regularMarketChange": -0.099990845, "regularMarketTime": "2021-04-30 15:29:58", "priceHint": 2, "regularMarketPrice": 220.05, "regularMarketDayHigh": 222.3, "regularMarketDayLow": 216.65, "regularMarketVolume": 9504368, "averageDailyVolume10Day": 15984783, "averageDailyVolume3Month": 14461517, "regularMarketPreviousClose": 220.15, "regularMarketSource": "FREE_REALTIME", "regularMarketOpen": 217.75, "exchange": "NSI", "exchangeName": "NSE", "exchangeDataDelayedBy": 15, "marketState": "CLOSED", "quoteType": "EQUITY", "symbol": "POWERGRID.NS", "underlyingSymbol": null, "shortName": "POWER GRID CORP", "longName": "Power Grid Corporation of India Limited", "currency": "INR", "quoteSourceName": "Delayed Quote", "currencySymbol": "\u20b9", "fromCurrency": null, "lastMarket": null, "marketCap": 1151211405312}, "balanceSheetHistory": {"balanceSheetStatements": [{"maxAge": 1, "endDate": "2020-03-31", "cash": 48401200000, "shortTermInvestments": 9283300000, "netReceivables": 106581500000, "inventory": 14334600000, "otherCurrentAssets": 2518700000, "totalCurrentAssets": 181119300000, "longTermInvestments": 14310800000, "propertyPlantEquipment": 2143542300000, "intangibleAssets": 19352800000, "otherAssets": 208207000000, "totalAssets": 2566532200000, "accountsPayable": 2293200000, "shortLongTermDebt": 98485300000, "otherCurrentLiab": 128624900000, "longTermDebt": 1389086100000, "otherLiab": 229543900000, "deferredLongTermLiab": 101230600000, "totalCurrentLiabilities": 300815800000, "totalLiab": 1919578700000, "commonStock": 52315900000, "retainedEarnings": 411612200000, "treasuryStock": 87242500000, "capitalSurplus": 95782900000, "otherStockholderEquity": 87242500000, "totalStockholderEquity": 646953500000, "netTangibleAssets": 627600700000}, {"maxAge": 1, "endDate": "2019-03-31", "cash": 36477300000, "shortTermInvestments": 11070600000, "netReceivables": 112685200000, "inventory": 12472500000, "otherCurrentAssets": 3913300000, "totalCurrentAssets": 176618900000, "longTermInvestments": 12964200000, "propertyPlantEquipment": 2084464600000, "intangibleAssets": 19241900000, "otherAssets": 180286300000, "totalAssets": 2473575900000, "accountsPayable": 3678200000, "shortLongTermDebt": 107468500000, "otherCurrentLiab": 128094200000, "longTermDebt": 1348170100000, "otherLiab": 208372600000, "deferredLongTermLiab": 80832700000, "totalCurrentLiabilities": 326149300000, "totalLiab": 1882692000000, "commonStock": 52315900000, "retainedEarnings": 342590300000, "treasuryStock": 100194800000, "capitalSurplus": 95782900000, "otherStockholderEquity": 100194800000, "totalStockholderEquity": 590883900000, "netTangibleAssets": 571642000000}, {"maxAge": 1, "endDate": "2018-03-31", "cash": 15348000000, "shortTermInvestments": 12775100000, "netReceivables": 77831300000, "inventory": 10493500000, "otherCurrentAssets": 5222100000, "totalCurrentAssets": 121670000000, "longTermInvestments": 12239700000, "propertyPlantEquipment": 1924352800000, "intangibleAssets": 14315300000, "otherAssets": 180582700000, "totalAssets": 2253160500000, "accountsPayable": 2923500000, "shortLongTermDebt": 77926400000, "otherCurrentLiab": 142782800000, "longTermDebt": 1227103200000, "otherLiab": 200738900000, "deferredLongTermLiab": 113042200000, "totalCurrentLiabilities": 281058500000, "totalLiab": 1708900600000, "commonStock": 52315900000, "retainedEarnings": 303376900000, "treasuryStock": 92784200000, "capitalSurplus": 95782900000, "otherStockholderEquity": 92784200000, "totalStockholderEquity": 544259900000, "netTangibleAssets": 529944600000}, {"maxAge": 1, "endDate": "2017-03-31", "cash": 32414500000, "shortTermInvestments": 7427800000, "netReceivables": 57727600000, "inventory": 9069500000, "otherCurrentAssets": 3109100000, "totalCurrentAssets": 109748500000, "longTermInvestments": 11624600000, "propertyPlantEquipment": 1746094400000, "intangibleAssets": 13327300000, "otherAssets": 75655200000, "totalAssets": 1956450000000, "accountsPayable": 4542900000, "shortLongTermDebt": 62347400000, "otherCurrentLiab": 132091300000, "longTermDebt": 1112531700000, "otherLiab": 92577100000, "deferredLongTermLiab": 1076000000, "totalCurrentLiabilities": 252686200000, "totalLiab": 1457795000000, "commonStock": 52315900000, "retainedEarnings": 268560300000, "treasuryStock": 81995900000, "capitalSurplus": 95782900000, "otherStockholderEquity": 81995900000, "totalStockholderEquity": 498655000000, "netTangibleAssets": 485327700000}], "maxAge": 86400}, "earningsTrend": {"trend": [{"maxAge": 1, "period": "0q", "endDate": "2018-06-30", "growth": -0.005, "earningsEstimate": {"avg": 3.9, "low": 3.9, "high": 3.9, "yearAgoEps": 3.92, "numberOfAnalysts": 1, "growth": -0.005}, "revenueEstimate": {"avg": 81335200000, "low": 81209700000, "high": 81455000000, "numberOfAnalysts": 4, "yearAgoRevenue": 71813500000, "growth": 0.133}, "epsTrend": {"current": 3.9, "7daysAgo": 4.25, "30daysAgo": 4.25, "60daysAgo": 4.45, "90daysAgo": 4.45}, "epsRevisions": {"upLast7days": 0, "upLast30days": 0, "downLast30days": 0, "downLast90days": {}}}, {"maxAge": 1, "period": "+1q", "endDate": "2018-09-30", "growth": 0.076, "earningsEstimate": {"avg": 4.41, "low": 4.37, "high": 4.45, "yearAgoEps": 4.1, "numberOfAnalysts": 2, "growth": 0.076}, "revenueEstimate": {"avg": 90796400000, "low": 90796400000, "high": 90796400000, "numberOfAnalysts": 1, "yearAgoRevenue": 72528400000, "growth": 0.252}, "epsTrend": {"current": 4.41, "7daysAgo": 4.41, "30daysAgo": 4.41, "60daysAgo": 4.37, "90daysAgo": 4.37}, "epsRevisions": {"upLast7days": 0, "upLast30days": 0, "downLast30days": 0, "downLast90days": {}}}, {"maxAge": 1, "period": "0y", "endDate": "2019-03-31", "growth": 0.216, "earningsEstimate": {"avg": 19.15, "low": 17.8, "high": 20.8, "yearAgoEps": 15.75, "numberOfAnalysts": 25, "growth": 0.216}, "revenueEstimate": {"avg": 341850000000, "low": 319755000000, "high": 366000000000, "numberOfAnalysts": 24, "yearAgoRevenue": 297525000000, "growth": 0.14899999}, "epsTrend": {"current": 19.15, "7daysAgo": 19.15, "30daysAgo": 19.2, "60daysAgo": 19.42, "90daysAgo": 19.84}, "epsRevisions": {"upLast7days": 0, "upLast30days": 0, "downLast30days": 1, "downLast90days": {}}}, {"maxAge": 1, "period": "+1y", "endDate": "2020-03-31", "growth": 0.111, "earningsEstimate": {"avg": 21.27, "low": 18.83, "high": 22.8, "yearAgoEps": 19.15, "numberOfAnalysts": 23, "growth": 0.111}, "revenueEstimate": {"avg": 378957000000, "low": 352278000000, "high": 401000000000, "numberOfAnalysts": 22, "yearAgoRevenue": 341850000000, "growth": 0.109}, "epsTrend": {"current": 21.27, "7daysAgo": 21.27, "30daysAgo": 21.32, "60daysAgo": 21.58, "90daysAgo": 21.73}, "epsRevisions": {"upLast7days": 0, "upLast30days": 0, "downLast30days": 0, "downLast90days": {}}}, {"maxAge": 1, "period": "+5y", "endDate": null, "growth": 0.1454, "earningsEstimate": {"avg": {}, "low": {}, "high": {}, "yearAgoEps": {}, "numberOfAnalysts": {}, "growth": {}}, "revenueEstimate": {"avg": {}, "low": {}, "high": {}, "numberOfAnalysts": {}, "yearAgoRevenue": {}, "growth": {}}, "epsTrend": {"current": {}, "7daysAgo": {}, "30daysAgo": {}, "60daysAgo": {}, "90daysAgo": {}}, "epsRevisions": {"upLast7days": {}, "upLast30days": {}, "downLast30days": {}, "downLast90days": {}}}, {"maxAge": 1, "period": "-5y", "endDate": null, "growth": 0.12077, "earningsEstimate": {"avg": {}, "low": {}, "high": {}, "yearAgoEps": {}, "numberOfAnalysts": {}, "growth": {}}, "revenueEstimate": {"avg": {}, "low": {}, "high": {}, "numberOfAnalysts": {}, "yearAgoRevenue": {}, "growth": {}}, "epsTrend": {"current": {}, "7daysAgo": {}, "30daysAgo": {}, "60daysAgo": {}, "90daysAgo": {}}, "epsRevisions": {"upLast7days": {}, "upLast30days": {}, "downLast30days": {}, "downLast90days": {}}}], "maxAge": 1}, "institutionOwnership": {"ownershipList": [], "maxAge": 1}, "majorHoldersBreakdown": {"maxAge": 1, "insidersPercentHeld": 0.51352, "institutionsPercentHeld": 0.34465, "institutionsFloatPercentHeld": 0.70847, "institutionsCount": 233}, "balanceSheetHistoryQuarterly": {"balanceSheetStatements": [{"maxAge": 1, "endDate": "2020-12-31", "totalStockholderEquity": 677267900000, "netTangibleAssets": 659450500000}, {"maxAge": 1, "endDate": "2020-09-30", "cash": 74406700000, "shortTermInvestments": 59594600000, "netReceivables": 65781100000, "inventory": 14159000000, "otherCurrentAssets": 70964800000, "totalCurrentAssets": 284906200000, "longTermInvestments": 56061500000, "propertyPlantEquipment": 2062083400000, "intangibleAssets": 17817400000, "otherAssets": 164333800000, "totalAssets": 2585202300000, "accountsPayable": 2252500000, "otherCurrentLiab": 280710000000, "longTermDebt": 1367276200000, "otherLiab": 225695700000, "deferredLongTermLiab": 105905900000, "totalCurrentLiabilities": 314962500000, "totalLiab": 1907934400000, "commonStock": 52315900000, "treasuryStock": 624952000000, "otherStockholderEquity": 624952000000, "totalStockholderEquity": 677267900000, "netTangibleAssets": 659450500000}, {"maxAge": 1, "endDate": "2020-06-30", "totalStockholderEquity": 646953500000, "netTangibleAssets": 627600700000}, {"maxAge": 1, "endDate": "2020-03-31", "cash": 48401200000, "shortTermInvestments": 9283300000, "netReceivables": 106581500000, "inventory": 14334600000, "otherCurrentAssets": 2518700000, "totalCurrentAssets": 181119300000, "longTermInvestments": 14310800000, "propertyPlantEquipment": 2143542300000, "intangibleAssets": 19352800000, "otherAssets": 208207000000, "totalAssets": 2566532200000, "accountsPayable": 2293200000, "shortLongTermDebt": 98485300000, "otherCurrentLiab": 128624900000, "longTermDebt": 1389086100000, "otherLiab": 229543900000, "deferredLongTermLiab": 101230600000, "totalCurrentLiabilities": 300815800000, "totalLiab": 1919578700000, "commonStock": 52315900000, "retainedEarnings": 411612200000, "treasuryStock": 87242500000, "capitalSurplus": 95782900000, "otherStockholderEquity": 87242500000, "totalStockholderEquity": 646953500000, "netTangibleAssets": 627600700000}], "maxAge": 86400}, "earningsHistory": {"history": [{"maxAge": 1, "epsActual": 3.92, "epsEstimate": 3.9, "epsDifference": 0.02, "surprisePercent": 0.005, "quarter": "2017-06-30", "period": "-4q"}, {"maxAge": 1, "epsActual": 4.1, "epsEstimate": 4.03, "epsDifference": 0.07, "surprisePercent": 0.017, "quarter": "2017-09-30", "period": "-3q"}, {"maxAge": 1, "epsActual": 4.09, "epsEstimate": 4.23, "epsDifference": -0.14, "surprisePercent": -0.033, "quarter": "2017-12-31", "period": "-2q"}, {"maxAge": 1, "epsActual": 3.83, "epsEstimate": 4.16, "epsDifference": -0.33, "surprisePercent": -0.079, "quarter": "2018-03-31", "period": "-1q"}], "maxAge": 86400}, "summaryProfile": {"address1": "Saudamini, Plot No. 2", "address2": "Sector-29 Near IFFCO Chowk", "city": "Gurugram", "zip": "122001", "country": "India", "phone": "91 12 4282 2000", "fax": "91 12 4257 1990", "website": "http://www.powergridindia.com", "industry": "Utilities\u2014Regulated Electric", "sector": "Utilities", "longBusinessSummary": "Power Grid Corporation of India Limited, a central transmission utility, engages in the transmission of power in India. The company is involved in planning, executing, owing, operating, and maintaining high voltage transmission systems. As of March 31, 2010, it owned and operated 1,56,884 ckt kms of transmission lines, as well as 244 substations with transformation capacity of 4,00,269 MVA. The company also provides consultancy services, including system engineering and feasibility studies, environmental and social impact assessment, design and engineering, contract, project management and construction supervision, owner's and lender's engineer, and other services, as well as engineering, procurement, and asset management. Power Grid Corporation of India Limited offers its consultancy services to state owned utilities, private utilities, central public sector undertakings, and government departments in Afghanistan, Bangladesh, Bhutan, Congo, Ethiopia, Fiji, Nigeria, Nepal, Kazakhstan, Kenya, the Kyrgyz Republic, Myanmar, Pakistan, Senegal, Sri Lanka, Tajikistan, Tanzania, the United Arab Emirates, and Uzbekistan. In addition, it provides overhead optic fiber network services using optical ground wire on power transmission lines under the POWERTEL brand name. The company was formerly known as National Power Transmission Corporation Limited and changed its name to Power Grid Corporation of India Limited in October 1992. Power Grid Corporation of India Limited was founded in 1989 and is headquartered in Gurugram, India.", "fullTimeEmployees": 8990, "companyOfficers": [], "maxAge": 86400}, "netSharePurchaseActivity": {"maxAge": 1, "period": "6m", "buyInfoCount": 0, "buyInfoShares": 0, "sellInfoCount": 0, "netInfoCount": 0, "netInfoShares": 0, "netPercentInsiderShares": 0.0, "totalInsiderShares": 2686525952}, "insiderTransactions": {"transactions": [{"maxAge": 1, "shares": 6000, "filerUrl": "", "transactionText": "", "filerName": "Parihar (J K)", "filerRelation": "UNREPORTED", "moneyText": "", "startDate": "2015-01-16", "ownership": "D"}, {"maxAge": 1, "shares": 5000, "filerUrl": "", "transactionText": "", "filerName": "Jain (Sandeep Kumar)", "filerRelation": "UNREPORTED", "moneyText": "", "startDate": "2014-05-16", "ownership": "D"}, {"maxAge": 1, "shares": 286, "filerUrl": "", "transactionText": "", "filerName": "Krishna Moorthy (R)", "filerRelation": "UNREPORTED", "moneyText": "", "startDate": "2013-03-28", "ownership": "D"}, {"maxAge": 1, "shares": 297, "filerUrl": "", "transactionText": "", "filerName": "Mittal (Ajay Kumar)", "filerRelation": "UNREPORTED", "moneyText": "", "startDate": "2013-01-29", "ownership": "D"}, {"maxAge": 1, "shares": 200000, "filerUrl": "", "transactionText": "", "filerName": "Life Insurance Corporation of India", "filerRelation": "Institution- Corporation", "moneyText": "", "startDate": "2011-11-28", "ownership": "D"}, {"maxAge": 1, "shares": 109000, "filerUrl": "", "transactionText": "", "filerName": "Agarwal (Anil K)", "filerRelation": "UNREPORTED", "moneyText": "", "startDate": "2010-02-25", "ownership": "D"}, {"maxAge": 1, "shares": 9000, "filerUrl": "", "transactionText": "", "filerName": "Agarwal (Anil K)", "filerRelation": "UNREPORTED", "moneyText": "", "startDate": "2009-07-16", "ownership": "D"}, {"maxAge": 1, "shares": 25000, "filerUrl": "", "transactionText": "", "filerName": "Agarwal (Anil K)", "filerRelation": "UNREPORTED", "moneyText": "", "startDate": "2009-05-20", "ownership": "D"}, {"maxAge": 1, "shares": 25000, "filerUrl": "", "transactionText": "", "filerName": "Agarwal (Anil K)", "filerRelation": "UNREPORTED", "moneyText": "", "startDate": "2008-10-14", "ownership": "D"}, {"maxAge": 1, "shares": 65051, "filerUrl": "", "transactionText": "", "filerName": "Agarwal (Anil K)", "filerRelation": "UNREPORTED", "moneyText": "", "startDate": "2008-03-13", "ownership": "D"}, {"maxAge": 1, "shares": 100000, "filerUrl": "", "transactionText": "", "filerName": "Agarwal (Anil K)", "filerRelation": "UNREPORTED", "moneyText": "", "startDate": "2008-02-12", "ownership": "D"}, {"maxAge": 1, "shares": 50000, "filerUrl": "", "transactionText": "", "filerName": "Agarwal (Anil K)", "filerRelation": "UNREPORTED", "moneyText": "", "startDate": "2007-12-20", "ownership": "D"}], "maxAge": 1}, "sectorTrend": {"maxAge": 1, "symbol": null, "estimates": []}, "incomeStatementHistoryQuarterly": {"incomeStatementHistory": [{"maxAge": 1, "endDate": "2020-12-31", "totalRevenue": 101424800000, "costOfRevenue": 0, "grossProfit": 101424800000, "researchDevelopment": {}, "sellingGeneralAdministrative": 4848300000, "nonRecurring": {}, "otherOperatingExpenses": 7431100000, "totalOperatingExpenses": 43012900000, "operatingIncome": 58411900000, "totalOtherIncomeExpenseNet": -13946200000, "ebit": 58411900000, "interestExpense": -20472200000, "incomeBeforeTax": 44465700000, "incomeTaxExpense": 10788600000, "minorityInterest": {}, "netIncomeFromContinuingOps": 33677100000, "discontinuedOperations": {}, "extraordinaryItems": {}, "effectOfAccountingCharges": {}, "otherItems": {}, "netIncome": 33677100000, "netIncomeApplicableToCommonShares": 33677100000}, {"maxAge": 1, "endDate": "2020-09-30", "totalRevenue": 95296800000, "costOfRevenue": 0, "grossProfit": 95296800000, "researchDevelopment": {}, "sellingGeneralAdministrative": 4897600000, "nonRecurring": {}, "otherOperatingExpenses": 5985100000, "totalOperatingExpenses": 39831000000, "operatingIncome": 55465800000, "totalOtherIncomeExpenseNet": -16573300000, "ebit": 55465800000, "interestExpense": -20032700000, "incomeBeforeTax": 38892500000, "incomeTaxExpense": 7951500000, "minorityInterest": {}, "netIncomeFromContinuingOps": 30941000000, "discontinuedOperations": {}, "extraordinaryItems": {}, "effectOfAccountingCharges": {}, "otherItems": {}, "netIncome": 30941000000, "netIncomeApplicableToCommonShares": 30941000000}, {"maxAge": 1, "endDate": "2020-06-30", "totalRevenue": 94574000000, "costOfRevenue": 0, "grossProfit": 94574000000, "researchDevelopment": {}, "sellingGeneralAdministrative": 4862800000, "nonRecurring": {}, "otherOperatingExpenses": 6295000000, "totalOperatingExpenses": 40745900000, "operatingIncome": 53828100000, "totalOtherIncomeExpenseNet": -24764300000, "ebit": 53828100000, "interestExpense": -22027000000, "incomeBeforeTax": 29063800000, "incomeTaxExpense": 8579600000, "minorityInterest": {}, "netIncomeFromContinuingOps": 20484200000, "discontinuedOperations": {}, "extraordinaryItems": {}, "effectOfAccountingCharges": {}, "otherItems": {}, "netIncome": 20484200000, "netIncomeApplicableToCommonShares": 20484200000}, {"maxAge": 1, "endDate": "2020-03-31", "totalRevenue": 101482600000, "costOfRevenue": 7610900000, "grossProfit": 93871700000, "researchDevelopment": {}, "sellingGeneralAdministrative": 6618700000, "nonRecurring": {}, "otherOperatingExpenses": -4747800000, "totalOperatingExpenses": 39667800000, "operatingIncome": 61814800000, "totalOtherIncomeExpenseNet": -18483300000, "ebit": 61814800000, "interestExpense": -21077300000, "incomeBeforeTax": 43331500000, "incomeTaxExpense": 10196800000, "minorityInterest": {}, "netIncomeFromContinuingOps": 33134700000, "discontinuedOperations": {}, "extraordinaryItems": {}, "effectOfAccountingCharges": {}, "otherItems": {}, "netIncome": 33134700000, "netIncomeApplicableToCommonShares": 33134700000}], "maxAge": 86400}, "cashflowStatementHistoryQuarterly": {"cashflowStatements": [{"maxAge": 1, "endDate": "2020-12-31", "netIncome": 33677100000, "changeToLiabilities": 0}, {"maxAge": 1, "endDate": "2020-09-30", "netIncome": 30941000000, "changeToLiabilities": 0}, {"maxAge": 1, "endDate": "2020-06-30", "netIncome": 20484200000, "changeToLiabilities": 0}, {"maxAge": 1, "endDate": "2020-03-31", "netIncome": 33134700000, "changeToLiabilities": 0}], "maxAge": 86400}, "earnings": {"maxAge": 86400, "earningsChart": {"quarterly": [{"date": "2Q2017", "actual": 3.92, "estimate": 3.9}, {"date": "3Q2017", "actual": 4.1, "estimate": 4.03}, {"date": "4Q2017", "actual": 4.09, "estimate": 4.23}, {"date": "1Q2018", "actual": 3.83, "estimate": 4.16}], "currentQuarterEstimate": 3.9, "currentQuarterEstimateDate": "2Q", "currentQuarterEstimateYear": 2018, "earningsDate": []}, "financialsChart": {"yearly": [{"date": 2017, "revenue": 256974400000, "earnings": 74507300000}, {"date": 2018, "revenue": 299536200000, "earnings": 82040000000}, {"date": 2019, "revenue": 350591200000, "earnings": 100335200000}, {"date": 2020, "revenue": 377435400000, "earnings": 110594000000}], "quarterly": [{"date": "1Q2020", "revenue": 101482600000, "earnings": 33134700000}, {"date": "2Q2020", "revenue": 94574000000, "earnings": 20484200000}, {"date": "3Q2020", "revenue": 95296800000, "earnings": 30941000000}, {"date": "4Q2020", "revenue": 101424800000, "earnings": 33677100000}]}, "financialCurrency": "INR"}, "financialData": {"maxAge": 86400, "currentPrice": 220.05, "targetHighPrice": 284.0, "targetLowPrice": 200.0, "targetMeanPrice": 236.59, "targetMedianPrice": 237.0, "recommendationMean": 1.9, "recommendationKey": "buy", "numberOfAnalystOpinions": 32, "totalCash": 134001303552, "totalCashPerShare": 25.614, "ebitda": 353282359296, "totalDebt": 1399276175360, "totalRevenue": 392778186752, "debtToEquity": 206.606, "revenuePerShare": 75.074, "grossProfits": 369824500000, "earningsGrowth": 0.26, "revenueGrowth": 0.083, "grossMargins": 0.98061997, "ebitdaMargins": 0.89944, "operatingMargins": 0.58435, "profitMargins": 0.30103, "financialCurrency": "INR"}}}