{"POWERGRID.BO": {"recommendationTrend": {"trend": [{"period": "0m", "strongBuy": 0, "buy": 0, "hold": 0, "sell": 0, "strongSell": 0}, {"period": "-1m", "strongBuy": 0, "buy": 0, "hold": 0, "sell": 0, "strongSell": 0}, {"period": "-2m", "strongBuy": 0, "buy": 0, "hold": 0, "sell": 0, "strongSell": 0}, {"period": "-3m", "strongBuy": 0, "buy": 0, "hold": 0, "sell": 0, "strongSell": 0}], "maxAge": 86400}, "cashflowStatementHistory": {"cashflowStatements": [{"maxAge": 1, "endDate": "2020-03-31", "netIncome": 110594000000, "depreciation": 116070400000, "changeToNetincome": 79469200000, "changeToAccountReceivables": -2909500000, "changeToLiabilities": 0, "changeToInventory": -1813600000, "changeToOperatingActivities": 8994300000, "totalCashFromOperatingActivities": 310404800000, "capitalExpenditures": -113671200000, "investments": -1185700000, "otherCashflowsFromInvestingActivities": 4572600000, "totalCashflowsFromInvestingActivities": -110422500000, "dividendsPaid": -44259200000, "netBorrowings": -17445000000, "otherCashflowsFromFinancingActivities": -126354200000, "totalCashFromFinancingActivities": -188058400000, "changeInCash": 11923900000}, {"maxAge": 1, "endDate": "2019-03-31", "netIncome": 100335200000, "depreciation": 105409500000, "changeToNetincome": 81392400000, "changeToAccountReceivables": -13792900000, "changeToLiabilities": 0, "changeToInventory": -1823000000, "changeToOperatingActivities": -38809600000, "totalCashFromOperatingActivities": 232711600000, "capitalExpenditures": -224506600000, "investments": -425400000, "otherCashflowsFromInvestingActivities": 37555400000, "totalCashflowsFromInvestingActivities": -187274500000, "dividendsPaid": -45148700000, "netBorrowings": 132939800000, "otherCashflowsFromFinancingActivities": -112098900000, "totalCashFromFinancingActivities": -24307800000, "changeInCash": 21129300000}, {"maxAge": 1, "endDate": "2018-03-31", "netIncome": 82040000000, "depreciation": 92309900000, "changeToNetincome": 68932700000, "changeToAccountReceivables": -5238300000, "changeToLiabilities": 0, "changeToInventory": -1634600000, "changeToOperatingActivities": -9308500000, "totalCashFromOperatingActivities": 227101200000, "capitalExpenditures": -261798600000, "investments": -995500000, "otherCashflowsFromInvestingActivities": 5181400000, "totalCashflowsFromInvestingActivities": -257014500000, "dividendsPaid": -30343300000, "netBorrowings": 119701200000, "otherCashflowsFromFinancingActivities": -76511100000, "totalCashFromFinancingActivities": 12846800000, "changeInCash": -17066500000}, {"maxAge": 1, "endDate": "2017-03-31", "netIncome": 74507300000, "depreciation": 77222500000, "changeToNetincome": 60837100000, "changeToAccountReceivables": -3952500000, "changeToLiabilities": 0, "changeToInventory": -1966100000, "changeToOperatingActivities": 9104400000, "totalCashFromOperatingActivities": 215752700000, "capitalExpenditures": -239243800000, "investments": -2040500000, "otherCashflowsFromInvestingActivities": 1596000000, "totalCashflowsFromInvestingActivities": -238359700000, "dividendsPaid": -13131200000, "netBorrowings": 112838000000, "otherCashflowsFromFinancingActivities": -60121200000, "totalCashFromFinancingActivities": 39585600000, "changeInCash": 16978600000}], "maxAge": 86400}, "institutionOwnership": {"maxAge": 1, "ownershipList": []}, "balanceSheetHistoryQuarterly": {"balanceSheetStatements": [{"maxAge": 1, "endDate": "2020-06-30", "totalStockholderEquity": 646953500000, "netTangibleAssets": 627600700000}, {"maxAge": 1, "endDate": "2020-03-31", "cash": 48401200000, "shortTermInvestments": 9283300000, "netReceivables": 106581500000, "inventory": 14334600000, "otherCurrentAssets": 2518700000, "totalCurrentAssets": 181119300000, "longTermInvestments": 14310800000, "propertyPlantEquipment": 2143542300000, "intangibleAssets": 19352800000, "otherAssets": 208207000000, "totalAssets": 2566532200000, "accountsPayable": 2293200000, "shortLongTermDebt": 98485300000, "otherCurrentLiab": 128624900000, "longTermDebt": 1389086100000, "otherLiab": 229543900000, "deferredLongTermLiab": 101230600000, "totalCurrentLiabilities": 300815800000, "totalLiab": 1919578700000, "commonStock": 52315900000, "retainedEarnings": 411612200000, "treasuryStock": 87242500000, "capitalSurplus": 95782900000, "otherStockholderEquity": 87242500000, "totalStockholderEquity": 646953500000, "netTangibleAssets": 627600700000}, {"maxAge": 1, "endDate": "2019-12-31", "totalStockholderEquity": 625412200000, "netTangibleAssets": 606070500000}, {"maxAge": 1, "endDate": "2019-09-30", "cash": 56169000000, "shortTermInvestments": 80022500000, "netReceivables": 54987800000, "inventory": 12928000000, "otherCurrentAssets": 3506100000, "totalCurrentAssets": 207613400000, "longTermInvestments": 54951100000, "propertyPlantEquipment": 2098334500000, "intangibleAssets": 19341700000, "otherAssets": 139302200000, "totalAssets": 2519542900000, "accountsPayable": 2558100000, "otherCurrentLiab": 275459800000, "longTermDebt": 1358189800000, "otherLiab": 209923000000, "deferredLongTermLiab": 85019900000, "totalCurrentLiabilities": 326017900000, "totalLiab": 1894130700000, "commonStock": 52315900000, "treasuryStock": 573096300000, "otherStockholderEquity": 573096300000, "totalStockholderEquity": 625412200000, "netTangibleAssets": 606070500000}], "maxAge": 86400}, "earningsHistory": {"history": [{"maxAge": 1, "epsActual": 4.09, "epsEstimate": 4.23, "epsDifference": -0.14, "surprisePercent": -0.033, "quarter": "2017-12-31", "period": "-4q"}, {"maxAge": 1, "epsActual": 3.83, "epsEstimate": 4.16, "epsDifference": -0.33, "surprisePercent": -0.079, "quarter": "2018-03-31", "period": "-3q"}, {"maxAge": 1, "epsActual": 4.28, "epsEstimate": 4.3, "epsDifference": -0.02, "surprisePercent": -0.005, "quarter": "2018-06-30", "period": "-2q"}, {"maxAge": 1, "epsActual": 4.42, "epsEstimate": 4.3, "epsDifference": 0.12, "surprisePercent": 0.027999999, "quarter": "2018-09-30", "period": "-1q"}], "maxAge": 86400}, "indexTrend": {"maxAge": 1, "symbol": "SP5", "peRatio": 19.7411, "pegRatio": 1.34172, "estimates": [{"period": "0q", "growth": 0.549}, {"period": "+1q", "growth": 0.431}, {"period": "0y", "growth": 0.305}, {"period": "+1y", "growth": 0.109}, {"period": "+5y", "growth": 0.120865}, {"period": "-5y"}]}, "industryTrend": {"maxAge": 1, "symbol": null, "estimates": []}, "insiderTransactions": {"transactions": [{"maxAge": 1, "shares": 6000, "filerUrl": "", "transactionText": "", "filerName": "Parihar (J K)", "filerRelation": "UNREPORTED", "moneyText": "", "startDate": "2015-01-16", "ownership": "D"}, {"maxAge": 1, "shares": 5000, "filerUrl": "", "transactionText": "", "filerName": "Jain (Sandeep Kumar)", "filerRelation": "UNREPORTED", "moneyText": "", "startDate": "2014-05-16", "ownership": "D"}, {"maxAge": 1, "shares": 286, "filerUrl": "", "transactionText": "", "filerName": "Krishna Moorthy (R)", "filerRelation": "UNREPORTED", "moneyText": "", "startDate": "2013-03-28", "ownership": "D"}, {"maxAge": 1, "shares": 297, "filerUrl": "", "transactionText": "", "filerName": "Mittal (Ajay Kumar)", "filerRelation": "UNREPORTED", "moneyText": "", "startDate": "2013-01-29", "ownership": "D"}, {"maxAge": 1, "shares": 200000, "filerUrl": "", "transactionText": "", "filerName": "Life Insurance Corporation of India", "filerRelation": "Institution- Corporation", "moneyText": "", "startDate": "2011-11-28", "ownership": "D"}, {"maxAge": 1, "shares": 109000, "filerUrl": "", "transactionText": "", "filerName": "Agarwal (Anil K)", "filerRelation": "UNREPORTED", "moneyText": "", "startDate": "2010-02-25", "ownership": "D"}, {"maxAge": 1, "shares": 9000, "filerUrl": "", "transactionText": "", "filerName": "Agarwal (Anil K)", "filerRelation": "UNREPORTED", "moneyText": "", "startDate": "2009-07-16", "ownership": "D"}, {"maxAge": 1, "shares": 25000, "filerUrl": "", "transactionText": "", "filerName": "Agarwal (Anil K)", "filerRelation": "UNREPORTED", "moneyText": "", "startDate": "2009-05-20", "ownership": "D"}, {"maxAge": 1, "shares": 25000, "filerUrl": "", "transactionText": "", "filerName": "Agarwal (Anil K)", "filerRelation": "UNREPORTED", "moneyText": "", "startDate": "2008-10-14", "ownership": "D"}, {"maxAge": 1, "shares": 65051, "filerUrl": "", "transactionText": "", "filerName": "Agarwal (Anil K)", "filerRelation": "UNREPORTED", "moneyText": "", "startDate": "2008-03-13", "ownership": "D"}, {"maxAge": 1, "shares": 100000, "filerUrl": "", "transactionText": "", "filerName": "Agarwal (Anil K)", "filerRelation": "UNREPORTED", "moneyText": "", "startDate": "2008-02-12", "ownership": "D"}, {"maxAge": 1, "shares": 50000, "filerUrl": "", "transactionText": "", "filerName": "Agarwal (Anil K)", "filerRelation": "UNREPORTED", "moneyText": "", "startDate": "2007-12-20", "ownership": "D"}], "maxAge": 1}, "quoteType": {"exchange": "BSE", "quoteType": "EQUITY", "symbol": "POWERGRID.BO", "underlyingSymbol": "POWERGRID.BO", "shortName": "POWER GRID CORPORATION OF INDI", "longName": "Power Grid Corporation of India Limited", "firstTradeDateEpochUtc": "2007-10-05 09:15:00", "timeZoneFullName": "Asia/Kolkata", "timeZoneShortName": "IST", "uuid": "0c9979bd-ffda-3253-ad42-ab3886da9f96", "messageBoardId": null, "gmtOffSetMilliseconds": 19800000, "maxAge": 1}, "incomeStatementHistory": {"incomeStatementHistory": [{"maxAge": 1, "endDate": "2020-03-31", "totalRevenue": 377435400000, "costOfRevenue": 7610900000, "grossProfit": 369824500000, "researchDevelopment": {}, "sellingGeneralAdministrative": 21236000000, "nonRecurring": {}, "otherOperatingExpenses": 12217800000, "totalOperatingExpenses": 157135100000, "operatingIncome": 220300300000, "totalOtherIncomeExpenseNet": -74398800000, "ebit": 220300300000, "interestExpense": -90822200000, "incomeBeforeTax": 145901500000, "incomeTaxExpense": 35307500000, "minorityInterest": {}, "netIncomeFromContinuingOps": 110594000000, "discontinuedOperations": {}, "extraordinaryItems": {}, "effectOfAccountingCharges": {}, "otherItems": {}, "netIncome": 110594000000, "netIncomeApplicableToCommonShares": 110594000000}, {"maxAge": 1, "endDate": "2019-03-31", "totalRevenue": 350591200000, "costOfRevenue": 8334500000, "grossProfit": 342256700000, "researchDevelopment": {}, "sellingGeneralAdministrative": 19410100000, "nonRecurring": {}, "otherOperatingExpenses": 15799300000, "totalOperatingExpenses": 148953400000, "operatingIncome": 201637800000, "totalOtherIncomeExpenseNet": -110166100000, "ebit": 201637800000, "interestExpense": -82097900000, "incomeBeforeTax": 91471700000, "incomeTaxExpense": -8863500000, "minorityInterest": {}, "netIncomeFromContinuingOps": 100335200000, "discontinuedOperations": {}, "extraordinaryItems": {}, "effectOfAccountingCharges": {}, "otherItems": {}, "netIncome": 100335200000, "netIncomeApplicableToCommonShares": 100335200000}, {"maxAge": 1, "endDate": "2018-03-31", "totalRevenue": 299536200000, "costOfRevenue": 6327100000, "grossProfit": 293209100000, "researchDevelopment": {}, "sellingGeneralAdministrative": 17430900000, "nonRecurring": {}, "otherOperatingExpenses": 11231900000, "totalOperatingExpenses": 127299800000, "operatingIncome": 172236400000, "totalOtherIncomeExpenseNet": -37528900000, "ebit": 172236400000, "interestExpense": -70097600000, "incomeBeforeTax": 134707500000, "incomeTaxExpense": 52667500000, "minorityInterest": {}, "netIncomeFromContinuingOps": 82040000000, "discontinuedOperations": {}, "extraordinaryItems": {}, "effectOfAccountingCharges": {}, "otherItems": {}, "netIncome": 82040000000, "netIncomeApplicableToCommonShares": 82040000000}, {"maxAge": 1, "endDate": "2017-03-31", "totalRevenue": 256974400000, "costOfRevenue": 5685100000, "grossProfit": 251289300000, "researchDevelopment": {}, "sellingGeneralAdministrative": 14909400000, "nonRecurring": {}, "otherOperatingExpenses": 8324600000, "totalOperatingExpenses": 106141600000, "operatingIncome": 150832800000, "totalOtherIncomeExpenseNet": -56262800000, "ebit": 150832800000, "interestExpense": -59019500000, "incomeBeforeTax": 94570000000, "incomeTaxExpense": 20062700000, "minorityInterest": {}, "netIncomeFromContinuingOps": 74507300000, "discontinuedOperations": {}, "extraordinaryItems": {}, "effectOfAccountingCharges": {}, "otherItems": {}, "netIncome": 74507300000, "netIncomeApplicableToCommonShares": 74507300000}], "maxAge": 86400}, "fundOwnership": {"maxAge": 1, "ownershipList": [{"maxAge": 1, "reportDate": "2020-07-31", "organization": "Fidelity Series Emerging Markets Opportunities Fund", "pctHeld": 0.0072000003, "position": 37516093, "value": 6700374209}, {"maxAge": 1, "reportDate": "2020-07-31", "organization": "Vanguard International Stock Index-Total Intl Stock Indx", "pctHeld": 0.006, "position": 31347962, "value": 5598746013}, {"maxAge": 1, "reportDate": "2020-07-31", "organization": "Vanguard International Stock Index-Emerging Markets Stk", "pctHeld": 0.0047999998, "position": 24992062, "value": 4463582273}, {"maxAge": 1, "reportDate": "2020-07-31", "organization": "Vanguard Specialized-Energy Fund", "pctHeld": 0.0042, "position": 21922258, "value": 3915315278}, {"maxAge": 1, "reportDate": "2020-07-31", "organization": "Fidelity Emerging Markets Fund (US)", "pctHeld": 0.0039, "position": 20585700, "value": 3676606020}, {"maxAge": 1, "reportDate": "2020-07-31", "organization": "Vanguard Global Capital Cycles Fund", "pctHeld": 0.0031, "position": 16270602, "value": 2905929517}, {"maxAge": 1, "reportDate": "2020-07-31", "organization": "iShares Core MSCI Emerging Markets ETF", "pctHeld": 0.0026, "position": 13641794, "value": 2436424408}, {"maxAge": 1, "reportDate": "2020-08-31", "organization": "iShares MSCI India ETF", "pctHeld": 0.0021, "position": 10802957, "value": 1932649007}, {"maxAge": 1, "reportDate": "2020-06-30", "organization": "Brandes Emerging Markets  Value Fund", "pctHeld": 0.0014, "position": 7535312, "value": 1317926068}, {"maxAge": 1, "reportDate": "2020-08-31", "organization": "SEI Institutional Investment Tr-World Equity Ex-U.S. Fd", "pctHeld": 0.0014, "position": 7489613, "value": 1339891765}]}, "summaryDetail": {"maxAge": 1, "priceHint": 2, "previousClose": 220.15, "open": 217.0, "dayLow": 216.8, "dayHigh": 222.2, "regularMarketPreviousClose": 220.15, "regularMarketOpen": 217.0, "regularMarketDayLow": 216.8, "regularMarketDayHigh": 222.2, "trailingPE": 10.847056, "forwardPE": 10.700389, "volume": 168078, "regularMarketVolume": 168078, "averageVolume": 606149, "averageVolume10days": 387585, "averageDailyVolume10Day": 387585, "bid": 220.05, "ask": 220.35, "bidSize": 0, "askSize": 0, "marketCap": 1150949785600, "fiftyTwoWeekLow": 129.75, "fiftyTwoWeekHigh": 222.2, "fiftyDayAverage": 198.26323, "twoHundredDayAverage": 183.22389, "trailingAnnualDividendRate": 10.0, "trailingAnnualDividendYield": 0.045423575, "currency": "INR", "fromCurrency": null, "toCurrency": null, "lastMarket": null, "algorithm": null, "tradeable": false}, "sectorTrend": {"maxAge": 1, "symbol": null, "estimates": []}, "incomeStatementHistoryQuarterly": {"incomeStatementHistory": [{"maxAge": 1, "endDate": "2020-06-30", "totalRevenue": 94574000000, "costOfRevenue": 0, "grossProfit": 94574000000, "researchDevelopment": {}, "sellingGeneralAdministrative": 4862800000, "nonRecurring": {}, "otherOperatingExpenses": 6295000000, "totalOperatingExpenses": 40745900000, "operatingIncome": 53828100000, "totalOtherIncomeExpenseNet": -24764300000, "ebit": 53828100000, "interestExpense": -22027000000, "incomeBeforeTax": 29063800000, "incomeTaxExpense": 8579600000, "minorityInterest": {}, "netIncomeFromContinuingOps": 20484200000, "discontinuedOperations": {}, "extraordinaryItems": {}, "effectOfAccountingCharges": {}, "otherItems": {}, "netIncome": 20484200000, "netIncomeApplicableToCommonShares": 20484200000}, {"maxAge": 1, "endDate": "2020-03-31", "totalRevenue": 101482600000, "costOfRevenue": 7610900000, "grossProfit": 93871700000, "researchDevelopment": {}, "sellingGeneralAdministrative": 6618700000, "nonRecurring": {}, "otherOperatingExpenses": -4747800000, "totalOperatingExpenses": 39667800000, "operatingIncome": 61814800000, "totalOtherIncomeExpenseNet": -18483300000, "ebit": 61814800000, "interestExpense": -21077300000, "incomeBeforeTax": 43331500000, "incomeTaxExpense": 10196800000, "minorityInterest": {}, "netIncomeFromContinuingOps": 33134700000, "discontinuedOperations": {}, "extraordinaryItems": {}, "effectOfAccountingCharges": {}, "otherItems": {}, "netIncome": 33134700000, "netIncomeApplicableToCommonShares": 33134700000}, {"maxAge": 1, "endDate": "2019-12-31", "totalRevenue": 93643600000, "costOfRevenue": 0, "grossProfit": 93643600000, "researchDevelopment": {}, "sellingGeneralAdministrative": 4789200000, "nonRecurring": {}, "otherOperatingExpenses": 6384300000, "totalOperatingExpenses": 40485100000, "operatingIncome": 53158500000, "totalOtherIncomeExpenseNet": -18177900000, "ebit": 53158500000, "interestExpense": -23871000000, "incomeBeforeTax": 34980600000, "incomeTaxExpense": 8260300000, "minorityInterest": {}, "netIncomeFromContinuingOps": 26720300000, "discontinuedOperations": {}, "extraordinaryItems": {}, "effectOfAccountingCharges": {}, "otherItems": {}, "netIncome": 26720300000, "netIncomeApplicableToCommonShares": 26720300000}, {"maxAge": 1, "endDate": "2019-09-30", "totalRevenue": 90512900000, "costOfRevenue": 0, "grossProfit": 90512900000, "researchDevelopment": {}, "sellingGeneralAdministrative": 4848000000, "nonRecurring": {}, "otherOperatingExpenses": 6450300000, "totalOperatingExpenses": 40045000000, "operatingIncome": 50467900000, "totalOtherIncomeExpenseNet": -16903100000, "ebit": 50467900000, "interestExpense": -22988100000, "incomeBeforeTax": 33564800000, "incomeTaxExpense": 7853800000, "minorityInterest": {}, "netIncomeFromContinuingOps": 25711000000, "discontinuedOperations": {}, "extraordinaryItems": {}, "effectOfAccountingCharges": {}, "otherItems": {}, "netIncome": 25711000000, "netIncomeApplicableToCommonShares": 25711000000}], "maxAge": 86400}, "cashflowStatementHistoryQuarterly": {"cashflowStatements": [{"maxAge": 1, "endDate": "2020-06-30", "netIncome": 20484200000, "changeToLiabilities": 0}, {"maxAge": 1, "endDate": "2020-03-31", "netIncome": 33134700000, "changeToLiabilities": 0}, {"maxAge": 1, "endDate": "2019-12-31", "netIncome": 26720300000, "changeToLiabilities": 0}, {"maxAge": 1, "endDate": "2019-09-30", "netIncome": 25711000000, "changeToLiabilities": 0}], "maxAge": 86400}, "insiderHolders": {"holders": [{"maxAge": 1, "name": "Agarwal (Anil K)", "relation": "UNREPORTED", "url": "", "transactionDescription": "Sale", "latestTransDate": "2010-02-25", "positionDirect": 0, "positionDirectDate": "2010-02-25"}, {"maxAge": 1, "name": "Jain (Sandeep Kumar)", "relation": "UNREPORTED", "url": "", "transactionDescription": "Sale", "latestTransDate": "2014-05-16", "positionDirect": 5000, "positionDirectDate": "2014-05-16"}, {"maxAge": 1, "name": "Krishna Moorthy (R)", "relation": "UNREPORTED", "url": "", "transactionDescription": "Acquisition", "latestTransDate": "2013-03-28", "positionDirect": 286, "positionDirectDate": "2013-03-28"}, {"maxAge": 1, "name": "Life Insurance Corporation of India", "relation": "Institution- Corporation", "url": "", "transactionDescription": "Acquisition", "latestTransDate": "2011-11-28", "positionDirect": 231667824, "positionDirectDate": "2011-11-28"}, {"maxAge": 1, "name": "Mittal (Ajay Kumar)", "relation": "UNREPORTED", "url": "", "transactionDescription": "Acquisition", "latestTransDate": "2013-01-29", "positionDirect": 297, "positionDirectDate": "2013-01-29"}, {"maxAge": 1, "name": "Parihar (J K)", "relation": "UNREPORTED", "url": "", "transactionDescription": "Sale", "latestTransDate": "2015-01-16", "positionDirect": 728, "positionDirectDate": "2015-01-16"}], "maxAge": 1}, "earnings": {"maxAge": 86400, "earningsChart": {"quarterly": [{"date": "4Q2017", "actual": 4.09, "estimate": 4.23}, {"date": "1Q2018", "actual": 3.83, "estimate": 4.16}, {"date": "2Q2018", "actual": 4.28, "estimate": 4.3}, {"date": "3Q2018", "actual": 4.42, "estimate": 4.3}], "currentQuarterEstimateDate": "4Q", "currentQuarterEstimateYear": 2018, "earningsDate": []}, "financialsChart": {"yearly": [{"date": 2017, "revenue": 256974400000, "earnings": 74507300000}, {"date": 2018, "revenue": 299536200000, "earnings": 82040000000}, {"date": 2019, "revenue": 350591200000, "earnings": 100335200000}, {"date": 2020, "revenue": 377435400000, "earnings": 110594000000}], "quarterly": [{"date": "3Q2019", "revenue": 90512900000, "earnings": 25711000000}, {"date": "4Q2019", "revenue": 93643600000, "earnings": 26720300000}, {"date": "1Q2020", "revenue": 101482600000, "earnings": 33134700000}, {"date": "2Q2020", "revenue": 94574000000, "earnings": 20484200000}]}, "financialCurrency": "INR"}, "calendarEvents": {"maxAge": 1, "earnings": {"earningsDate": [], "revenueAverage": 84458000000, "revenueLow": 84458000000, "revenueHigh": 84458000000}}, "price": {"maxAge": 1, "regularMarketChangePercent": -0.00068132597, "regularMarketChange": -0.1499939, "regularMarketTime": "2021-04-30 15:55:23", "priceHint": 2, "regularMarketPrice": 220.0, "regularMarketDayHigh": 222.2, "regularMarketDayLow": 216.8, "regularMarketVolume": 168078, "averageDailyVolume10Day": 387585, "averageDailyVolume3Month": 606149, "regularMarketPreviousClose": 220.15, "regularMarketSource": "FREE_REALTIME", "regularMarketOpen": 217.0, "exchange": "BSE", "exchangeName": "BSE", "exchangeDataDelayedBy": 0, "marketState": "CLOSED", "quoteType": "EQUITY", "symbol": "POWERGRID.BO", "underlyingSymbol": null, "shortName": "POWER GRID CORPORATION OF INDI", "longName": "Power Grid Corporation of India Limited", "currency": "INR", "quoteSourceName": "Delayed Quote", "currencySymbol": "\u20b9", "fromCurrency": null, "toCurrency": null, "lastMarket": null, "marketCap": 1150949785600}, "balanceSheetHistory": {"balanceSheetStatements": [{"maxAge": 1, "endDate": "2020-03-31", "cash": 48401200000, "shortTermInvestments": 9283300000, "netReceivables": 106581500000, "inventory": 14334600000, "otherCurrentAssets": 2518700000, "totalCurrentAssets": 181119300000, "longTermInvestments": 14310800000, "propertyPlantEquipment": 2143542300000, "intangibleAssets": 19352800000, "otherAssets": 208207000000, "totalAssets": 2566532200000, "accountsPayable": 2293200000, "shortLongTermDebt": 98485300000, "otherCurrentLiab": 128624900000, "longTermDebt": 1389086100000, "otherLiab": 229543900000, "deferredLongTermLiab": 101230600000, "totalCurrentLiabilities": 300815800000, "totalLiab": 1919578700000, "commonStock": 52315900000, "retainedEarnings": 411612200000, "treasuryStock": 87242500000, "capitalSurplus": 95782900000, "otherStockholderEquity": 87242500000, "totalStockholderEquity": 646953500000, "netTangibleAssets": 627600700000}, {"maxAge": 1, "endDate": "2019-03-31", "cash": 36477300000, "shortTermInvestments": 11070600000, "netReceivables": 112685200000, "inventory": 12472500000, "otherCurrentAssets": 3913300000, "totalCurrentAssets": 176618900000, "longTermInvestments": 12964200000, "propertyPlantEquipment": 2084464600000, "intangibleAssets": 19241900000, "otherAssets": 180286300000, "totalAssets": 2473575900000, "accountsPayable": 3678200000, "shortLongTermDebt": 107468500000, "otherCurrentLiab": 128094200000, "longTermDebt": 1348170100000, "otherLiab": 208372600000, "deferredLongTermLiab": 80832700000, "totalCurrentLiabilities": 326149300000, "totalLiab": 1882692000000, "commonStock": 52315900000, "retainedEarnings": 342590300000, "treasuryStock": 100194800000, "capitalSurplus": 95782900000, "otherStockholderEquity": 100194800000, "totalStockholderEquity": 590883900000, "netTangibleAssets": 571642000000}, {"maxAge": 1, "endDate": "2018-03-31", "cash": 15348000000, "shortTermInvestments": 12775100000, "netReceivables": 77831300000, "inventory": 10493500000, "otherCurrentAssets": 5222100000, "totalCurrentAssets": 121670000000, "longTermInvestments": 12239700000, "propertyPlantEquipment": 1924352800000, "intangibleAssets": 14315300000, "otherAssets": 180582700000, "totalAssets": 2253160500000, "accountsPayable": 2923500000, "shortLongTermDebt": 77926400000, "otherCurrentLiab": 142782800000, "longTermDebt": 1227103200000, "otherLiab": 200738900000, "deferredLongTermLiab": 113042200000, "totalCurrentLiabilities": 281058500000, "totalLiab": 1708900600000, "commonStock": 52315900000, "retainedEarnings": 303376900000, "treasuryStock": 92784200000, "capitalSurplus": 95782900000, "otherStockholderEquity": 92784200000, "totalStockholderEquity": 544259900000, "netTangibleAssets": 529944600000}, {"maxAge": 1, "endDate": "2017-03-31", "cash": 32414500000, "shortTermInvestments": 7427800000, "netReceivables": 57727600000, "inventory": 9069500000, "otherCurrentAssets": 3109100000, "totalCurrentAssets": 109748500000, "longTermInvestments": 11624600000, "propertyPlantEquipment": 1746094400000, "intangibleAssets": 13327300000, "otherAssets": 75655200000, "totalAssets": 1956450000000, "accountsPayable": 4542900000, "shortLongTermDebt": 62347400000, "otherCurrentLiab": 132091300000, "longTermDebt": 1112531700000, "otherLiab": 92577100000, "deferredLongTermLiab": 1076000000, "totalCurrentLiabilities": 252686200000, "totalLiab": 1457795000000, "commonStock": 52315900000, "retainedEarnings": 268560300000, "treasuryStock": 81995900000, "capitalSurplus": 95782900000, "otherStockholderEquity": 81995900000, "totalStockholderEquity": 498655000000, "netTangibleAssets": 485327700000}], "maxAge": 86400}, "earningsTrend": {"trend": [{"maxAge": 1, "period": "0q", "endDate": "2018-12-31", "growth": {}, "earningsEstimate": {"avg": 0.0, "low": 0.0, "high": 0.0, "yearAgoEps": 4.09, "numberOfAnalysts": 0, "growth": {}}, "revenueEstimate": {"avg": 84458000000, "low": 84458000000, "high": 84458000000, "numberOfAnalysts": 1, "yearAgoRevenue": 75069500000, "growth": 0.125}, "epsTrend": {"current": 0.0, "7daysAgo": 4.28, "30daysAgo": 4.28, "60daysAgo": 4.28, "90daysAgo": 4.28}, "epsRevisions": {"upLast7days": 0, "upLast30days": 0, "downLast30days": 0, "downLast90days": {}}}, {"maxAge": 1, "period": "+1q", "endDate": "2019-03-31", "growth": {}, "earningsEstimate": {"avg": 0.0, "low": 0.0, "high": 0.0, "yearAgoEps": 3.83, "numberOfAnalysts": 0, "growth": {}}, "revenueEstimate": {"avg": 81246000000, "low": 81246000000, "high": 81246000000, "numberOfAnalysts": 1, "yearAgoRevenue": 78113200000, "growth": 0.04}, "epsTrend": {"current": 0.0, "7daysAgo": 5.87, "30daysAgo": 5.87, "60daysAgo": 5.87, "90daysAgo": 5.87}, "epsRevisions": {"upLast7days": 0, "upLast30days": 0, "downLast30days": 0, "downLast90days": {}}}, {"maxAge": 1, "period": "0y", "endDate": "2019-03-31", "growth": {}, "earningsEstimate": {"avg": 0.0, "low": 0.0, "high": 0.0, "yearAgoEps": {}, "numberOfAnalysts": 0, "growth": {}}, "revenueEstimate": {"avg": 342038000000, "low": 319755000000, "high": 361716000000, "numberOfAnalysts": 17, "yearAgoRevenue": 297525000000, "growth": 0.15}, "epsTrend": {"current": 0.0, "7daysAgo": 18.6, "30daysAgo": 18.6, "60daysAgo": 18.6, "90daysAgo": 18.6}, "epsRevisions": {"upLast7days": 0, "upLast30days": 0, "downLast30days": 0, "downLast90days": {}}}, {"maxAge": 1, "period": "+1y", "endDate": "2020-03-31", "growth": {}, "earningsEstimate": {"avg": 0.0, "low": 0.0, "high": 0.0, "yearAgoEps": {}, "numberOfAnalysts": 0, "growth": {}}, "revenueEstimate": {"avg": 378341000000, "low": 351851000000, "high": 402531000000, "numberOfAnalysts": 16, "yearAgoRevenue": 342038000000, "growth": 0.106000006}, "epsTrend": {"current": 0.0, "7daysAgo": 20.56, "30daysAgo": 20.56, "60daysAgo": 20.56, "90daysAgo": 20.56}, "epsRevisions": {"upLast7days": 0, "upLast30days": 0, "downLast30days": 0, "downLast90days": {}}}, {"maxAge": 1, "period": "+5y", "endDate": null, "growth": 0.1566, "earningsEstimate": {"avg": {}, "low": {}, "high": {}, "yearAgoEps": {}, "numberOfAnalysts": {}, "growth": {}}, "revenueEstimate": {"avg": {}, "low": {}, "high": {}, "numberOfAnalysts": {}, "yearAgoRevenue": {}, "growth": {}}, "epsTrend": {"current": {}, "7daysAgo": {}, "30daysAgo": {}, "60daysAgo": {}, "90daysAgo": {}}, "epsRevisions": {"upLast7days": {}, "upLast30days": {}, "downLast30days": {}, "downLast90days": {}}}, {"maxAge": 1, "period": "-5y", "endDate": null, "growth": {}, "earningsEstimate": {"avg": {}, "low": {}, "high": {}, "yearAgoEps": {}, "numberOfAnalysts": {}, "growth": {}}, "revenueEstimate": {"avg": {}, "low": {}, "high": {}, "numberOfAnalysts": {}, "yearAgoRevenue": {}, "growth": {}}, "epsTrend": {"current": {}, "7daysAgo": {}, "30daysAgo": {}, "60daysAgo": {}, "90daysAgo": {}}, "epsRevisions": {"upLast7days": {}, "upLast30days": {}, "downLast30days": {}, "downLast90days": {}}}], "maxAge": 1}, "financialData": {"maxAge": 86400, "currentPrice": 220.0, "targetHighPrice": 253.0, "targetLowPrice": 195.0, "targetMeanPrice": 229.13, "targetMedianPrice": 229.0, "recommendationKey": "none", "numberOfAnalystOpinions": 30, "grossProfits": 369824500000, "financialCurrency": "INR"}}}