{"PRABHAT.BO": {"recommendationTrend": {"trend": [{"period": "0m", "strongBuy": 0, "buy": 0, "hold": 0, "sell": 0, "strongSell": 0}, {"period": "-1m", "strongBuy": 0, "buy": 0, "hold": 0, "sell": 0, "strongSell": 0}, {"period": "-2m", "strongBuy": 0, "buy": 0, "hold": 0, "sell": 0, "strongSell": 0}, {"period": "-3m", "strongBuy": 0, "buy": 0, "hold": 0, "sell": 0, "strongSell": 0}], "maxAge": 86400}, "cashflowStatementHistory": {"cashflowStatements": [{"maxAge": 1, "endDate": "2020-03-31", "netIncome": -1091820000, "depreciation": 2012000, "changeToAccountReceivables": -1453806000, "changeToLiabilities": 1425619000, "changeToInventory": -13295000, "changeToOperatingActivities": 10802244000, "totalCashFromOperatingActivities": 9670954000, "capitalExpenditures": -230154000, "otherCashflowsFromInvestingActivities": -52783000, "totalCashflowsFromInvestingActivities": -282937000, "changeInCash": 9388017000}, {"maxAge": 1, "endDate": "2019-03-31", "netIncome": 488549000, "depreciation": 415042000, "changeToNetincome": 233707000, "changeToAccountReceivables": -662743000, "changeToLiabilities": 607529000, "changeToInventory": 306233000, "changeToOperatingActivities": -2546364000, "totalCashFromOperatingActivities": -1153443000, "capitalExpenditures": -700360000, "investments": 781596000, "otherCashflowsFromInvestingActivities": 53005000, "totalCashflowsFromInvestingActivities": 158974000, "netBorrowings": 3119927000, "otherCashflowsFromFinancingActivities": -349162000, "totalCashFromFinancingActivities": 2770765000, "changeInCash": 1776296000}, {"maxAge": 1, "endDate": "2018-03-31", "netIncome": 472752000, "depreciation": 484568000, "changeToNetincome": 216108000, "changeToAccountReceivables": 488717000, "changeToLiabilities": 134677000, "changeToInventory": 8415000, "changeToOperatingActivities": 370304000, "totalCashFromOperatingActivities": 2180541000, "capitalExpenditures": -692447000, "investments": -233648000, "otherCashflowsFromInvestingActivities": 31421000, "totalCashflowsFromInvestingActivities": -891582000, "dividendsPaid": -39075000, "netBorrowings": -1506563000, "otherCashflowsFromFinancingActivities": -345414000, "totalCashFromFinancingActivities": -1891052000, "changeInCash": -602093000}, {"maxAge": 1, "endDate": "2017-03-31", "netIncome": 469426000, "depreciation": 425790000, "changeToNetincome": 489650000, "changeToAccountReceivables": -447829000, "changeToLiabilities": 16544000, "changeToInventory": -453469000, "changeToOperatingActivities": -306761000, "totalCashFromOperatingActivities": 199583000, "capitalExpenditures": -394311000, "investments": -556597000, "otherCashflowsFromInvestingActivities": 1305000, "totalCashflowsFromInvestingActivities": -884307000, "dividendsPaid": -39070000, "netBorrowings": 2000693000, "otherCashflowsFromFinancingActivities": -302306000, "totalCashFromFinancingActivities": 1659317000, "changeInCash": 974593000}], "maxAge": 86400}, "institutionOwnership": {"maxAge": 1, "ownershipList": []}, "balanceSheetHistoryQuarterly": {"balanceSheetStatements": [{"maxAge": 1, "endDate": "2020-06-30", "totalStockholderEquity": 4707079000, "netTangibleAssets": 4707079000}, {"maxAge": 1, "endDate": "2020-03-31", "cash": 9468100000, "shortTermInvestments": 132321000, "netReceivables": 4721092000, "inventory": 15731000, "otherCurrentAssets": 12988173000, "totalCurrentAssets": 27325417000, "longTermInvestments": 300000000, "propertyPlantEquipment": 23119000, "totalAssets": 27648536000, "accountsPayable": 1555636000, "otherCurrentLiab": 20627258000, "totalCurrentLiabilities": 22941457000, "totalLiab": 22941457000, "commonStock": 976761000, "treasuryStock": 3730318000, "otherStockholderEquity": 3730318000, "totalStockholderEquity": 4707079000, "netTangibleAssets": 4707079000}, {"maxAge": 1, "endDate": "2019-12-31", "totalStockholderEquity": 8012333000, "netTangibleAssets": 8012333000}, {"maxAge": 1, "endDate": "2019-09-30", "cash": 11677448000, "shortTermInvestments": 78026000, "netReceivables": 602015000, "inventory": 28816000, "otherCurrentAssets": 15559679000, "totalCurrentAssets": 27945984000, "propertyPlantEquipment": 1085000, "otherAssets": -1000, "totalAssets": 27947068000, "accountsPayable": 58925000, "otherCurrentLiab": 19838254000, "totalCurrentLiabilities": 19934735000, "totalLiab": 19934735000, "commonStock": 976761000, "treasuryStock": 7035572000, "otherStockholderEquity": 7035572000, "totalStockholderEquity": 8012333000, "netTangibleAssets": 8012333000}], "maxAge": 86400}, "earningsHistory": {"history": [{"maxAge": 1, "epsActual": 1.52, "epsEstimate": 2.1, "epsDifference": -0.58, "surprisePercent": -0.276, "quarter": "2017-12-31", "period": "-4q"}, {"maxAge": 1, "epsActual": 2.25, "epsEstimate": 1.4, "epsDifference": 0.85, "surprisePercent": 0.607, "quarter": "2018-03-31", "period": "-3q"}, {"maxAge": 1, "epsActual": 1.14, "epsEstimate": 1.1, "epsDifference": 0.04, "surprisePercent": 0.036, "quarter": "2018-06-30", "period": "-2q"}, {"maxAge": 1, "epsActual": 1.27, "epsEstimate": 1.4, "epsDifference": -0.13, "surprisePercent": -0.093, "quarter": "2018-09-30", "period": "-1q"}], "maxAge": 86400}, "indexTrend": {"maxAge": 1, "symbol": "SP5", "peRatio": 19.7411, "pegRatio": 1.34172, "estimates": [{"period": "0q", "growth": 0.549}, {"period": "+1q", "growth": 0.431}, {"period": "0y", "growth": 0.305}, {"period": "+1y", "growth": 0.109}, {"period": "+5y", "growth": 0.120865}, {"period": "-5y"}]}, "industryTrend": {"maxAge": 1, "symbol": null, "estimates": []}, "insiderTransactions": {"transactions": [{"maxAge": 1, "shares": 200000, "filerUrl": "", "transactionText": "", "filerName": "Nirmal Family Trust", "filerRelation": "Promoter", "moneyText": "", "startDate": "2017-11-28", "ownership": "D"}, {"maxAge": 1, "shares": 225000, "filerUrl": "", "transactionText": "", "filerName": "Nirmal Family Trust", "filerRelation": "Promoter", "moneyText": "", "startDate": "2017-11-27", "ownership": "D"}, {"maxAge": 1, "shares": 354189, "filerUrl": "", "transactionText": "", "filerName": "Nirmal Family Trust", "filerRelation": "Promoter", "moneyText": "", "startDate": "2017-11-21", "ownership": "D"}, {"maxAge": 1, "shares": 350000, "filerUrl": "", "transactionText": "", "filerName": "Nirmal Family Trust", "filerRelation": "Promoter", "moneyText": "", "startDate": "2017-11-20", "ownership": "D"}, {"maxAge": 1, "shares": 225000, "filerUrl": "", "transactionText": "", "filerName": "Nirmal Family Trust", "filerRelation": "Promoter", "moneyText": "", "startDate": "2017-03-02", "ownership": "D"}, {"maxAge": 1, "shares": 4372912, "filerUrl": "", "transactionText": "", "filerName": "Nirmal Family Trust", "filerRelation": "Promoter", "moneyText": "", "startDate": "2017-02-28", "ownership": "D"}, {"maxAge": 1, "shares": 200000, "filerUrl": "", "transactionText": "", "filerName": "Nirmal Family Trust", "filerRelation": "Promoter", "moneyText": "", "startDate": "2016-03-02", "ownership": "D"}, {"maxAge": 1, "shares": 186800, "filerUrl": "", "transactionText": "", "filerName": "Nirmal Family Trust", "filerRelation": "Promoter", "moneyText": "", "startDate": "2016-03-01", "ownership": "D"}, {"maxAge": 1, "shares": 10000, "filerUrl": "", "transactionText": "", "filerName": "Gala (Amit)", "filerRelation": "Chief Financial Officer", "moneyText": "", "startDate": "2016-01-12", "ownership": "D"}, {"maxAge": 1, "shares": 10000, "filerUrl": "", "transactionText": "", "filerName": "Gala (Amit)", "filerRelation": "Chief Financial Officer", "moneyText": "", "startDate": "2016-01-08", "ownership": "D"}], "maxAge": 1}, "quoteType": {"exchange": "BSE", "quoteType": "EQUITY", "symbol": "PRABHAT.BO", "underlyingSymbol": "PRABHAT.BO", "shortName": "Prabhat Dairy Limited", "longName": "Prabhat Dairy Limited", "firstTradeDateEpochUtc": "2015-09-21 09:15:00", "timeZoneFullName": "Asia/Kolkata", "timeZoneShortName": "IST", "uuid": "bdf496ee-ed44-36db-a67e-48a2b6baf603", "messageBoardId": null, "gmtOffSetMilliseconds": 19800000, "maxAge": 1}, "incomeStatementHistory": {"incomeStatementHistory": [{"maxAge": 1, "endDate": "2020-03-31", "totalRevenue": 5929697000, "costOfRevenue": 5536654000, "grossProfit": 393043000, "researchDevelopment": {}, "sellingGeneralAdministrative": 63101000, "nonRecurring": {}, "otherOperatingExpenses": 1192980000, "totalOperatingExpenses": 6794747000, "operatingIncome": -865050000, "totalOtherIncomeExpenseNet": -2987000, "ebit": -865050000, "interestExpense": -2988000, "incomeBeforeTax": -868037000, "incomeTaxExpense": 223783000, "minorityInterest": {}, "netIncomeFromContinuingOps": -1091820000, "discontinuedOperations": {}, "extraordinaryItems": {}, "effectOfAccountingCharges": {}, "otherItems": {}, "netIncome": -1091820000, "netIncomeApplicableToCommonShares": -1091820000}, {"maxAge": 1, "endDate": "2019-03-31", "totalRevenue": 2387251000, "costOfRevenue": 2257544000, "grossProfit": 129707000, "researchDevelopment": {}, "sellingGeneralAdministrative": 18807000, "nonRecurring": {}, "otherOperatingExpenses": 80918000, "totalOperatingExpenses": 2357269000, "operatingIncome": 29982000, "totalOtherIncomeExpenseNet": -3874000, "ebit": 29982000, "interestExpense": -900000, "incomeBeforeTax": 26108000, "incomeTaxExpense": 26513000, "minorityInterest": {}, "netIncomeFromContinuingOps": -405000, "discontinuedOperations": 488954000, "extraordinaryItems": {}, "effectOfAccountingCharges": {}, "otherItems": {}, "netIncome": 488549000, "netIncomeApplicableToCommonShares": 488549000}, {"maxAge": 1, "endDate": "2018-03-31", "totalRevenue": 272051000, "costOfRevenue": 252244000, "grossProfit": 19807000, "researchDevelopment": {}, "sellingGeneralAdministrative": 6604000, "nonRecurring": {}, "otherOperatingExpenses": -1011000, "totalOperatingExpenses": 257837000, "operatingIncome": 14214000, "totalOtherIncomeExpenseNet": -1795000, "ebit": 14214000, "interestExpense": -900000, "incomeBeforeTax": 12419000, "incomeTaxExpense": 4298000, "minorityInterest": {}, "netIncomeFromContinuingOps": 8121000, "discontinuedOperations": 464631000, "extraordinaryItems": {}, "effectOfAccountingCharges": {}, "otherItems": {}, "netIncome": 472752000, "netIncomeApplicableToCommonShares": 472752000}, {"maxAge": 1, "endDate": "2017-03-31", "totalRevenue": 14100842000, "costOfRevenue": 11396417000, "grossProfit": 2704425000, "researchDevelopment": {}, "sellingGeneralAdministrative": 540303000, "nonRecurring": {}, "otherOperatingExpenses": 889054000, "totalOperatingExpenses": 13253445000, "operatingIncome": 847397000, "totalOtherIncomeExpenseNet": -104081000, "ebit": 847397000, "interestExpense": -266333000, "incomeBeforeTax": 743316000, "incomeTaxExpense": 273890000, "minorityInterest": {}, "netIncomeFromContinuingOps": 469426000, "discontinuedOperations": 464631000, "extraordinaryItems": {}, "effectOfAccountingCharges": {}, "otherItems": {}, "netIncome": 469426000, "netIncomeApplicableToCommonShares": 469426000}], "maxAge": 86400}, "fundOwnership": {"maxAge": 1, "ownershipList": []}, "summaryDetail": {"maxAge": 1, "priceHint": 2, "previousClose": 99.75, "open": 99.05, "dayLow": 99.05, "dayHigh": 99.8, "regularMarketPreviousClose": 99.75, "regularMarketOpen": 99.05, "regularMarketDayLow": 99.05, "regularMarketDayHigh": 99.8, "forwardPE": 13.163804, "volume": 2942, "regularMarketVolume": 2942, "averageVolume": 8893, "averageVolume10days": 4033, "averageDailyVolume10Day": 4033, "bid": 99.65, "ask": 99.75, "bidSize": 0, "askSize": 0, "marketCap": 9733423104, "fiftyTwoWeekLow": 41.0, "fiftyTwoWeekHigh": 99.8, "fiftyDayAverage": 73.333824, "twoHundredDayAverage": 66.56287, "currency": "INR", "fromCurrency": null, "toCurrency": null, "lastMarket": null, "algorithm": null, "tradeable": false}, "sectorTrend": {"maxAge": 1, "symbol": null, "estimates": []}, "incomeStatementHistoryQuarterly": {"incomeStatementHistory": [{"maxAge": 1, "endDate": "2020-06-30", "totalRevenue": 930389000, "costOfRevenue": 775678000, "grossProfit": 154711000, "researchDevelopment": {}, "sellingGeneralAdministrative": 15941000, "nonRecurring": {}, "otherOperatingExpenses": 15910000, "totalOperatingExpenses": 808129000, "operatingIncome": 122260000, "totalOtherIncomeExpenseNet": -1000, "ebit": 122260000, "interestExpense": {}, "incomeBeforeTax": 122259000, "incomeTaxExpense": 30565000, "minorityInterest": {}, "netIncomeFromContinuingOps": 91694000, "discontinuedOperations": {}, "extraordinaryItems": {}, "effectOfAccountingCharges": {}, "otherItems": {}, "netIncome": 91694000, "netIncomeApplicableToCommonShares": 91694000}, {"maxAge": 1, "endDate": "2020-03-31", "totalRevenue": 2029631000, "costOfRevenue": 2219997000, "grossProfit": -190366000, "researchDevelopment": {}, "sellingGeneralAdministrative": 23000000, "nonRecurring": {}, "otherOperatingExpenses": 1132538000, "totalOperatingExpenses": 3376165000, "operatingIncome": -1346534000, "totalOtherIncomeExpenseNet": 1000, "ebit": -1346534000, "interestExpense": {}, "incomeBeforeTax": -1346533000, "incomeTaxExpense": 59783000, "minorityInterest": {}, "netIncomeFromContinuingOps": -1406316000, "discontinuedOperations": {}, "extraordinaryItems": {}, "effectOfAccountingCharges": {}, "otherItems": {}, "netIncome": -1406316000, "netIncomeApplicableToCommonShares": -1406316000}, {"maxAge": 1, "endDate": "2019-12-31", "totalRevenue": 2188900000, "costOfRevenue": 1975027000, "grossProfit": 213873000, "researchDevelopment": {}, "sellingGeneralAdministrative": 17317000, "nonRecurring": {}, "otherOperatingExpenses": 33870000, "totalOperatingExpenses": 2027541000, "operatingIncome": 161359000, "totalOtherIncomeExpenseNet": 1000, "ebit": 161359000, "interestExpense": {}, "incomeBeforeTax": 161360000, "incomeTaxExpense": 59000000, "minorityInterest": {}, "netIncomeFromContinuingOps": 102360000, "discontinuedOperations": {}, "extraordinaryItems": {}, "effectOfAccountingCharges": {}, "otherItems": {}, "netIncome": 102360000, "netIncomeApplicableToCommonShares": 102360000}, {"maxAge": 1, "endDate": "2019-09-30", "totalRevenue": 809098000, "costOfRevenue": 634091000, "grossProfit": 175007000, "researchDevelopment": {}, "sellingGeneralAdministrative": 15534000, "nonRecurring": {}, "otherOperatingExpenses": 9081000, "totalOperatingExpenses": 658734000, "operatingIncome": 150364000, "totalOtherIncomeExpenseNet": 0, "ebit": 150364000, "interestExpense": {}, "incomeBeforeTax": 150364000, "incomeTaxExpense": 54000000, "minorityInterest": {}, "netIncomeFromContinuingOps": 96364000, "discontinuedOperations": {}, "extraordinaryItems": {}, "effectOfAccountingCharges": {}, "otherItems": {}, "netIncome": 96364000, "netIncomeApplicableToCommonShares": 96364000}], "maxAge": 86400}, "cashflowStatementHistoryQuarterly": {"cashflowStatements": [{"maxAge": 1, "endDate": "2020-06-30", "netIncome": 91694000, "changeToLiabilities": 0}, {"maxAge": 1, "endDate": "2020-03-31", "netIncome": -1406316000, "changeToLiabilities": 0}, {"maxAge": 1, "endDate": "2019-12-31", "netIncome": 102360000, "changeToLiabilities": 0}, {"maxAge": 1, "endDate": "2019-09-30", "netIncome": 96364000, "changeToLiabilities": 0}], "maxAge": 86400}, "insiderHolders": {"holders": [{"maxAge": 1, "name": "Gala (Amit)", "relation": "Chief Financial Officer", "url": "", "transactionDescription": "Acquisition", "latestTransDate": "2016-01-12", "positionDirect": 20000, "positionDirectDate": "2016-01-12"}, {"maxAge": 1, "name": "Nirmal Family Trust", "relation": "Promoter", "url": "", "transactionDescription": "Acquisition", "latestTransDate": "2017-11-28", "positionDirect": 45560584, "positionDirectDate": "2017-11-28"}], "maxAge": 1}, "earnings": {"maxAge": 86400, "earningsChart": {"quarterly": [{"date": "4Q2017", "actual": 1.52, "estimate": 2.1}, {"date": "1Q2018", "actual": 2.25, "estimate": 1.4}, {"date": "2Q2018", "actual": 1.14, "estimate": 1.1}, {"date": "3Q2018", "actual": 1.27, "estimate": 1.4}], "currentQuarterEstimateDate": "4Q", "currentQuarterEstimateYear": 2018, "earningsDate": ["2018-11-15 05:30:S"]}, "financialsChart": {"yearly": [{"date": 2017, "revenue": 14100842000, "earnings": 469426000}, {"date": 2018, "revenue": 272051000, "earnings": 472752000}, {"date": 2019, "revenue": 2387251000, "earnings": 488549000}, {"date": 2020, "revenue": 5929697000, "earnings": -1091820000}], "quarterly": [{"date": "3Q2019", "revenue": 809098000, "earnings": 96364000}, {"date": "4Q2019", "revenue": 2188900000, "earnings": 102360000}, {"date": "1Q2020", "revenue": 2029631000, "earnings": -1406316000}, {"date": "2Q2020", "revenue": 930389000, "earnings": 91694000}]}, "financialCurrency": "INR"}, "calendarEvents": {"maxAge": 1, "earnings": {"earningsDate": ["2018-11-15 05:30:S"]}}, "price": {"maxAge": 1, "regularMarketChangePercent": -0.001002491, "regularMarketChange": -0.099998474, "regularMarketTime": "2021-04-22 15:27:31", "priceHint": 2, "regularMarketPrice": 99.65, "regularMarketDayHigh": 99.8, "regularMarketDayLow": 99.05, "regularMarketVolume": 2942, "averageDailyVolume10Day": 4033, "averageDailyVolume3Month": 8893, "regularMarketPreviousClose": 99.75, "regularMarketSource": "FREE_REALTIME", "regularMarketOpen": 99.05, "exchange": "BSE", "exchangeName": "BSE", "exchangeDataDelayedBy": 0, "marketState": "CLOSED", "quoteType": "EQUITY", "symbol": "PRABHAT.BO", "underlyingSymbol": null, "shortName": "Prabhat Dairy Limited", "longName": "Prabhat Dairy Limited", "currency": "INR", "quoteSourceName": "Delayed Quote", "currencySymbol": "\u20b9", "fromCurrency": null, "toCurrency": null, "lastMarket": null, "marketCap": 9733423104}, "balanceSheetHistory": {"balanceSheetStatements": [{"maxAge": 1, "endDate": "2020-03-31", "cash": 9468100000, "shortTermInvestments": 132321000, "netReceivables": 4721092000, "inventory": 15731000, "otherCurrentAssets": 12988173000, "totalCurrentAssets": 27325417000, "longTermInvestments": 300000000, "propertyPlantEquipment": 23119000, "totalAssets": 27648536000, "accountsPayable": 1555636000, "otherCurrentLiab": 20627258000, "totalCurrentLiabilities": 22941457000, "totalLiab": 22941457000, "commonStock": 976761000, "treasuryStock": 3730318000, "otherStockholderEquity": 3730318000, "totalStockholderEquity": 4707079000, "netTangibleAssets": 4707079000}, {"maxAge": 1, "endDate": "2019-03-31", "cash": 69577000, "shortTermInvestments": 10500000, "netReceivables": 12012000, "inventory": 2436000, "otherCurrentAssets": 14366914000, "totalCurrentAssets": 14461439000, "otherAssets": 92970000, "deferredLongTermAssetCharges": 62425000, "totalAssets": 14554409000, "accountsPayable": 130016000, "otherCurrentLiab": 6611854000, "totalCurrentLiabilities": 6754212000, "totalLiab": 6754212000, "commonStock": 976761000, "retainedEarnings": 2433049000, "treasuryStock": 830255000, "capitalSurplus": 3560132000, "otherStockholderEquity": 830255000, "totalStockholderEquity": 7800197000, "netTangibleAssets": 7800197000}, {"maxAge": 1, "endDate": "2018-03-31", "cash": 489257000, "shortTermInvestments": 791644000, "netReceivables": 2414898000, "inventory": 1324117000, "otherCurrentAssets": 424810000, "totalCurrentAssets": 5457511000, "longTermInvestments": 14410000, "propertyPlantEquipment": 4534851000, "intangibleAssets": 3340000, "otherAssets": 421148000, "totalAssets": 10431260000, "accountsPayable": 674073000, "shortLongTermDebt": 87822000, "otherCurrentLiab": 168549000, "longTermDebt": 335666000, "otherLiab": 133479000, "totalCurrentLiabilities": 2653578000, "totalLiab": 3122723000, "commonStock": 976761000, "retainedEarnings": 1944500000, "treasuryStock": 827144000, "capitalSurplus": 3560132000, "otherStockholderEquity": 827144000, "totalStockholderEquity": 7308537000, "netTangibleAssets": 7305197000}, {"maxAge": 1, "endDate": "2017-03-31", "cash": 1091350000, "shortTermInvestments": 558628000, "netReceivables": 2881911000, "inventory": 1332532000, "otherCurrentAssets": 833923000, "totalCurrentAssets": 6706440000, "longTermInvestments": 11663000, "propertyPlantEquipment": 4408258000, "intangibleAssets": 7063000, "otherAssets": 352655000, "totalAssets": 11486079000, "accountsPayable": 537813000, "shortLongTermDebt": 4488000, "otherCurrentLiab": 249634000, "longTermDebt": 385952000, "otherLiab": 173078000, "totalCurrentLiabilities": 4044889000, "totalLiab": 4603919000, "commonStock": 976761000, "retainedEarnings": 1519000000, "treasuryStock": 826267000, "capitalSurplus": 3560132000, "otherStockholderEquity": 826267000, "totalStockholderEquity": 6882160000, "netTangibleAssets": 6875097000}], "maxAge": 86400}, "earningsTrend": {"trend": [{"maxAge": 1, "period": "0q", "endDate": "2018-12-31", "growth": {}, "earningsEstimate": {"avg": 0.0, "low": 0.0, "high": 0.0, "yearAgoEps": 1.52, "numberOfAnalysts": 0, "growth": {}}, "revenueEstimate": {"avg": 0, "low": 0, "high": 0, "numberOfAnalysts": 0, "yearAgoRevenue": {}, "growth": {}}, "epsTrend": {"current": 0.0, "7daysAgo": 0.0, "30daysAgo": 0.0, "60daysAgo": 0.0, "90daysAgo": 0.0}, "epsRevisions": {"upLast7days": 0, "upLast30days": 0, "downLast30days": 0, "downLast90days": {}}}, {"maxAge": 1, "period": "+1q", "endDate": "2019-03-31", "growth": {}, "earningsEstimate": {"avg": 0.0, "low": 0.0, "high": 0.0, "yearAgoEps": 2.25, "numberOfAnalysts": 0, "growth": {}}, "revenueEstimate": {"avg": 0, "low": 0, "high": 0, "numberOfAnalysts": 0, "yearAgoRevenue": {}, "growth": {}}, "epsTrend": {"current": 0.0, "7daysAgo": 0.0, "30daysAgo": 0.0, "60daysAgo": 0.0, "90daysAgo": 0.0}, "epsRevisions": {"upLast7days": 0, "upLast30days": 0, "downLast30days": 0, "downLast90days": {}}}, {"maxAge": 1, "period": "0y", "endDate": "2019-03-31", "growth": {}, "earningsEstimate": {"avg": 0.0, "low": 0.0, "high": 0.0, "yearAgoEps": {}, "numberOfAnalysts": 0, "growth": {}}, "revenueEstimate": {"avg": 17236700000, "low": 16848000000, "high": 17716000000, "numberOfAnalysts": 7, "yearAgoRevenue": 15540100000, "growth": 0.109}, "epsTrend": {"current": 0.0, "7daysAgo": 5.94, "30daysAgo": 5.94, "60daysAgo": 5.94, "90daysAgo": 5.94}, "epsRevisions": {"upLast7days": 0, "upLast30days": 0, "downLast30days": 0, "downLast90days": {}}}, {"maxAge": 1, "period": "+1y", "endDate": "2020-03-31", "growth": {}, "earningsEstimate": {"avg": 0.0, "low": 0.0, "high": 0.0, "yearAgoEps": {}, "numberOfAnalysts": 0, "growth": {}}, "revenueEstimate": {"avg": 19562300000, "low": 18796000000, "high": 20289000000, "numberOfAnalysts": 7, "yearAgoRevenue": 17236700000, "growth": 0.135}, "epsTrend": {"current": 0.0, "7daysAgo": 7.57, "30daysAgo": 7.57, "60daysAgo": 7.57, "90daysAgo": 7.57}, "epsRevisions": {"upLast7days": 0, "upLast30days": 0, "downLast30days": 0, "downLast90days": {}}}, {"maxAge": 1, "period": "+5y", "endDate": null, "growth": 0.006, "earningsEstimate": {"avg": {}, "low": {}, "high": {}, "yearAgoEps": {}, "numberOfAnalysts": {}, "growth": {}}, "revenueEstimate": {"avg": {}, "low": {}, "high": {}, "numberOfAnalysts": {}, "yearAgoRevenue": {}, "growth": {}}, "epsTrend": {"current": {}, "7daysAgo": {}, "30daysAgo": {}, "60daysAgo": {}, "90daysAgo": {}}, "epsRevisions": {"upLast7days": {}, "upLast30days": {}, "downLast30days": {}, "downLast90days": {}}}, {"maxAge": 1, "period": "-5y", "endDate": null, "growth": {}, "earningsEstimate": {"avg": {}, "low": {}, "high": {}, "yearAgoEps": {}, "numberOfAnalysts": {}, "growth": {}}, "revenueEstimate": {"avg": {}, "low": {}, "high": {}, "numberOfAnalysts": {}, "yearAgoRevenue": {}, "growth": {}}, "epsTrend": {"current": {}, "7daysAgo": {}, "30daysAgo": {}, "60daysAgo": {}, "90daysAgo": {}}, "epsRevisions": {"upLast7days": {}, "upLast30days": {}, "downLast30days": {}, "downLast90days": {}}}], "maxAge": 1}, "financialData": {"maxAge": 86400, "currentPrice": 99.65, "targetHighPrice": 220.0, "targetLowPrice": 116.0, "targetMeanPrice": 150.75, "targetMedianPrice": 135.0, "recommendationKey": "none", "numberOfAnalystOpinions": 8, "grossProfits": 393043000, "financialCurrency": "INR"}}}