{"PRAENG.BO": {"recommendationTrend": {"trend": [{"period": "0m", "strongBuy": 0, "buy": 0, "hold": 0, "sell": 0, "strongSell": 0}, {"period": "-1m", "strongBuy": 0, "buy": 0, "hold": 0, "sell": 0, "strongSell": 0}, {"period": "-2m", "strongBuy": 0, "buy": 0, "hold": 0, "sell": 0, "strongSell": 0}, {"period": "-3m", "strongBuy": 0, "buy": 0, "hold": 0, "sell": 0, "strongSell": 0}], "maxAge": 86400}, "cashflowStatementHistory": {"cashflowStatements": [{"maxAge": 1, "endDate": "2020-03-31", "netIncome": -52487000, "depreciation": 41316000, "changeToNetincome": 99713000, "changeToAccountReceivables": 166224000, "changeToLiabilities": -445884000, "changeToInventory": 243813000, "changeToOperatingActivities": 97562000, "totalCashFromOperatingActivities": 150257000, "capitalExpenditures": -64929000, "investments": -10000, "otherCashflowsFromInvestingActivities": 288000, "totalCashflowsFromInvestingActivities": -64651000, "netBorrowings": -8961000, "otherCashflowsFromFinancingActivities": -91831000, "totalCashFromFinancingActivities": -100792000, "changeInCash": -15186000}, {"maxAge": 1, "endDate": "2019-03-31", "netIncome": -143269000, "depreciation": 42421000, "changeToNetincome": 142822000, "changeToAccountReceivables": 153205000, "changeToLiabilities": -304673000, "changeToInventory": 218438000, "changeToOperatingActivities": 380863000, "totalCashFromOperatingActivities": 489859000, "capitalExpenditures": -306399000, "investments": 3450000, "otherCashflowsFromInvestingActivities": 578000, "totalCashflowsFromInvestingActivities": -302371000, "netBorrowings": -30157000, "otherCashflowsFromFinancingActivities": -159597000, "totalCashFromFinancingActivities": -189754000, "changeInCash": -2266000}, {"maxAge": 1, "endDate": "2018-03-31", "netIncome": -221380000, "depreciation": 50725000, "changeToNetincome": 204368000, "changeToAccountReceivables": 8447000, "changeToLiabilities": 317046000, "changeToInventory": -196006000, "changeToOperatingActivities": 166774000, "totalCashFromOperatingActivities": 329976000, "capitalExpenditures": -206808000, "investments": 2691000, "otherCashflowsFromInvestingActivities": 1192000, "totalCashflowsFromInvestingActivities": -202925000, "netBorrowings": 73758000, "otherCashflowsFromFinancingActivities": -196179000, "totalCashFromFinancingActivities": -122421000, "changeInCash": 4630000}, {"maxAge": 1, "endDate": "2017-03-31", "netIncome": -233040000, "depreciation": 57469000, "changeToNetincome": 158668000, "changeToAccountReceivables": 130722000, "changeToLiabilities": 366573000, "changeToInventory": 76682000, "changeToOperatingActivities": 4757000, "totalCashFromOperatingActivities": 561832000, "capitalExpenditures": -193180000, "investments": -2708000, "otherCashflowsFromInvestingActivities": 588000, "totalCashflowsFromInvestingActivities": -195300000, "netBorrowings": -187138000, "otherCashflowsFromFinancingActivities": -155289000, "totalCashFromFinancingActivities": -342427000, "changeInCash": 24105000}], "maxAge": 86400}, "institutionOwnership": {"maxAge": 1, "ownershipList": []}, "balanceSheetHistoryQuarterly": {"balanceSheetStatements": [{"maxAge": 1, "endDate": "2020-06-30", "totalStockholderEquity": 5746268000, "netTangibleAssets": 5643944000}, {"maxAge": 1, "endDate": "2020-03-31", "cash": 35955000, "shortTermInvestments": 10000, "netReceivables": 1915600000, "inventory": 5198386000, "otherCurrentAssets": 139595000, "totalCurrentAssets": 7289546000, "longTermInvestments": 567581000, "propertyPlantEquipment": 3934720000, "goodWill": 102178000, "intangibleAssets": 146000, "otherAssets": 384864000, "totalAssets": 12279035000, "accountsPayable": 1898342000, "otherCurrentLiab": 2869219000, "longTermDebt": 1440588000, "otherLiab": 142454000, "minorityInterest": 8232000, "totalCurrentLiabilities": 4941493000, "totalLiab": 6524535000, "commonStock": 699358000, "treasuryStock": 5046910000, "otherStockholderEquity": 5046910000, "totalStockholderEquity": 5746268000, "netTangibleAssets": 5643944000}, {"maxAge": 1, "endDate": "2019-12-31", "totalStockholderEquity": 5800513000, "netTangibleAssets": 5698164000}, {"maxAge": 1, "endDate": "2019-09-30", "cash": 40580000, "shortTermInvestments": 10000, "netReceivables": 2036281000, "inventory": 5429691000, "otherCurrentAssets": 185201000, "totalCurrentAssets": 7691763000, "longTermInvestments": 567603000, "propertyPlantEquipment": 3923202000, "goodWill": 102178000, "intangibleAssets": 171000, "otherAssets": 447557000, "totalAssets": 12732474000, "accountsPayable": 2214165000, "otherCurrentLiab": 2986781000, "longTermDebt": 1428883000, "otherLiab": 137632000, "minorityInterest": 9268000, "totalCurrentLiabilities": 5356178000, "totalLiab": 6922693000, "commonStock": 699558000, "treasuryStock": 5100955000, "otherStockholderEquity": 5100955000, "totalStockholderEquity": 5800513000, "netTangibleAssets": 5698164000}], "maxAge": 86400}, "earningsHistory": {"history": [{"maxAge": 1, "epsActual": {}, "epsEstimate": {}, "epsDifference": {}, "surprisePercent": {}, "quarter": {}, "period": "-4q"}, {"maxAge": 1, "epsActual": {}, "epsEstimate": {}, "epsDifference": {}, "surprisePercent": {}, "quarter": {}, "period": "-3q"}, {"maxAge": 1, "epsActual": {}, "epsEstimate": {}, "epsDifference": {}, "surprisePercent": {}, "quarter": {}, "period": "-2q"}, {"maxAge": 1, "epsActual": {}, "epsEstimate": {}, "epsDifference": {}, "surprisePercent": {}, "quarter": {}, "period": "-1q"}], "maxAge": 86400}, "indexTrend": {"maxAge": 1, "symbol": "SP5", "peRatio": 19.7411, "pegRatio": 1.34172, "estimates": [{"period": "0q", "growth": 0.549}, {"period": "+1q", "growth": 0.431}, {"period": "0y", "growth": 0.305}, {"period": "+1y", "growth": 0.109}, {"period": "+5y", "growth": 0.120865}, {"period": "-5y"}]}, "industryTrend": {"maxAge": 1, "symbol": null, "estimates": []}, "insiderTransactions": {"transactions": [{"maxAge": 1, "shares": 3004642, "filerUrl": "", "transactionText": "", "filerName": "Reddy (Hymavathi D)", "filerRelation": "Promoter", "moneyText": "", "startDate": "2019-10-14", "ownership": "D"}, {"maxAge": 1, "shares": 3004642, "filerUrl": "", "transactionText": "", "filerName": "Reddy (Vijay Sen D)", "filerRelation": "Executive Chairman", "moneyText": "", "startDate": "2019-10-14", "ownership": "D"}, {"maxAge": 1, "shares": 422539, "filerUrl": "", "transactionText": "", "filerName": "Reddy (Hymavathi D)", "filerRelation": "Promoter", "moneyText": "", "startDate": "2019-06-25", "ownership": "D"}, {"maxAge": 1, "shares": 422539, "filerUrl": "", "transactionText": "", "filerName": "Reddy (Vijay Sen D)", "filerRelation": "Executive Chairman", "moneyText": "", "startDate": "2019-06-25", "ownership": "D"}, {"maxAge": 1, "shares": 682505, "filerUrl": "", "transactionText": "", "filerName": "Reddy (Hymavathi D)", "filerRelation": "Promoter", "moneyText": "", "startDate": "2019-06-12", "ownership": "D"}, {"maxAge": 1, "shares": 682505, "filerUrl": "", "transactionText": "", "filerName": "Reddy (Vijay Sen D)", "filerRelation": "Executive Chairman", "moneyText": "", "startDate": "2019-06-12", "ownership": "D"}, {"maxAge": 1, "shares": 31787, "filerUrl": "", "transactionText": "", "filerName": "Reddy (Hymavathi D)", "filerRelation": "Promoter", "moneyText": "", "startDate": "2019-06-10", "ownership": "D"}, {"maxAge": 1, "shares": 31787, "filerUrl": "", "transactionText": "", "filerName": "Reddy (Vijay Sen D)", "filerRelation": "Promoter", "moneyText": "", "startDate": "2019-06-10", "ownership": "D"}, {"maxAge": 1, "shares": 264311, "filerUrl": "", "transactionText": "", "filerName": "Reddy (Hymavathi D)", "filerRelation": "Promoter", "moneyText": "", "startDate": "2019-05-24", "ownership": "D"}, {"maxAge": 1, "shares": 264311, "filerUrl": "", "transactionText": "", "filerName": "Reddy (Vijay Sen D)", "filerRelation": "Promoter", "moneyText": "", "startDate": "2019-05-24", "ownership": "D"}, {"maxAge": 1, "shares": 2598709, "filerUrl": "", "transactionText": "", "filerName": "Reddy (Hymavathi D)", "filerRelation": "Promoter", "moneyText": "", "startDate": "2019-05-14", "ownership": "D"}, {"maxAge": 1, "shares": 2598709, "filerUrl": "", "transactionText": "", "filerName": "Reddy (Vijay Sen D)", "filerRelation": "Promoter", "moneyText": "", "startDate": "2019-05-14", "ownership": "D"}, {"maxAge": 1, "shares": 414936, "filerUrl": "", "transactionText": "", "filerName": "Reddy (Hymavathi D)", "filerRelation": "Promoter", "moneyText": "", "startDate": "2019-05-07", "ownership": "D"}, {"maxAge": 1, "shares": 414936, "filerUrl": "", "transactionText": "", "filerName": "Vijmohan Construction Pvt. Ltd.", "filerRelation": "Promoter", "moneyText": "", "startDate": "2019-05-07", "ownership": "D"}, {"maxAge": 1, "shares": 0, "filerUrl": "", "transactionText": "", "filerName": "Reddy (Hymavathi D)", "filerRelation": "Promoter", "moneyText": "", "startDate": "2019-05-04", "ownership": "I"}, {"maxAge": 1, "shares": 0, "filerUrl": "", "transactionText": "", "filerName": "Vijmohan Construction Pvt. Ltd.", "filerRelation": "Promoter", "moneyText": "", "startDate": "2019-05-04", "ownership": "I"}, {"maxAge": 1, "shares": 7393608, "filerUrl": "", "transactionText": "", "filerName": "Reddy (Hymavathi D)", "filerRelation": "Promoter", "moneyText": "", "startDate": "2019-05-03", "ownership": "D"}, {"maxAge": 1, "shares": 414936, "filerUrl": "", "transactionText": "", "filerName": "Vijmohan Construction Pvt. Ltd.", "filerRelation": "Promoter", "moneyText": "", "startDate": "2019-05-03", "ownership": "D"}], "maxAge": 1}, "quoteType": {"exchange": "BSE", "quoteType": "EQUITY", "symbol": "PRAENG.BO", "underlyingSymbol": "PRAENG.BO", "shortName": "PRAJAY ENGINEERS SYNDICATE LTD", "longName": "Prajay Engineers Syndicate Limited", "firstTradeDateEpochUtc": "2002-01-10 09:15:00", "timeZoneFullName": "Asia/Kolkata", "timeZoneShortName": "IST", "uuid": "67a70066-c143-3df3-a863-3b5de3eb3cab", "messageBoardId": null, "gmtOffSetMilliseconds": 19800000, "maxAge": 1}, "incomeStatementHistory": {"incomeStatementHistory": [{"maxAge": 1, "endDate": "2020-03-31", "totalRevenue": 500456000, "costOfRevenue": 390670000, "grossProfit": 109786000, "researchDevelopment": {}, "sellingGeneralAdministrative": 32695000, "nonRecurring": {}, "otherOperatingExpenses": 26372000, "totalOperatingExpenses": 491053000, "operatingIncome": 9403000, "totalOtherIncomeExpenseNet": -53836000, "ebit": 9403000, "interestExpense": -51201000, "incomeBeforeTax": -44433000, "incomeTaxExpense": 9023000, "minorityInterest": 8232000, "netIncomeFromContinuingOps": -53456000, "discontinuedOperations": {}, "extraordinaryItems": {}, "effectOfAccountingCharges": {}, "otherItems": {}, "netIncome": -52487000, "netIncomeApplicableToCommonShares": -52487000}, {"maxAge": 1, "endDate": "2019-03-31", "totalRevenue": 488794000, "costOfRevenue": 372847000, "grossProfit": 115947000, "researchDevelopment": {}, "sellingGeneralAdministrative": 40182000, "nonRecurring": {}, "otherOperatingExpenses": 28256000, "totalOperatingExpenses": 483758000, "operatingIncome": 5036000, "totalOtherIncomeExpenseNet": -159606000, "ebit": 5036000, "interestExpense": -152680000, "incomeBeforeTax": -154570000, "incomeTaxExpense": -8996000, "minorityInterest": 9201000, "netIncomeFromContinuingOps": -145574000, "discontinuedOperations": {}, "extraordinaryItems": {}, "effectOfAccountingCharges": {}, "otherItems": {}, "netIncome": -143269000, "netIncomeApplicableToCommonShares": -143269000}, {"maxAge": 1, "endDate": "2018-03-31", "totalRevenue": 412137000, "costOfRevenue": 314019000, "grossProfit": 98118000, "researchDevelopment": {}, "sellingGeneralAdministrative": 45747000, "nonRecurring": {}, "otherOperatingExpenses": 25259000, "totalOperatingExpenses": 435752000, "operatingIncome": -23615000, "totalOtherIncomeExpenseNet": -190897000, "ebit": -23615000, "interestExpense": -184438000, "incomeBeforeTax": -214512000, "incomeTaxExpense": 7620000, "minorityInterest": 11506000, "netIncomeFromContinuingOps": -222132000, "discontinuedOperations": {}, "extraordinaryItems": {}, "effectOfAccountingCharges": {}, "otherItems": {}, "netIncome": -221380000, "netIncomeApplicableToCommonShares": -221380000}, {"maxAge": 1, "endDate": "2017-03-31", "totalRevenue": 685886000, "costOfRevenue": 599640000, "grossProfit": 86246000, "researchDevelopment": {}, "sellingGeneralAdministrative": 56617000, "nonRecurring": {}, "otherOperatingExpenses": 36354000, "totalOperatingExpenses": 750081000, "operatingIncome": -64195000, "totalOtherIncomeExpenseNet": -155135000, "ebit": -64195000, "interestExpense": -158073000, "incomeBeforeTax": -219330000, "incomeTaxExpense": 20416000, "minorityInterest": 12258000, "netIncomeFromContinuingOps": -239746000, "discontinuedOperations": {}, "extraordinaryItems": {}, "effectOfAccountingCharges": {}, "otherItems": {}, "netIncome": -233040000, "netIncomeApplicableToCommonShares": -233040000}], "maxAge": 86400}, "fundOwnership": {"maxAge": 1, "ownershipList": []}, "summaryDetail": {"maxAge": 1, "priceHint": 2, "previousClose": 8.79, "open": 9.7, "dayLow": 8.69, "dayHigh": 9.7, "regularMarketPreviousClose": 8.79, "regularMarketOpen": 9.7, "regularMarketDayLow": 8.69, "regularMarketDayHigh": 9.7, "volume": 4097, "regularMarketVolume": 4097, "averageVolume": 19745, "averageVolume10days": 9964, "averageDailyVolume10Day": 9964, "bid": 8.69, "ask": 8.91, "bidSize": 0, "askSize": 0, "marketCap": 623127936, "fiftyTwoWeekLow": 3.55, "fiftyTwoWeekHigh": 12.34, "fiftyDayAverage": 9.912941, "twoHundredDayAverage": 7.638235, "currency": "INR", "fromCurrency": null, "toCurrency": null, "lastMarket": null, "algorithm": null, "tradeable": false}, "sectorTrend": {"maxAge": 1, "symbol": null, "estimates": []}, "incomeStatementHistoryQuarterly": {"incomeStatementHistory": [{"maxAge": 1, "endDate": "2020-06-30", "totalRevenue": 34843000, "costOfRevenue": 22890000, "grossProfit": 11953000, "researchDevelopment": {}, "sellingGeneralAdministrative": 899000, "nonRecurring": {}, "otherOperatingExpenses": 639000, "totalOperatingExpenses": 34196000, "operatingIncome": 647000, "totalOtherIncomeExpenseNet": -14092000, "ebit": 647000, "interestExpense": -14062000, "incomeBeforeTax": -13445000, "incomeTaxExpense": 1625000, "minorityInterest": {}, "netIncomeFromContinuingOps": -15070000, "discontinuedOperations": {}, "extraordinaryItems": {}, "effectOfAccountingCharges": {}, "otherItems": {}, "netIncome": -15026000, "netIncomeApplicableToCommonShares": -15026000}, {"maxAge": 1, "endDate": "2020-03-31", "totalRevenue": 231965000, "costOfRevenue": 245198000, "grossProfit": -13233000, "researchDevelopment": {}, "sellingGeneralAdministrative": 7351000, "nonRecurring": {}, "otherOperatingExpenses": 10768000, "totalOperatingExpenses": 273601000, "operatingIncome": -41636000, "totalOtherIncomeExpenseNet": -10482000, "ebit": -41636000, "interestExpense": -13150000, "incomeBeforeTax": -52118000, "incomeTaxExpense": -963000, "minorityInterest": 8232000, "netIncomeFromContinuingOps": -51155000, "discontinuedOperations": {}, "extraordinaryItems": {}, "effectOfAccountingCharges": {}, "otherItems": {}, "netIncome": -50495000, "netIncomeApplicableToCommonShares": -50495000}, {"maxAge": 1, "endDate": "2019-12-31", "totalRevenue": 104734000, "costOfRevenue": 52140000, "grossProfit": 52594000, "researchDevelopment": {}, "sellingGeneralAdministrative": 8816000, "nonRecurring": {}, "otherOperatingExpenses": 13138000, "totalOperatingExpenses": 84577000, "operatingIncome": 20157000, "totalOtherIncomeExpenseNet": -17246000, "ebit": 20157000, "interestExpense": -13273000, "incomeBeforeTax": 2911000, "incomeTaxExpense": 5782000, "minorityInterest": 8232000, "netIncomeFromContinuingOps": -2871000, "discontinuedOperations": {}, "extraordinaryItems": {}, "effectOfAccountingCharges": {}, "otherItems": {}, "netIncome": -2495000, "netIncomeApplicableToCommonShares": -2495000}, {"maxAge": 1, "endDate": "2019-09-30", "totalRevenue": 45771000, "costOfRevenue": 24470000, "grossProfit": 21301000, "researchDevelopment": {}, "sellingGeneralAdministrative": 8335000, "nonRecurring": {}, "otherOperatingExpenses": 10309000, "totalOperatingExpenses": 53088000, "operatingIncome": -7317000, "totalOtherIncomeExpenseNet": -13462000, "ebit": -7317000, "interestExpense": -12497000, "incomeBeforeTax": -20779000, "incomeTaxExpense": -8513000, "minorityInterest": 9268000, "netIncomeFromContinuingOps": -12266000, "discontinuedOperations": {}, "extraordinaryItems": {}, "effectOfAccountingCharges": {}, "otherItems": {}, "netIncome": -12405000, "netIncomeApplicableToCommonShares": -12405000}], "maxAge": 86400}, "cashflowStatementHistoryQuarterly": {"cashflowStatements": [{"maxAge": 1, "endDate": "2020-06-30", "netIncome": -15026000, "changeToLiabilities": 0}, {"maxAge": 1, "endDate": "2020-03-31", "netIncome": -50495000, "changeToLiabilities": 0}, {"maxAge": 1, "endDate": "2019-12-31", "netIncome": -2495000, "changeToLiabilities": 0}, {"maxAge": 1, "endDate": "2019-09-30", "netIncome": -12405000, "changeToLiabilities": 0}], "maxAge": 86400}, "insiderHolders": {"holders": [{"maxAge": 1, "name": "Reddy (Hymavathi D)", "relation": "Promoter", "url": "", "transactionDescription": "Other", "latestTransDate": "2019-10-14", "positionDirect": 1233125, "positionDirectDate": "2019-10-14"}, {"maxAge": 1, "name": "Reddy (Vijay Sen D)", "relation": "Executive Chairman", "url": "", "transactionDescription": "Other", "latestTransDate": "2019-10-14", "positionDirect": 19319676, "positionDirectDate": "2019-10-14"}, {"maxAge": 1, "name": "Vijmohan Construction Pvt. Ltd.", "relation": "Promoter", "url": "", "transactionDescription": "Other", "latestTransDate": "2019-05-07", "positionDirect": 674936, "positionDirectDate": "2019-05-07"}], "maxAge": 1}, "earnings": {"maxAge": 86400, "earningsChart": {"quarterly": [], "earningsDate": ["2020-09-14 05:30:S"]}, "financialsChart": {"yearly": [{"date": 2017, "revenue": 685886000, "earnings": -233040000}, {"date": 2018, "revenue": 412137000, "earnings": -221380000}, {"date": 2019, "revenue": 488794000, "earnings": -143269000}, {"date": 2020, "revenue": 500456000, "earnings": -52487000}], "quarterly": [{"date": "3Q2019", "revenue": 45771000, "earnings": -12405000}, {"date": "4Q2019", "revenue": 104734000, "earnings": -2495000}, {"date": "1Q2020", "revenue": 231965000, "earnings": -50495000}, {"date": "2Q2020", "revenue": 34843000, "earnings": -15026000}]}, "financialCurrency": "INR"}, "calendarEvents": {"maxAge": 1, "earnings": {"earningsDate": ["2020-09-14 05:30:S"]}}, "price": {"maxAge": 1, "regularMarketChangePercent": 0.013651865, "regularMarketChange": 0.119999886, "regularMarketTime": "2021-04-30 14:33:26", "priceHint": 2, "regularMarketPrice": 8.91, "regularMarketDayHigh": 9.7, "regularMarketDayLow": 8.69, "regularMarketVolume": 4097, "averageDailyVolume10Day": 9964, "averageDailyVolume3Month": 19745, "regularMarketPreviousClose": 8.79, "regularMarketSource": "FREE_REALTIME", "regularMarketOpen": 9.7, "exchange": "BSE", "exchangeName": "BSE", "exchangeDataDelayedBy": 0, "marketState": "CLOSED", "quoteType": "EQUITY", "symbol": "PRAENG.BO", "underlyingSymbol": null, "shortName": "PRAJAY ENGINEERS SYNDICATE LTD", "longName": "Prajay Engineers Syndicate Limited", "currency": "INR", "quoteSourceName": "Delayed Quote", "currencySymbol": "\u20b9", "fromCurrency": null, "toCurrency": null, "lastMarket": null, "marketCap": 623127936}, "balanceSheetHistory": {"balanceSheetStatements": [{"maxAge": 1, "endDate": "2020-03-31", "cash": 35955000, "shortTermInvestments": 10000, "netReceivables": 1915600000, "inventory": 5198386000, "otherCurrentAssets": 139595000, "totalCurrentAssets": 7289546000, "longTermInvestments": 567581000, "propertyPlantEquipment": 3934720000, "goodWill": 102178000, "intangibleAssets": 146000, "otherAssets": 384864000, "totalAssets": 12279035000, "accountsPayable": 1898342000, "otherCurrentLiab": 2869219000, "longTermDebt": 1440588000, "otherLiab": 142454000, "minorityInterest": 8232000, "totalCurrentLiabilities": 4941493000, "totalLiab": 6524535000, "commonStock": 699358000, "treasuryStock": 5046910000, "otherStockholderEquity": 5046910000, "totalStockholderEquity": 5746268000, "netTangibleAssets": 5643944000}, {"maxAge": 1, "endDate": "2019-03-31", "cash": 51141000, "netReceivables": 2139070000, "inventory": 5626750000, "otherCurrentAssets": 184551000, "totalCurrentAssets": 7819759000, "longTermInvestments": 567651000, "propertyPlantEquipment": 3911057000, "goodWill": 102178000, "intangibleAssets": 197000, "otherAssets": 429245000, "totalAssets": 12830087000, "accountsPayable": 2255257000, "shortLongTermDebt": 442743000, "otherCurrentLiab": 792812000, "longTermDebt": 1425747000, "otherLiab": 133446000, "minorityInterest": 9201000, "totalCurrentLiabilities": 5469176000, "totalLiab": 7028369000, "commonStock": 699558000, "retainedEarnings": 697263000, "treasuryStock": 105888000, "capitalSurplus": 4289808000, "otherStockholderEquity": 105888000, "totalStockholderEquity": 5792517000, "netTangibleAssets": 5690142000}, {"maxAge": 1, "endDate": "2018-03-31", "cash": 53407000, "shortTermInvestments": 1493000, "netReceivables": 2297264000, "inventory": 5862514000, "totalCurrentAssets": 8217265000, "longTermInvestments": 569637000, "propertyPlantEquipment": 3647960000, "goodWill": 102178000, "intangibleAssets": 247000, "otherAssets": 500469000, "totalAssets": 13037756000, "accountsPayable": 2345780000, "shortLongTermDebt": 947755000, "otherCurrentLiab": 516206000, "longTermDebt": 1438899000, "otherLiab": 142861000, "minorityInterest": 11506000, "totalCurrentLiabilities": 5465647000, "totalLiab": 7047524000, "commonStock": 699358000, "retainedEarnings": 883672000, "treasuryStock": 105888000, "capitalSurplus": 4289808000, "otherStockholderEquity": 105888000, "totalStockholderEquity": 5978726000, "netTangibleAssets": 5876301000}, {"maxAge": 1, "endDate": "2017-03-31", "cash": 48776000, "shortTermInvestments": 1373000, "netReceivables": 2365164000, "inventory": 5677344000, "totalCurrentAssets": 8095532000, "longTermInvestments": 568480000, "propertyPlantEquipment": 3493838000, "goodWill": 102178000, "intangibleAssets": 91000, "otherAssets": 557261000, "totalAssets": 12817380000, "accountsPayable": 2202616000, "shortLongTermDebt": 1155899000, "otherCurrentLiab": 472264000, "longTermDebt": 1462184000, "otherLiab": 124367000, "minorityInterest": 12258000, "totalCurrentLiabilities": 5012928000, "totalLiab": 6604194000, "commonStock": 699358000, "retainedEarnings": 1105874000, "treasuryStock": 105888000, "capitalSurplus": 4289808000, "otherStockholderEquity": 105888000, "totalStockholderEquity": 6200928000, "netTangibleAssets": 6098659000}], "maxAge": 86400}, "earningsTrend": {"trend": [{"maxAge": 1, "period": "0q", "endDate": null, "growth": {}, "earningsEstimate": {"avg": 0.0, "low": 0.0, "high": 0.0, "yearAgoEps": {}, "numberOfAnalysts": 0, "growth": {}}, "revenueEstimate": {"avg": 0, "low": 0, "high": 0, "numberOfAnalysts": 0, "yearAgoRevenue": {}, "growth": {}}, "epsTrend": {"current": 0.0, "7daysAgo": 0.0, "30daysAgo": 0.0, "60daysAgo": 0.0, "90daysAgo": 0.0}, "epsRevisions": {"upLast7days": 0, "upLast30days": 0, "downLast30days": 0, "downLast90days": {}}}, {"maxAge": 1, "period": "+1q", "endDate": null, "growth": {}, "earningsEstimate": {"avg": 0.0, "low": 0.0, "high": 0.0, "yearAgoEps": {}, "numberOfAnalysts": 0, "growth": {}}, "revenueEstimate": {"avg": 0, "low": 0, "high": 0, "numberOfAnalysts": 0, "yearAgoRevenue": {}, "growth": {}}, "epsTrend": {"current": 0.0, "7daysAgo": 0.0, "30daysAgo": 0.0, "60daysAgo": 0.0, "90daysAgo": 0.0}, "epsRevisions": {"upLast7days": 0, "upLast30days": 0, "downLast30days": 0, "downLast90days": {}}}, {"maxAge": 1, "period": "0y", "endDate": null, "growth": {}, "earningsEstimate": {"avg": 0.0, "low": 0.0, "high": 0.0, "yearAgoEps": {}, "numberOfAnalysts": 0, "growth": {}}, "revenueEstimate": {"avg": 0, "low": 0, "high": 0, "numberOfAnalysts": 0, "yearAgoRevenue": {}, "growth": {}}, "epsTrend": {"current": 0.0, "7daysAgo": 0.0, "30daysAgo": 0.0, "60daysAgo": 0.0, "90daysAgo": 0.0}, "epsRevisions": {"upLast7days": 0, "upLast30days": 0, "downLast30days": 0, "downLast90days": {}}}, {"maxAge": 1, "period": "+1y", "endDate": null, "growth": {}, "earningsEstimate": {"avg": 0.0, "low": 0.0, "high": 0.0, "yearAgoEps": {}, "numberOfAnalysts": 0, "growth": {}}, "revenueEstimate": {"avg": 0, "low": 0, "high": 0, "numberOfAnalysts": 0, "yearAgoRevenue": {}, "growth": {}}, "epsTrend": {"current": 0.0, "7daysAgo": 0.0, "30daysAgo": 0.0, "60daysAgo": 0.0, "90daysAgo": 0.0}, "epsRevisions": {"upLast7days": 0, "upLast30days": 0, "downLast30days": 0, "downLast90days": {}}}, {"maxAge": 1, "period": "+5y", "endDate": null, "growth": {}, "earningsEstimate": {"avg": {}, "low": {}, "high": {}, "yearAgoEps": {}, "numberOfAnalysts": {}, "growth": {}}, "revenueEstimate": {"avg": {}, "low": {}, "high": {}, "numberOfAnalysts": {}, "yearAgoRevenue": {}, "growth": {}}, "epsTrend": {"current": {}, "7daysAgo": {}, "30daysAgo": {}, "60daysAgo": {}, "90daysAgo": {}}, "epsRevisions": {"upLast7days": {}, "upLast30days": {}, "downLast30days": {}, "downLast90days": {}}}, {"maxAge": 1, "period": "-5y", "endDate": null, "growth": {}, "earningsEstimate": {"avg": {}, "low": {}, "high": {}, "yearAgoEps": {}, "numberOfAnalysts": {}, "growth": {}}, "revenueEstimate": {"avg": {}, "low": {}, "high": {}, "numberOfAnalysts": {}, "yearAgoRevenue": {}, "growth": {}}, "epsTrend": {"current": {}, "7daysAgo": {}, "30daysAgo": {}, "60daysAgo": {}, "90daysAgo": {}}, "epsRevisions": {"upLast7days": {}, "upLast30days": {}, "downLast30days": {}, "downLast90days": {}}}], "maxAge": 1}, "financialData": {"maxAge": 86400, "currentPrice": 8.91, "recommendationKey": "none", "grossProfits": 109786000, "financialCurrency": "INR"}}}