{"PRAGBOS.BO": {"cashflowStatementHistory": {"cashflowStatements": [{"maxAge": 1, "endDate": "2020-03-31", "netIncome": -164957935, "depreciation": 44176875, "changeToNetincome": 60495431, "changeToAccountReceivables": 49087936, "changeToLiabilities": -29137721, "changeToInventory": 15328935, "changeToOperatingActivities": 1651198, "totalCashFromOperatingActivities": -23355281, "capitalExpenditures": -8674456, "investments": -3000000, "otherCashflowsFromInvestingActivities": 7068880, "totalCashflowsFromInvestingActivities": -4605576, "netBorrowings": 19451617, "otherCashflowsFromFinancingActivities": 13922280, "totalCashFromFinancingActivities": 33373897, "changeInCash": 5413040}, {"maxAge": 1, "endDate": "2019-03-31", "netIncome": -112793165, "depreciation": 42762978, "changeToNetincome": 10464401, "changeToAccountReceivables": 67257939, "changeToLiabilities": -34524613, "changeToInventory": 3869228, "changeToOperatingActivities": -40237624, "totalCashFromOperatingActivities": -63200856, "capitalExpenditures": -86593599, "investments": 16569983, "otherCashflowsFromInvestingActivities": 5869906, "totalCashflowsFromInvestingActivities": -64153710, "netBorrowings": 123642857, "otherCashflowsFromFinancingActivities": -13092521, "totalCashFromFinancingActivities": 124932356, "changeInCash": -2422210, "issuanceOfStock": 14382020}, {"maxAge": 1, "endDate": "2018-03-31", "netIncome": -212651221, "depreciation": 35531207, "changeToNetincome": 51654886, "changeToAccountReceivables": -155773584, "changeToLiabilities": 68814116, "changeToInventory": -668395, "changeToOperatingActivities": 36278166, "totalCashFromOperatingActivities": -176814825, "capitalExpenditures": -119292117, "investments": 138131688, "otherCashflowsFromInvestingActivities": 6147066, "totalCashflowsFromInvestingActivities": 24986637, "netBorrowings": 103957444, "otherCashflowsFromFinancingActivities": 15546876, "totalCashFromFinancingActivities": 134782160, "changeInCash": -17046028, "issuanceOfStock": 15277840}, {"maxAge": 1, "endDate": "2017-03-31", "netIncome": -184408808, "depreciation": 98547395, "changeToNetincome": 32921451, "changeToAccountReceivables": -11376957, "changeToLiabilities": 49789937, "changeToInventory": -13626941, "changeToOperatingActivities": -39679869, "totalCashFromOperatingActivities": -67833792, "capitalExpenditures": -223633196, "investments": -225097715, "otherCashflowsFromInvestingActivities": 20226364, "totalCashflowsFromInvestingActivities": -428504547, "netBorrowings": 98754728, "otherCashflowsFromFinancingActivities": -51229107, "totalCashFromFinancingActivities": 47525621, "changeInCash": -448812718, "issuanceOfStock": 15277840}], "maxAge": 86400}, "institutionOwnership": {"maxAge": 1, "ownershipList": []}, "balanceSheetHistoryQuarterly": {"balanceSheetStatements": [{"maxAge": 1, "endDate": "2020-06-30", "totalStockholderEquity": 686508554, "netTangibleAssets": 686508554}, {"maxAge": 1, "endDate": "2020-03-31", "cash": 9838155, "shortTermInvestments": 113184439, "netReceivables": 83930692, "inventory": 97143469, "otherCurrentAssets": 378884, "totalCurrentAssets": 304823035, "propertyPlantEquipment": 2213494233, "otherAssets": 223341133, "totalAssets": 2741658401, "accountsPayable": 34125824, "otherCurrentLiab": 11824170, "longTermDebt": 1610677562, "otherLiab": 279118497, "totalCurrentLiabilities": 165353788, "totalLiab": 2055149847, "commonStock": 769752070, "retainedEarnings": -1072268516, "treasuryStock": 831325000, "otherStockholderEquity": 831325000, "totalStockholderEquity": 528808554, "netTangibleAssets": 528808554}, {"maxAge": 1, "endDate": "2019-12-31", "totalStockholderEquity": 775780307, "netTangibleAssets": 775780307}, {"maxAge": 1, "endDate": "2019-09-30", "cash": 8486381, "shortTermInvestments": 110184439, "netReceivables": 67828798, "inventory": 93010710, "otherCurrentAssets": 6431978, "totalCurrentAssets": 285942306, "propertyPlantEquipment": 2231789482, "otherAssets": 229706512, "totalAssets": 2747438300, "accountsPayable": 33463149, "otherCurrentLiab": 20099513, "longTermDebt": 1577027057, "otherLiab": 235261681, "totalCurrentLiabilities": 159369255, "totalLiab": 1971657993, "commonStock": 744000000, "treasuryStock": 31780307, "otherStockholderEquity": 31780307, "totalStockholderEquity": 775780307, "netTangibleAssets": 775780307}], "maxAge": 86400}, "indexTrend": {"maxAge": 1, "symbol": "SP5", "peRatio": 19.7411, "pegRatio": 1.34172, "estimates": [{"period": "0q", "growth": 0.549}, {"period": "+1q", "growth": 0.431}, {"period": "0y", "growth": 0.305}, {"period": "+1y", "growth": 0.109}, {"period": "+5y", "growth": 0.120859005}, {"period": "-5y"}]}, "insiderTransactions": {"transactions": [{"maxAge": 1, "shares": 725500, "filerUrl": "", "transactionText": "", "filerName": "Adam (Ahmed Esmail)", "filerRelation": "Promoter", "moneyText": "", "startDate": "2018-02-19", "ownership": "D"}, {"maxAge": 1, "shares": 442000, "filerUrl": "", "transactionText": "", "filerName": "Vyas (Hemant B.)", "filerRelation": "Managing Director", "moneyText": "", "startDate": "2018-02-19", "ownership": "D"}, {"maxAge": 1, "shares": 248500, "filerUrl": "", "transactionText": "", "filerName": "Vyas (Vaishali H)", "filerRelation": "Promoter", "moneyText": "", "startDate": "2018-02-19", "ownership": "D"}, {"maxAge": 1, "shares": 4529221, "filerUrl": "", "transactionText": "", "filerName": "Vyas (Devila H)", "filerRelation": "Promoter", "moneyText": "", "startDate": "2018-01-16", "ownership": "D"}, {"maxAge": 1, "shares": 3310, "filerUrl": "", "transactionText": "", "filerName": "Bosimi (Prag)", "filerRelation": "Promoter", "moneyText": "", "startDate": "2017-09-20", "ownership": "D"}, {"maxAge": 1, "shares": 7300, "filerUrl": "", "transactionText": "", "filerName": "Akhilesh Mercantile Pvt Ltd", "filerRelation": "Promoter", "moneyText": "", "startDate": "2014-03-07", "ownership": "D"}, {"maxAge": 1, "shares": 11100, "filerUrl": "", "transactionText": "", "filerName": "Akhilesh Mercantile Pvt Ltd", "filerRelation": "Promoter", "moneyText": "", "startDate": "2014-02-26", "ownership": "D"}, {"maxAge": 1, "shares": 10800, "filerUrl": "", "transactionText": "", "filerName": "Akhilesh Mercantile Pvt Ltd", "filerRelation": "Promoter", "moneyText": "", "startDate": "2014-02-25", "ownership": "D"}, {"maxAge": 1, "shares": 14500, "filerUrl": "", "transactionText": "", "filerName": "Vyas (Devila H)", "filerRelation": "UNREPORTED", "moneyText": "", "startDate": "2011-07-26", "ownership": "D"}, {"maxAge": 1, "shares": 5500, "filerUrl": "", "transactionText": "", "filerName": "Vyas (Devila H)", "filerRelation": "UNREPORTED", "moneyText": "", "startDate": "2011-07-25", "ownership": "D"}], "maxAge": 1}, "quoteType": {"exchange": "BSE", "quoteType": "EQUITY", "symbol": "PRAGBOS.BO", "underlyingSymbol": "PRAGBOS.BO", "shortName": "PRAG BOSIMI SYNTHETICS LTD.", "longName": "Prag Bosimi Synthetics Limited", "firstTradeDateEpochUtc": "2000-09-28 09:15:00", "timeZoneFullName": "Asia/Kolkata", "timeZoneShortName": "IST", "uuid": "31e09a9b-20ef-3a33-ac2c-d854330483a3", "messageBoardId": null, "gmtOffSetMilliseconds": 19800000, "maxAge": 1}, "incomeStatementHistory": {"incomeStatementHistory": [{"maxAge": 1, "endDate": "2020-03-31", "totalRevenue": 177184135, "costOfRevenue": 131291814, "grossProfit": 45892321, "researchDevelopment": {}, "sellingGeneralAdministrative": 54268324, "nonRecurring": {}, "otherOperatingExpenses": 52302540, "totalOperatingExpenses": 282019561, "operatingIncome": -104835426, "totalOtherIncomeExpenseNet": -52665198, "ebit": -104835426, "interestExpense": -62696200, "incomeBeforeTax": -157500624, "incomeTaxExpense": 7457311, "minorityInterest": {}, "netIncomeFromContinuingOps": -164957935, "discontinuedOperations": {}, "extraordinaryItems": {}, "effectOfAccountingCharges": {}, "otherItems": {}, "netIncome": -164957935, "netIncomeApplicableToCommonShares": -164957935}, {"maxAge": 1, "endDate": "2019-03-31", "totalRevenue": 579515131, "costOfRevenue": 497395819, "grossProfit": 82119312, "researchDevelopment": {}, "sellingGeneralAdministrative": 59065331, "nonRecurring": {}, "otherOperatingExpenses": 82716101, "totalOperatingExpenses": 681920237, "operatingIncome": -102405106, "totalOtherIncomeExpenseNet": -10388059, "ebit": -102405106, "interestExpense": -19104290, "incomeBeforeTax": -112793165, "incomeTaxExpense": 0, "minorityInterest": {}, "netIncomeFromContinuingOps": -112793165, "discontinuedOperations": {}, "extraordinaryItems": {}, "effectOfAccountingCharges": {}, "otherItems": {}, "netIncome": -112793165, "netIncomeApplicableToCommonShares": -112793165}, {"maxAge": 1, "endDate": "2018-03-31", "totalRevenue": 231843063, "costOfRevenue": 204999818, "grossProfit": 26843245, "researchDevelopment": {}, "sellingGeneralAdministrative": 60168717, "nonRecurring": {}, "otherOperatingExpenses": 93132321, "totalOperatingExpenses": 393812071, "operatingIncome": -161969008, "totalOtherIncomeExpenseNet": -50682213, "ebit": -161969008, "interestExpense": -59075670, "incomeBeforeTax": -212651221, "incomeTaxExpense": 0, "minorityInterest": {}, "netIncomeFromContinuingOps": -212651221, "discontinuedOperations": {}, "extraordinaryItems": {}, "effectOfAccountingCharges": {}, "otherItems": {}, "netIncome": -212651221, "netIncomeApplicableToCommonShares": -212651221}, {"maxAge": 1, "endDate": "2017-03-31", "totalRevenue": 24870398, "costOfRevenue": 17577106, "grossProfit": 7293292, "researchDevelopment": {}, "sellingGeneralAdministrative": 40777022, "nonRecurring": {}, "otherOperatingExpenses": 19165902, "totalOperatingExpenses": 176047433, "operatingIncome": -151177035, "totalOtherIncomeExpenseNet": -33231773, "ebit": -151177035, "interestExpense": -61852269, "incomeBeforeTax": -184408808, "incomeTaxExpense": 0, "minorityInterest": {}, "netIncomeFromContinuingOps": -184408808, "discontinuedOperations": {}, "extraordinaryItems": {}, "effectOfAccountingCharges": {}, "otherItems": {}, "netIncome": -184408808, "netIncomeApplicableToCommonShares": -184408808}], "maxAge": 86400}, "fundOwnership": {"maxAge": 1, "ownershipList": []}, "summaryDetail": {"maxAge": 1, "priceHint": 4, "previousClose": 1.58, "open": 1.65, "dayLow": 1.51, "dayHigh": 1.65, "regularMarketPreviousClose": 1.58, "regularMarketOpen": 1.65, "regularMarketDayLow": 1.51, "regularMarketDayHigh": 1.65, "volume": 1615, "regularMarketVolume": 1615, "averageVolume": 4303, "averageVolume10days": 6742, "averageDailyVolume10Day": 6742, "bid": 1.51, "ask": 1.65, "bidSize": 0, "askSize": 0, "marketCap": 112318328, "fiftyTwoWeekLow": 1.51, "fiftyTwoWeekHigh": 3.5, "fiftyDayAverage": 2.1191428, "twoHundredDayAverage": 2.1374452, "currency": "INR", "fromCurrency": null, "toCurrency": null, "lastMarket": null, "algorithm": null, "tradeable": false}, "incomeStatementHistoryQuarterly": {"incomeStatementHistory": [{"maxAge": 1, "endDate": "2020-06-30", "totalRevenue": 2300000, "costOfRevenue": 2064000, "grossProfit": 236000, "researchDevelopment": {}, "sellingGeneralAdministrative": 8735000, "nonRecurring": {}, "otherOperatingExpenses": {}, "totalOperatingExpenses": 21783000, "operatingIncome": -19483000, "totalOtherIncomeExpenseNet": -10905000, "ebit": -19483000, "interestExpense": -12494000, "incomeBeforeTax": -30388000, "incomeTaxExpense": 0, "minorityInterest": {}, "netIncomeFromContinuingOps": -30388000, "discontinuedOperations": {}, "extraordinaryItems": {}, "effectOfAccountingCharges": {}, "otherItems": {}, "netIncome": -30388000, "netIncomeApplicableToCommonShares": -30388000}, {"maxAge": 1, "endDate": "2020-03-31", "totalRevenue": 70280135, "costOfRevenue": 38642814, "grossProfit": 31637321, "researchDevelopment": {}, "sellingGeneralAdministrative": -24420676, "nonRecurring": {}, "otherOperatingExpenses": 52302540, "totalOperatingExpenses": 78253561, "operatingIncome": -7973426, "totalOtherIncomeExpenseNet": -39329198, "ebit": -7973426, "interestExpense": -25136200, "incomeBeforeTax": -47302624, "incomeTaxExpense": 7457311, "minorityInterest": {}, "netIncomeFromContinuingOps": -54759935, "discontinuedOperations": {}, "extraordinaryItems": {}, "effectOfAccountingCharges": {}, "otherItems": {}, "netIncome": -54759935, "netIncomeApplicableToCommonShares": -54759935}, {"maxAge": 1, "endDate": "2019-12-31", "totalRevenue": 30565000, "costOfRevenue": 24030000, "grossProfit": 6535000, "researchDevelopment": {}, "sellingGeneralAdministrative": 24470000, "nonRecurring": {}, "otherOperatingExpenses": 52302540, "totalOperatingExpenses": 59499000, "operatingIncome": -28934000, "totalOtherIncomeExpenseNet": -5569000, "ebit": -28934000, "interestExpense": -12932000, "incomeBeforeTax": -34503000, "incomeTaxExpense": 0, "minorityInterest": {}, "netIncomeFromContinuingOps": -34503000, "discontinuedOperations": {}, "extraordinaryItems": {}, "effectOfAccountingCharges": {}, "otherItems": {}, "netIncome": -34503000, "netIncomeApplicableToCommonShares": -34503000}, {"maxAge": 1, "endDate": "2019-09-30", "totalRevenue": 23923000, "costOfRevenue": 15316000, "grossProfit": 8607000, "researchDevelopment": {}, "sellingGeneralAdministrative": 24535000, "nonRecurring": {}, "otherOperatingExpenses": 52302540, "totalOperatingExpenses": 50726000, "operatingIncome": -26803000, "totalOtherIncomeExpenseNet": -10272000, "ebit": -26803000, "interestExpense": -12841000, "incomeBeforeTax": -37075000, "incomeTaxExpense": 0, "minorityInterest": {}, "netIncomeFromContinuingOps": -37075000, "discontinuedOperations": {}, "extraordinaryItems": {}, "effectOfAccountingCharges": {}, "otherItems": {}, "netIncome": -37075000, "netIncomeApplicableToCommonShares": -37075000}], "maxAge": 86400}, "cashflowStatementHistoryQuarterly": {"cashflowStatements": [{"maxAge": 1, "endDate": "2020-06-30", "netIncome": -30388000, "changeToLiabilities": 0}, {"maxAge": 1, "endDate": "2020-03-31", "netIncome": -54759935, "changeToLiabilities": 0}, {"maxAge": 1, "endDate": "2019-12-31", "netIncome": -34503000, "changeToLiabilities": 0}, {"maxAge": 1, "endDate": "2019-09-30", "netIncome": -37075000, "changeToLiabilities": 0}], "maxAge": 86400}, "insiderHolders": {"holders": [{"maxAge": 1, "name": "Adam (Ahmed Esmail)", "relation": "Promoter", "url": "", "transactionDescription": "Sale", "latestTransDate": "2018-02-19", "positionDirect": 725500, "positionDirectDate": "2018-02-19"}, {"maxAge": 1, "name": "Akhilesh Mercantile Pvt Ltd", "relation": "Promoter", "url": "", "transactionDescription": "Acquisition", "latestTransDate": "2014-03-07", "positionDirect": 6428109, "positionDirectDate": "2014-03-07"}, {"maxAge": 1, "name": "Bosimi (Prag)", "relation": "Promoter", "url": "", "transactionDescription": "Acquisition", "latestTransDate": "2017-09-20", "positionDirect": 1044711, "positionDirectDate": "2017-09-20"}, {"maxAge": 1, "name": "Vyas (Devila H)", "relation": "Promoter", "url": "", "transactionDescription": "Acquisition", "latestTransDate": "2018-01-16", "positionDirect": 1214461, "positionDirectDate": "2018-01-16"}, {"maxAge": 1, "name": "Vyas (Hemant B.)", "relation": "Managing Director", "url": "", "transactionDescription": "Purchase", "latestTransDate": "2018-02-19", "positionDirect": 770475, "positionDirectDate": "2018-02-19"}, {"maxAge": 1, "name": "Vyas (Vaishali H)", "relation": "Promoter", "url": "", "transactionDescription": "Purchase", "latestTransDate": "2018-02-19", "positionDirect": 701297, "positionDirectDate": "2018-02-19"}], "maxAge": 1}, "calendarEvents": {"maxAge": 1, "earnings": {"earningsDate": ["2020-11-14 05:30:S", "2020-11-15 05:30:S"]}}, "price": {"maxAge": 1, "regularMarketChangePercent": -0.04430383, "regularMarketChange": -0.07000005, "regularMarketTime": "2021-04-30 13:34:06", "priceHint": 4, "regularMarketPrice": 1.51, "regularMarketDayHigh": 1.65, "regularMarketDayLow": 1.51, "regularMarketVolume": 1615, "averageDailyVolume10Day": 6742, "averageDailyVolume3Month": 4303, "regularMarketPreviousClose": 1.58, "regularMarketSource": "FREE_REALTIME", "regularMarketOpen": 1.65, "exchange": "BSE", "exchangeName": "BSE", "exchangeDataDelayedBy": 0, "marketState": "CLOSED", "quoteType": "EQUITY", "symbol": "PRAGBOS.BO", "underlyingSymbol": null, "shortName": "PRAG BOSIMI SYNTHETICS LTD.", "longName": "Prag Bosimi Synthetics Limited", "currency": "INR", "quoteSourceName": "Delayed Quote", "currencySymbol": "\u20b9", "fromCurrency": null, "toCurrency": null, "lastMarket": null, "marketCap": 112318328}, "balanceSheetHistory": {"balanceSheetStatements": [{"maxAge": 1, "endDate": "2020-03-31", "cash": 9838155, "shortTermInvestments": 113184439, "netReceivables": 83930692, "inventory": 97143469, "otherCurrentAssets": 378884, "totalCurrentAssets": 304823035, "propertyPlantEquipment": 2213494233, "otherAssets": 223341133, "totalAssets": 2741658401, "accountsPayable": 34125824, "otherCurrentLiab": 11824170, "longTermDebt": 1610677562, "otherLiab": 279118497, "totalCurrentLiabilities": 165353788, "totalLiab": 2055149847, "commonStock": 769752070, "retainedEarnings": -1072268516, "treasuryStock": 831325000, "otherStockholderEquity": 831325000, "totalStockholderEquity": 528808554, "netTangibleAssets": 528808554}, {"maxAge": 1, "endDate": "2019-03-31", "cash": 4425115, "shortTermInvestments": 110184439, "netReceivables": 144997816, "inventory": 112472404, "otherCurrentAssets": 378885, "totalCurrentAssets": 374270905, "propertyPlantEquipment": 2248996651, "otherAssets": 213573453, "totalAssets": 2836841009, "accountsPayable": 78518578, "otherCurrentLiab": 11849999, "longTermDebt": 1599613018, "otherLiab": 202702945, "totalCurrentLiabilities": 209066379, "totalLiab": 2011382342, "commonStock": 769752070, "retainedEarnings": -933318403, "treasuryStock": 831325000, "otherStockholderEquity": 831325000, "totalStockholderEquity": 667758667, "netTangibleAssets": 667758667}, {"maxAge": 1, "endDate": "2018-03-31", "cash": 6847325, "shortTermInvestments": 126754422, "netReceivables": 177323929, "inventory": 116341632, "otherCurrentAssets": 378884, "totalCurrentAssets": 429450478, "propertyPlantEquipment": 2223534361, "otherAssets": 241050853, "totalAssets": 2894035692, "accountsPayable": 121450538, "shortLongTermDebt": 15000000, "otherCurrentLiab": 10338905, "longTermDebt": 1471366204, "otherLiab": 213653211, "totalCurrentLiabilities": 285146465, "totalLiab": 1970165880, "commonStock": 755370050, "retainedEarnings": -820525238, "treasuryStock": 831325000, "otherStockholderEquity": 831325000, "totalStockholderEquity": 766169812, "netTangibleAssets": 766169812}, {"maxAge": 1, "endDate": "2017-03-31", "cash": 23893353, "shortTermInvestments": 264070735, "netReceivables": 50344099, "inventory": 115673237, "otherCurrentAssets": 378884, "totalCurrentAssets": 456983404, "propertyPlantEquipment": 2127373559, "otherAssets": 204485211, "totalAssets": 2788842174, "accountsPayable": 73328277, "shortLongTermDebt": 50000000, "otherCurrentLiab": 6054250, "longTermDebt": 1501710793, "otherLiab": 112195452, "totalCurrentLiabilities": 248740922, "totalLiab": 1862647167, "commonStock": 741289950, "retainedEarnings": -646419943, "treasuryStock": 831325000, "otherStockholderEquity": 831325000, "totalStockholderEquity": 926195007, "netTangibleAssets": 926195007}], "maxAge": 86400}, "financialData": {"maxAge": 86400, "currentPrice": 1.51, "recommendationKey": "none", "grossProfits": 45892321, "financialCurrency": "INR"}}}