{"PRAKASHSTL.NS": {"assetProfile": {"address1": "101, Shatrunjay Apartment", "address2": "1st Floor 28, Sindhi Lane Nanubhai Desai Road", "city": "Mumbai", "zip": "400004", "country": "India", "phone": "91 22 6613 4500", "fax": "91 22 6613 4599", "website": "http://www.prakashsteelage.com", "industry": "Steel", "sector": "Basic Materials", "longBusinessSummary": "Prakash Steelage Limited engages in the manufacture and sale of stainless steel welded pipes, tubes, and U-tubes in India and internationally. The company also trades in stainless steel products. Its customers include a set of industries, which comprise oil and gas, power, pharmaceutical, petrochemical, sugar, dairy, automobile, desalination, etc. The company was incorporated in 1991 and is based in Mumbai, India.", "fullTimeEmployees": 70, "companyOfficers": [{"maxAge": 1, "name": "Mr. Prakash Chhaganlal Kanugo", "age": 67, "title": "Founder, Exec. Chairman & MD", "yearBorn": 1953, "fiscalYear": 2020, "totalPay": 0, "exercisedValue": 0, "unexercisedValue": 0}, {"maxAge": 1, "name": "Mr. Ashok Seth Mafatlal", "age": 47, "title": "CFO & Whole time Director", "yearBorn": 1973, "fiscalYear": 2020, "totalPay": 0, "exercisedValue": 0, "unexercisedValue": 0}, {"maxAge": 1, "name": "Mr. Hemant Prakash Kanugo", "age": 41, "title": "Whole Time Director", "yearBorn": 1979, "fiscalYear": 2020, "totalPay": 0, "exercisedValue": 0, "unexercisedValue": 0}, {"maxAge": 1, "name": "Ms. Smita Shivdhari Singh", "title": "Company Sec. & Compliance Officer", "exercisedValue": 0, "unexercisedValue": 0}, {"maxAge": 1, "name": "Mr. Balkrishna  Utekar", "age": 44, "title": "Marketing Head", "yearBorn": 1976, "exercisedValue": 0, "unexercisedValue": 0}, {"maxAge": 1, "name": "Mr. Tarak P. Kavi", "age": 52, "title": "SVP - Plant, Head of Umbergaon Unit and Head of Technical Devel. Dept - Silvasa", "yearBorn": 1968, "exercisedValue": 0, "unexercisedValue": 0}, {"maxAge": 1, "name": "Mr. Kumar Shishir Sinha", "age": 54, "title": "Sr. VP of Marketing", "yearBorn": 1966, "exercisedValue": 0, "unexercisedValue": 0}], "compensationAsOfEpochDate": "2020-12-31 05:30:00", "maxAge": 86400}, "cashflowStatementHistory": {"cashflowStatements": [{"maxAge": 1, "endDate": "2020-03-31", "netIncome": -2380131, "depreciation": 20203295, "changeToNetincome": 32058509, "changeToAccountReceivables": 34248673, "changeToLiabilities": -143787897, "changeToInventory": -42255994, "changeToOperatingActivities": 103300936, "totalCashFromOperatingActivities": 1387391, "capitalExpenditures": -2587000, "otherCashflowsFromInvestingActivities": 253367, "totalCashflowsFromInvestingActivities": -2111493, "netBorrowings": 1062840, "otherCashflowsFromFinancingActivities": -485813, "totalCashFromFinancingActivities": 577027, "changeInCash": -147075}, {"maxAge": 1, "endDate": "2019-03-31", "netIncome": 137428324, "depreciation": 23634475, "changeToNetincome": -206581845, "changeToAccountReceivables": 67057729, "changeToLiabilities": -226906620, "changeToInventory": 8287929, "changeToOperatingActivities": -7657161, "totalCashFromOperatingActivities": -204737169, "capitalExpenditures": -1342613, "otherCashflowsFromInvestingActivities": 1199592, "totalCashflowsFromInvestingActivities": 204727208, "netBorrowings": -1056939, "otherCashflowsFromFinancingActivities": -308500, "totalCashFromFinancingActivities": -1365439, "changeInCash": -1375400}, {"maxAge": 1, "endDate": "2018-03-31", "netIncome": -2407633379, "depreciation": 28319089, "changeToNetincome": -90430664, "changeToAccountReceivables": 1126496666, "changeToLiabilities": -128613462, "changeToInventory": 110669338, "changeToOperatingActivities": 1366720363, "totalCashFromOperatingActivities": 5527951, "capitalExpenditures": -332427, "otherCashflowsFromInvestingActivities": 23282655, "totalCashflowsFromInvestingActivities": 39876512, "netBorrowings": -42971686, "otherCashflowsFromFinancingActivities": -523212, "totalCashFromFinancingActivities": -43494898, "changeInCash": 1909565}, {"maxAge": 1, "endDate": "2017-03-31", "netIncome": -1515555403, "depreciation": 29214555, "changeToNetincome": -93041625, "changeToAccountReceivables": 1612994894, "changeToLiabilities": -507534973, "changeToInventory": 271189367, "changeToOperatingActivities": -344824986, "totalCashFromOperatingActivities": -543544248, "capitalExpenditures": -150436504, "investments": 1000000, "otherCashflowsFromInvestingActivities": 175012214, "totalCashflowsFromInvestingActivities": 210256676, "netBorrowings": 442115883, "otherCashflowsFromFinancingActivities": -110555883, "totalCashFromFinancingActivities": 331560000, "changeInCash": -1727572}], "maxAge": 86400}, "institutionOwnership": {"ownershipList": [], "maxAge": 1}, "majorHoldersBreakdown": {"maxAge": 1, "insidersPercentHeld": 0.54059, "institutionsPercentHeld": 0.02185, "institutionsFloatPercentHeld": 0.04756, "institutionsCount": 1}, "balanceSheetHistoryQuarterly": {"balanceSheetStatements": [{"maxAge": 1, "endDate": "2020-12-31", "totalStockholderEquity": -2682750000, "netTangibleAssets": -2682750000}, {"maxAge": 1, "endDate": "2020-09-30", "cash": 4534000, "shortTermInvestments": 6116000, "netReceivables": 90180000, "inventory": 130329000, "otherCurrentAssets": 17716000, "totalCurrentAssets": 248875000, "longTermInvestments": 32470000, "propertyPlantEquipment": 100406000, "otherAssets": 3470000, "totalAssets": 385221000, "accountsPayable": 542067000, "otherCurrentLiab": 20512000, "otherLiab": 73866000, "totalCurrentLiabilities": 2994105000, "totalLiab": 3067971000, "commonStock": 175000000, "treasuryStock": -2857750000, "otherStockholderEquity": -2857750000, "totalStockholderEquity": -2682750000, "netTangibleAssets": -2682750000}, {"maxAge": 1, "endDate": "2020-06-30", "totalStockholderEquity": -2683497000, "netTangibleAssets": -2683497000}, {"maxAge": 1, "endDate": "2020-03-31", "cash": 619574, "netReceivables": 95347426, "inventory": 112486514, "otherCurrentAssets": 23215701, "totalCurrentAssets": 231956107, "longTermInvestments": 32470000, "propertyPlantEquipment": 108154424, "otherAssets": 5987379, "totalAssets": 378567910, "accountsPayable": 536319645, "otherCurrentLiab": 20773194, "otherLiab": 73342701, "totalCurrentLiabilities": 2988722598, "totalLiab": 3062065299, "commonStock": 175000390, "retainedEarnings": -3530087040, "capitalSurplus": 671589261, "totalStockholderEquity": -2683497389, "netTangibleAssets": -2683497389}], "maxAge": 86400}, "indexTrend": {"maxAge": 1, "symbol": "SP5", "peRatio": 19.7411, "pegRatio": 1.34172, "estimates": [{"period": "0q", "growth": 0.549}, {"period": "+1q", "growth": 0.431}, {"period": "0y", "growth": 0.305}, {"period": "+1y", "growth": 0.109}, {"period": "+5y", "growth": 0.120865}, {"period": "-5y"}]}, "defaultKeyStatistics": {"maxAge": 1, "priceHint": 4, "enterpriseValue": 2554957312, "profitMargins": -0.11022, "floatShares": 78804864, "sharesOutstanding": 175000000, "heldPercentInsiders": 0.54059, "heldPercentInstitutions": 0.02185, "beta": 0.633165, "category": null, "bookValue": -16.139, "fundFamily": null, "legalType": null, "lastFiscalYearEnd": "2020-03-31 05:30:00", "nextFiscalYearEnd": "2022-03-31 05:30:00", "mostRecentQuarter": "2020-12-31 05:30:00", "netIncomeToCommon": -26002132, "trailingEps": -0.149, "lastSplitFactor": "10:1", "lastSplitDate": "2016-03-03 05:30:00", "enterpriseToRevenue": 10.83, "enterpriseToEbitda": 233.964}, "summaryProfile": {"address1": "101, Shatrunjay Apartment", "address2": "1st Floor 28, Sindhi Lane Nanubhai Desai Road", "city": "Mumbai", "zip": "400004", "country": "India", "phone": "91 22 6613 4500", "fax": "91 22 6613 4599", "website": "http://www.prakashsteelage.com", "industry": "Steel", "sector": "Basic Materials", "longBusinessSummary": "Prakash Steelage Limited engages in the manufacture and sale of stainless steel welded pipes, tubes, and U-tubes in India and internationally. The company also trades in stainless steel products. Its customers include a set of industries, which comprise oil and gas, power, pharmaceutical, petrochemical, sugar, dairy, automobile, desalination, etc. The company was incorporated in 1991 and is based in Mumbai, India.", "fullTimeEmployees": 70, "companyOfficers": [], "maxAge": 86400}, "netSharePurchaseActivity": {"maxAge": 1, "period": "6m", "buyInfoCount": 0, "buyInfoShares": 0, "sellInfoCount": 0, "netInfoCount": 0, "netInfoShares": 0, "netPercentInsiderShares": 0.0, "totalInsiderShares": 98123088}, "insiderTransactions": {"transactions": [{"maxAge": 1, "shares": 6007, "filerUrl": "", "transactionText": "", "filerName": "Kanugo (Vimal Prakash)", "filerRelation": "Promoter", "moneyText": "", "startDate": "2014-02-04", "ownership": "D"}, {"maxAge": 1, "shares": 3580, "filerUrl": "", "transactionText": "", "filerName": "Kanugo (Vimal Prakash)", "filerRelation": "Promoter", "moneyText": "", "startDate": "2014-01-31", "ownership": "D"}, {"maxAge": 1, "shares": 1737, "filerUrl": "", "transactionText": "", "filerName": "Kanugo (Vimal Prakash)", "filerRelation": "Promoter", "moneyText": "", "startDate": "2014-01-30", "ownership": "D"}, {"maxAge": 1, "shares": 5761, "filerUrl": "", "transactionText": "", "filerName": "Kanugo (Vimal Prakash)", "filerRelation": "Promoter", "moneyText": "", "startDate": "2014-01-29", "ownership": "D"}, {"maxAge": 1, "shares": 1200, "filerUrl": "", "transactionText": "", "filerName": "Kanugo (Vimal Prakash)", "filerRelation": "Promoter", "moneyText": "", "startDate": "2014-01-28", "ownership": "D"}, {"maxAge": 1, "shares": 7944, "filerUrl": "", "transactionText": "", "filerName": "Kanugo (Vimal Prakash)", "filerRelation": "Promoter", "moneyText": "", "startDate": "2014-01-27", "ownership": "D"}, {"maxAge": 1, "shares": 258, "filerUrl": "", "transactionText": "", "filerName": "Kanugo (Vimal Prakash)", "filerRelation": "Promoter", "moneyText": "", "startDate": "2014-01-15", "ownership": "D"}, {"maxAge": 1, "shares": 2161, "filerUrl": "", "transactionText": "", "filerName": "Kanugo (Vimal Prakash)", "filerRelation": "Promoter", "moneyText": "", "startDate": "2014-01-14", "ownership": "D"}, {"maxAge": 1, "shares": 10381, "filerUrl": "", "transactionText": "", "filerName": "Kanugo (Vimal Prakash)", "filerRelation": "Promoter", "moneyText": "", "startDate": "2014-01-13", "ownership": "D"}, {"maxAge": 1, "shares": 616, "filerUrl": "", "transactionText": "", "filerName": "Kanugo (Vimal Prakash)", "filerRelation": "Promoter", "moneyText": "", "startDate": "2014-01-10", "ownership": "D"}, {"maxAge": 1, "shares": 4368, "filerUrl": "", "transactionText": "", "filerName": "Kanugo (Vimal Prakash)", "filerRelation": "Promoter", "moneyText": "", "startDate": "2014-01-09", "ownership": "D"}, {"maxAge": 1, "shares": 6522, "filerUrl": "", "transactionText": "", "filerName": "Kanugo (Babita Prakash)", "filerRelation": "Promoter", "moneyText": "", "startDate": "2014-01-09", "ownership": "D"}, {"maxAge": 1, "shares": 58, "filerUrl": "", "transactionText": "", "filerName": "Kanugo (Babita Prakash)", "filerRelation": "Promoter", "moneyText": "", "startDate": "2014-01-08", "ownership": "D"}, {"maxAge": 1, "shares": 11300, "filerUrl": "", "transactionText": "", "filerName": "Kanugo (Babita Prakash)", "filerRelation": "Promoter", "moneyText": "", "startDate": "2014-01-07", "ownership": "D"}, {"maxAge": 1, "shares": 1095, "filerUrl": "", "transactionText": "", "filerName": "Kanugo (Babita Prakash)", "filerRelation": "Promoter", "moneyText": "", "startDate": "2014-01-06", "ownership": "D"}, {"maxAge": 1, "shares": 11214, "filerUrl": "", "transactionText": "", "filerName": "Kanugo (Babita Prakash)", "filerRelation": "Promoter", "moneyText": "", "startDate": "2014-01-03", "ownership": "D"}, {"maxAge": 1, "shares": 609642, "filerUrl": "", "transactionText": "", "filerName": "Kanugo (Babita Prakash)", "filerRelation": "Promoter", "moneyText": "", "startDate": "2014-01-02", "ownership": "D"}, {"maxAge": 1, "shares": 10000, "filerUrl": "", "transactionText": "", "filerName": "Kanugo (Prakash Chhaganlal) HUF", "filerRelation": "Promoter", "moneyText": "", "startDate": "2014-01-02", "ownership": "D"}, {"maxAge": 1, "shares": 16356, "filerUrl": "", "transactionText": "", "filerName": "Kanugo (Prakash Chhaganlal) HUF", "filerRelation": "Promoter", "moneyText": "", "startDate": "2014-01-01", "ownership": "D"}, {"maxAge": 1, "shares": 10240, "filerUrl": "", "transactionText": "", "filerName": "Kanugo (Prakash Chhaganlal) HUF", "filerRelation": "Promoter", "moneyText": "", "startDate": "2013-12-31", "ownership": "D"}, {"maxAge": 1, "shares": 5013, "filerUrl": "", "transactionText": "", "filerName": "Kanugo (Prakash Chhaganlal) HUF", "filerRelation": "Promoter", "moneyText": "", "startDate": "2013-12-30", "ownership": "D"}, {"maxAge": 1, "shares": 26979, "filerUrl": "", "transactionText": "", "filerName": "Kanugo (Prakash Chhaganlal) HUF", "filerRelation": "Promoter", "moneyText": "", "startDate": "2013-12-27", "ownership": "D"}, {"maxAge": 1, "shares": 26359, "filerUrl": "", "transactionText": "", "filerName": "Kanugo (Prakash Chhaganlal) HUF", "filerRelation": "Promoter", "moneyText": "", "startDate": "2013-12-26", "ownership": "D"}, {"maxAge": 1, "shares": 15242, "filerUrl": "", "transactionText": "", "filerName": "Kanugo (Prakash Chhaganlal) HUF", "filerRelation": "Promoter", "moneyText": "", "startDate": "2013-12-20", "ownership": "D"}, {"maxAge": 1, "shares": 15248, "filerUrl": "", "transactionText": "", "filerName": "Kanugo (Prakash Chhaganlal) HUF", "filerRelation": "Promoter", "moneyText": "", "startDate": "2013-12-19", "ownership": "D"}, {"maxAge": 1, "shares": 15000, "filerUrl": "", "transactionText": "", "filerName": "Kanugo (Prakash C)", "filerRelation": "Executive Chairman", "moneyText": "", "startDate": "2012-10-04", "ownership": "D"}, {"maxAge": 1, "shares": 33700, "filerUrl": "", "transactionText": "", "filerName": "Kanugo (Prakash C)", "filerRelation": "Executive Chairman", "moneyText": "", "startDate": "2012-08-06", "ownership": "D"}, {"maxAge": 1, "shares": 30000, "filerUrl": "", "transactionText": "", "filerName": "Kanugo (Prakash C)", "filerRelation": "Executive Chairman", "moneyText": "", "startDate": "2012-07-31", "ownership": "D"}, {"maxAge": 1, "shares": 32000, "filerUrl": "", "transactionText": "", "filerName": "Kanugo (Prakash C)", "filerRelation": "Executive Chairman", "moneyText": "", "startDate": "2012-07-30", "ownership": "D"}, {"maxAge": 1, "shares": 20000, "filerUrl": "", "transactionText": "", "filerName": "Kanugo (Prakash C)", "filerRelation": "Executive Chairman", "moneyText": "", "startDate": "2012-07-20", "ownership": "D"}, {"maxAge": 1, "shares": 30000, "filerUrl": "", "transactionText": "", "filerName": "Kanugo (Prakash C)", "filerRelation": "Executive Chairman", "moneyText": "", "startDate": "2012-07-19", "ownership": "D"}, {"maxAge": 1, "shares": 321300, "filerUrl": "", "transactionText": "", "filerName": "Kanugo (Prakash C)", "filerRelation": "Executive Chairman", "moneyText": "", "startDate": "2011-02-02", "ownership": "D"}, {"maxAge": 1, "shares": 40000, "filerUrl": "", "transactionText": "", "filerName": "Pacific Corporate Services Ltd", "filerRelation": "Institution- Corporation", "moneyText": "", "startDate": "2010-12-08", "ownership": "D"}, {"maxAge": 1, "shares": 250099, "filerUrl": "", "transactionText": "", "filerName": "Pacific Corporate Services Ltd", "filerRelation": "Institution- Corporation", "moneyText": "", "startDate": "2010-12-03", "ownership": "D"}], "maxAge": 1}, "quoteType": {"exchange": "NSI", "quoteType": "EQUITY", "symbol": "PRAKASHSTL.NS", "underlyingSymbol": "PRAKASHSTL.NS", "shortName": "PRAKASH STEELAGE", "longName": "Prakash Steelage Limited", "firstTradeDateEpochUtc": "2010-08-25 09:15:00", "timeZoneFullName": "Asia/Kolkata", "timeZoneShortName": "IST", "uuid": "0b589952-783c-31c9-a241-511f16634605", "gmtOffSetMilliseconds": 19800000, "maxAge": 1}, "incomeStatementHistory": {"incomeStatementHistory": [{"maxAge": 1, "endDate": "2020-03-31", "totalRevenue": 325044249, "costOfRevenue": 200354206, "grossProfit": 124690043, "researchDevelopment": {}, "sellingGeneralAdministrative": 22030208, "nonRecurring": {}, "otherOperatingExpenses": 43400150, "totalOperatingExpenses": 285987859, "operatingIncome": 39056390, "totalOtherIncomeExpenseNet": -47472387, "ebit": 39056390, "interestExpense": -7272, "incomeBeforeTax": -8415997, "incomeTaxExpense": -6035866, "minorityInterest": {}, "netIncomeFromContinuingOps": -2380131, "discontinuedOperations": {}, "extraordinaryItems": {}, "effectOfAccountingCharges": {}, "otherItems": {}, "netIncome": -2380131, "netIncomeApplicableToCommonShares": -2380131}, {"maxAge": 1, "endDate": "2019-03-31", "totalRevenue": 429936064, "costOfRevenue": 272302322, "grossProfit": 157633742, "researchDevelopment": {}, "sellingGeneralAdministrative": 22233957, "nonRecurring": {}, "otherOperatingExpenses": 64060588, "totalOperatingExpenses": 382231342, "operatingIncome": 47704722, "totalOtherIncomeExpenseNet": 90262151, "ebit": 47704722, "interestExpense": -11407, "incomeBeforeTax": 137966873, "incomeTaxExpense": 538549, "minorityInterest": {}, "netIncomeFromContinuingOps": 137428324, "discontinuedOperations": {}, "extraordinaryItems": {}, "effectOfAccountingCharges": {}, "otherItems": {}, "netIncome": 137428324, "netIncomeApplicableToCommonShares": 137428324}, {"maxAge": 1, "endDate": "2018-03-31", "totalRevenue": 456435042, "costOfRevenue": 376814055, "grossProfit": 79620987, "researchDevelopment": {}, "sellingGeneralAdministrative": 26007041, "nonRecurring": {}, "otherOperatingExpenses": 28978694, "totalOperatingExpenses": 460118879, "operatingIncome": -3683837, "totalOtherIncomeExpenseNet": -2478986407, "ebit": -3683837, "interestExpense": -153205, "incomeBeforeTax": -2482670244, "incomeTaxExpense": -75036865, "minorityInterest": {}, "netIncomeFromContinuingOps": -2407633379, "discontinuedOperations": {}, "extraordinaryItems": {}, "effectOfAccountingCharges": {}, "otherItems": {}, "netIncome": -2407633379, "netIncomeApplicableToCommonShares": -2407633379}, {"maxAge": 1, "endDate": "2017-03-31", "totalRevenue": 1451369762, "costOfRevenue": 1811029676, "grossProfit": -359659914, "researchDevelopment": {}, "sellingGeneralAdministrative": 35792138, "nonRecurring": {}, "otherOperatingExpenses": 61065260, "totalOperatingExpenses": 1941115552, "operatingIncome": -489745790, "totalOtherIncomeExpenseNet": -1024859545, "ebit": -489745790, "interestExpense": -103753848, "incomeBeforeTax": -1514605335, "incomeTaxExpense": 950068, "minorityInterest": {}, "netIncomeFromContinuingOps": -1515555403, "discontinuedOperations": {}, "extraordinaryItems": {}, "effectOfAccountingCharges": {}, "otherItems": {}, "netIncome": -1515555403, "netIncomeApplicableToCommonShares": -1515555403}], "maxAge": 86400}, "fundOwnership": {"ownershipList": [], "maxAge": 1}, "summaryDetail": {"maxAge": 1, "priceHint": 4, "previousClose": 0.75, "open": 0.8, "dayLow": 0.75, "dayHigh": 0.8, "regularMarketPreviousClose": 0.75, "regularMarketOpen": 0.8, "regularMarketDayLow": 0.75, "regularMarketDayHigh": 0.8, "exDividendDate": "2015-09-21 05:30:00", "payoutRatio": 0.0, "beta": 0.633165, "volume": 270600, "regularMarketVolume": 270600, "averageVolume": 240014, "averageVolume10days": 244702, "averageDailyVolume10Day": 244702, "bid": 0.0, "ask": 0.0, "bidSize": 0, "askSize": 0, "marketCap": 141867200, "fiftyTwoWeekLow": 0.15, "fiftyTwoWeekHigh": 2.1, "priceToSalesTrailing12Months": 0.6013635, "fiftyDayAverage": 0.8090909, "twoHundredDayAverage": 0.79464287, "trailingAnnualDividendRate": 0.05, "trailingAnnualDividendYield": 0.06666667, "currency": "INR", "fromCurrency": null, "lastMarket": null, "algorithm": null, "tradeable": false}, "incomeStatementHistoryQuarterly": {"incomeStatementHistory": [{"maxAge": 1, "endDate": "2020-12-31", "totalRevenue": 63756000, "costOfRevenue": 65139000, "grossProfit": -1383000, "researchDevelopment": {}, "sellingGeneralAdministrative": 5400000, "nonRecurring": {}, "otherOperatingExpenses": 6384000, "totalOperatingExpenses": 80590000, "operatingIncome": -16834000, "totalOtherIncomeExpenseNet": -330000, "ebit": -16834000, "interestExpense": -330000, "incomeBeforeTax": -17164000, "incomeTaxExpense": 0, "minorityInterest": {}, "netIncomeFromContinuingOps": -17164000, "discontinuedOperations": {}, "extraordinaryItems": {}, "effectOfAccountingCharges": {}, "otherItems": {}, "netIncome": -17164000, "netIncomeApplicableToCommonShares": -17164000}, {"maxAge": 1, "endDate": "2020-09-30", "totalRevenue": 54591000, "costOfRevenue": 33868000, "grossProfit": 20723000, "researchDevelopment": {}, "sellingGeneralAdministrative": 5929000, "nonRecurring": {}, "otherOperatingExpenses": 3695000, "totalOperatingExpenses": 47595000, "operatingIncome": 6996000, "totalOtherIncomeExpenseNet": -347000, "ebit": 6996000, "interestExpense": -347000, "incomeBeforeTax": 6649000, "incomeTaxExpense": 0, "minorityInterest": {}, "netIncomeFromContinuingOps": 6649000, "discontinuedOperations": {}, "extraordinaryItems": {}, "effectOfAccountingCharges": {}, "otherItems": {}, "netIncome": 6649000, "netIncomeApplicableToCommonShares": 6649000}, {"maxAge": 1, "endDate": "2020-06-30", "totalRevenue": 36783000, "costOfRevenue": 25368000, "grossProfit": 11415000, "researchDevelopment": {}, "sellingGeneralAdministrative": 4320000, "nonRecurring": {}, "otherOperatingExpenses": 8611000, "totalOperatingExpenses": 42445000, "operatingIncome": -5662000, "totalOtherIncomeExpenseNet": -130000, "ebit": -5662000, "interestExpense": -130000, "incomeBeforeTax": -5792000, "incomeTaxExpense": 26000, "minorityInterest": {}, "netIncomeFromContinuingOps": -5818000, "discontinuedOperations": {}, "extraordinaryItems": {}, "effectOfAccountingCharges": {}, "otherItems": {}, "netIncome": -5818000, "netIncomeApplicableToCommonShares": -5818000}, {"maxAge": 1, "endDate": "2020-03-31", "totalRevenue": 80779249, "costOfRevenue": 49327206, "grossProfit": 31452043, "researchDevelopment": {}, "sellingGeneralAdministrative": 6659208, "nonRecurring": {}, "otherOperatingExpenses": 11618150, "totalOperatingExpenses": 71988859, "operatingIncome": 8790390, "totalOtherIncomeExpenseNet": -17890387, "ebit": 8790390, "interestExpense": -130000, "incomeBeforeTax": -9099997, "incomeTaxExpense": 566134, "minorityInterest": {}, "netIncomeFromContinuingOps": -9666131, "discontinuedOperations": {}, "extraordinaryItems": {}, "effectOfAccountingCharges": {}, "otherItems": {}, "netIncome": -9666131, "netIncomeApplicableToCommonShares": -9666131}], "maxAge": 86400}, "cashflowStatementHistoryQuarterly": {"cashflowStatements": [{"maxAge": 1, "endDate": "2020-12-31", "netIncome": -17164000, "changeToLiabilities": 0}, {"maxAge": 1, "endDate": "2020-09-30", "netIncome": 6649000, "changeToLiabilities": 0}, {"maxAge": 1, "endDate": "2020-06-30", "netIncome": -5818000, "changeToLiabilities": 0}, {"maxAge": 1, "endDate": "2020-03-31", "netIncome": -9666131, "changeToLiabilities": 0}], "maxAge": 86400}, "insiderHolders": {"holders": [{"maxAge": 1, "name": "Kanugo (Babita Prakash)", "relation": "Promoter", "url": "", "transactionDescription": "Acquisition", "latestTransDate": "2014-01-09", "positionDirect": 300075, "positionDirectDate": "2014-01-09"}, {"maxAge": 1, "name": "Kanugo (Prakash C)", "relation": "Executive Chairman", "url": "", "transactionDescription": "Acquisition", "latestTransDate": "2012-10-04", "positionDirect": 3783500, "positionDirectDate": "2012-10-04"}, {"maxAge": 1, "name": "Kanugo (Prakash Chhaganlal) HUF", "relation": "Promoter", "url": "", "transactionDescription": "Acquisition", "latestTransDate": "2014-01-02", "positionDirect": 260437, "positionDirectDate": "2014-01-02"}, {"maxAge": 1, "name": "Kanugo (Vimal Prakash)", "relation": "Promoter", "url": "", "transactionDescription": "Acquisition", "latestTransDate": "2014-02-04", "positionDirect": 505159, "positionDirectDate": "2014-02-04"}, {"maxAge": 1, "name": "Pacific Corporate Services Ltd", "relation": "Institution- Corporation", "url": "", "transactionDescription": "Sale", "latestTransDate": "2010-12-08", "positionDirect": 854232, "positionDirectDate": "2010-12-08"}], "maxAge": 1}, "calendarEvents": {"maxAge": 1, "earnings": {"earningsDate": []}, "exDividendDate": "2015-09-21 05:30:00"}, "upgradeDowngradeHistory": {"history": [], "maxAge": 86400}, "price": {"maxAge": 1, "regularMarketChangePercent": 0.066666685, "regularMarketChange": 0.050000012, "regularMarketTime": "2021-04-30 15:16:12", "priceHint": 4, "regularMarketPrice": 0.8, "regularMarketDayHigh": 0.8, "regularMarketDayLow": 0.75, "regularMarketVolume": 270600, "averageDailyVolume10Day": 244702, "averageDailyVolume3Month": 240014, "regularMarketPreviousClose": 0.75, "regularMarketSource": "FREE_REALTIME", "regularMarketOpen": 0.8, "exchange": "NSI", "exchangeName": "NSE", "exchangeDataDelayedBy": 15, "marketState": "CLOSED", "quoteType": "EQUITY", "symbol": "PRAKASHSTL.NS", "underlyingSymbol": null, "shortName": "PRAKASH STEELAGE", "longName": "Prakash Steelage Limited", "currency": "INR", "quoteSourceName": "Delayed Quote", "currencySymbol": "\u20b9", "fromCurrency": null, "lastMarket": null, "marketCap": 141867200}, "balanceSheetHistory": {"balanceSheetStatements": [{"maxAge": 1, "endDate": "2020-03-31", "cash": 619574, "netReceivables": 95347426, "inventory": 112486514, "otherCurrentAssets": 23215701, "totalCurrentAssets": 231956107, "longTermInvestments": 32470000, "propertyPlantEquipment": 108154424, "otherAssets": 5987379, "totalAssets": 378567910, "accountsPayable": 536319645, "otherCurrentLiab": 20773194, "otherLiab": 73342701, "totalCurrentLiabilities": 2988722598, "totalLiab": 3062065299, "commonStock": 175000390, "retainedEarnings": -3530087040, "capitalSurplus": 671589261, "totalStockholderEquity": -2683497389, "netTangibleAssets": -2683497389}, {"maxAge": 1, "endDate": "2019-03-31", "cash": 766649, "shortTermInvestments": 400000, "netReceivables": 175022536, "inventory": 70230520, "otherCurrentAssets": 100773121, "totalCurrentAssets": 347396785, "longTermInvestments": 32470000, "propertyPlantEquipment": 126121146, "otherAssets": 21535627, "totalAssets": 527523558, "accountsPayable": 680107543, "otherCurrentLiab": 26124013, "otherLiab": 71880005, "totalCurrentLiabilities": 3136594156, "totalLiab": 3208474161, "commonStock": 175000390, "retainedEarnings": -3527540254, "capitalSurplus": 671589261, "totalStockholderEquity": -2680950603, "netTangibleAssets": -2680950603}, {"maxAge": 1, "endDate": "2018-03-31", "cash": 2142049, "shortTermInvestments": 180000, "netReceivables": 235757767, "inventory": 78518449, "otherCurrentAssets": 121798978, "totalCurrentAssets": 438668200, "longTermInvestments": 32470000, "propertyPlantEquipment": 163017175, "otherAssets": 21308379, "totalAssets": 655463754, "accountsPayable": 938620336, "otherCurrentLiab": 31367362, "otherLiab": 72242827, "totalCurrentLiabilities": 3400977837, "totalLiab": 3473220664, "commonStock": 175000390, "retainedEarnings": -3664346561, "capitalSurplus": 671589261, "totalStockholderEquity": -2817756910, "netTangibleAssets": -2817756910}, {"maxAge": 1, "endDate": "2017-03-31", "cash": 232484, "shortTermInvestments": 1657075, "netReceivables": 1370111164, "inventory": 189187787, "otherCurrentAssets": 1514088132, "totalCurrentAssets": 3075880221, "longTermInvestments": 32470000, "propertyPlantEquipment": 193004697, "otherAssets": 1283311, "totalAssets": 3302638229, "accountsPayable": 1066091512, "otherCurrentLiab": 94454999, "otherLiab": 69151558, "totalCurrentLiabilities": 3642397311, "totalLiab": 3711548869, "commonStock": 175000390, "retainedEarnings": -1255500291, "capitalSurplus": 671589261, "totalStockholderEquity": -408910640, "netTangibleAssets": -408910640}], "maxAge": 86400}, "financialData": {"maxAge": 86400, "currentPrice": 0.8, "recommendationKey": "none", "totalCash": 10650000, "totalCashPerShare": 0.059, "ebitda": 10920300, "totalDebt": 2429474048, "totalRevenue": 235909248, "revenuePerShare": 1.352, "grossProfits": 124690043, "revenueGrowth": -0.297, "grossMargins": 0.26369, "ebitdaMargins": 0.046290003, "operatingMargins": -0.02844, "profitMargins": -0.11022, "financialCurrency": "INR"}}}