{"PRAKASH.BO": {"recommendationTrend": {"trend": [{"period": "0m", "strongBuy": 0, "buy": 0, "hold": 0, "sell": 0, "strongSell": 0}, {"period": "-1m", "strongBuy": 0, "buy": 0, "hold": 0, "sell": 0, "strongSell": 0}, {"period": "-2m", "strongBuy": 0, "buy": 0, "hold": 0, "sell": 0, "strongSell": 0}, {"period": "-3m", "strongBuy": 0, "buy": 0, "hold": 0, "sell": 0, "strongSell": 0}], "maxAge": 86400}, "cashflowStatementHistory": {"cashflowStatements": [{"maxAge": 1, "endDate": "2020-03-31", "netIncome": 1181900000, "depreciation": 1448700000, "changeToNetincome": 928900000, "changeToAccountReceivables": -451300000, "changeToLiabilities": 84400000, "changeToInventory": 964000000, "changeToOperatingActivities": -275400000, "totalCashFromOperatingActivities": 3881200000, "capitalExpenditures": -2490400000, "otherCashflowsFromInvestingActivities": 11600000, "totalCashflowsFromInvestingActivities": -2478300000, "dividendsPaid": -205500000, "netBorrowings": -963600000, "otherCashflowsFromFinancingActivities": -93200000, "totalCashFromFinancingActivities": -1262300000, "changeInCash": 140600000}, {"maxAge": 1, "endDate": "2019-03-31", "netIncome": 5392200000, "depreciation": 1339800000, "changeToNetincome": 765000000, "changeToAccountReceivables": -804200000, "changeToLiabilities": 289400000, "changeToInventory": -22200000, "changeToOperatingActivities": -500000, "totalCashFromOperatingActivities": 6959500000, "capitalExpenditures": -5351300000, "otherCashflowsFromInvestingActivities": -300000, "totalCashflowsFromInvestingActivities": -5348200000, "dividendsPaid": -205500000, "netBorrowings": -1278700000, "otherCashflowsFromFinancingActivities": -407900000, "totalCashFromFinancingActivities": -1686600000, "changeInCash": -75300000}, {"maxAge": 1, "endDate": "2018-03-31", "netIncome": 3862500000, "depreciation": 1209400000, "changeToNetincome": 353600000, "changeToAccountReceivables": -244000000, "changeToLiabilities": 445700000, "changeToInventory": -631000000, "changeToOperatingActivities": -233400000, "totalCashFromOperatingActivities": 4762800000, "capitalExpenditures": -4749600000, "otherCashflowsFromInvestingActivities": -54700000, "totalCashflowsFromInvestingActivities": -4798300000, "dividendsPaid": -205500000, "netBorrowings": 177100000, "otherCashflowsFromFinancingActivities": -73100000, "totalCashFromFinancingActivities": 104000000, "changeInCash": 68500000}, {"maxAge": 1, "endDate": "2017-03-31", "netIncome": 810000000, "depreciation": 1030300000, "changeToNetincome": 760200000, "changeToAccountReceivables": 35400000, "changeToLiabilities": 147100000, "changeToInventory": -51700000, "changeToOperatingActivities": -39000000, "totalCashFromOperatingActivities": 2692300000, "capitalExpenditures": -2288000000, "otherCashflowsFromInvestingActivities": -202100000, "totalCashflowsFromInvestingActivities": -2476700000, "dividendsPaid": -205500000, "netBorrowings": 224400000, "otherCashflowsFromFinancingActivities": -366400000, "totalCashFromFinancingActivities": -142000000, "changeInCash": 73600000}], "maxAge": 86400}, "institutionOwnership": {"maxAge": 1, "ownershipList": []}, "balanceSheetHistoryQuarterly": {"balanceSheetStatements": [{"maxAge": 1, "endDate": "2020-06-30", "totalStockholderEquity": 29041900000, "netTangibleAssets": 27946800000}, {"maxAge": 1, "endDate": "2020-03-31", "cash": 296800000, "netReceivables": 2708800000, "inventory": 1369100000, "otherCurrentAssets": 1181300000, "totalCurrentAssets": 5556000000, "propertyPlantEquipment": 30737200000, "intangibleAssets": 1095100000, "otherAssets": 1316700000, "deferredLongTermAssetCharges": 49300000, "totalAssets": 38705000000, "accountsPayable": 1440500000, "shortLongTermDebt": 667100000, "otherCurrentLiab": 466100000, "longTermDebt": 3690400000, "otherLiab": 469100000, "totalCurrentLiabilities": 5486400000, "totalLiab": 9663100000, "commonStock": 1712600000, "retainedEarnings": 22304700000, "treasuryStock": -9200000, "capitalSurplus": 5033800000, "otherStockholderEquity": -9200000, "totalStockholderEquity": 29041900000, "netTangibleAssets": 27946800000}, {"maxAge": 1, "endDate": "2019-12-31", "totalStockholderEquity": 29472100000, "netTangibleAssets": 29472100000}, {"maxAge": 1, "endDate": "2019-09-30", "cash": 541000000, "shortTermInvestments": 1105200000, "netReceivables": 1991200000, "inventory": 1918800000, "otherCurrentAssets": 1271800000, "totalCurrentAssets": 6828000000, "longTermInvestments": 596300000, "propertyPlantEquipment": 30793600000, "otherAssets": 1919400000, "deferredLongTermAssetCharges": 1261300000, "totalAssets": 40137300000, "accountsPayable": 1531600000, "otherCurrentLiab": 3418900000, "longTermDebt": 3872400000, "otherLiab": 428000000, "totalCurrentLiabilities": 6364800000, "totalLiab": 10665200000, "commonStock": 1712600000, "treasuryStock": 27759500000, "otherStockholderEquity": 27759500000, "totalStockholderEquity": 29472100000, "netTangibleAssets": 29472100000}], "maxAge": 86400}, "earningsHistory": {"history": [{"maxAge": 1, "epsActual": 0.95, "epsEstimate": -1.3, "epsDifference": 2.25, "surprisePercent": 1.7310001, "quarter": "2016-09-30", "period": "-4q"}, {"maxAge": 1, "epsActual": 2.29, "epsEstimate": 1.23, "epsDifference": 1.06, "surprisePercent": 0.862, "quarter": "2017-03-31", "period": "-3q"}, {"maxAge": 1, "epsActual": 4.29, "epsEstimate": 2.74, "epsDifference": 1.55, "surprisePercent": 0.566, "quarter": "2017-09-30", "period": "-2q"}, {"maxAge": 1, "epsActual": 6.6, "epsEstimate": 3.39, "epsDifference": 3.21, "surprisePercent": 0.94699997, "quarter": "2017-12-31", "period": "-1q"}], "maxAge": 86400}, "indexTrend": {"maxAge": 1, "symbol": "SP5", "peRatio": 19.7411, "pegRatio": 1.34172, "estimates": [{"period": "0q", "growth": 0.549}, {"period": "+1q", "growth": 0.431}, {"period": "0y", "growth": 0.305}, {"period": "+1y", "growth": 0.109}, {"period": "+5y", "growth": 0.120865}, {"period": "-5y"}]}, "industryTrend": {"maxAge": 1, "symbol": null, "estimates": []}, "insiderTransactions": {"transactions": [{"maxAge": 1, "shares": 25000, "value": 11700, "filerUrl": "", "transactionText": "Acquisition at price 0.47 per share.", "filerName": "Agarwal (Ved Prakash)", "filerRelation": "Executive Chairman", "moneyText": "", "startDate": "2020-06-30", "ownership": "D"}, {"maxAge": 1, "shares": 24500, "value": 11539, "filerUrl": "", "transactionText": "Acquisition at price 0.47 per share.", "filerName": "Agarwal (Ved Prakash)", "filerRelation": "Executive Chairman", "moneyText": "", "startDate": "2020-06-30", "ownership": "D"}, {"maxAge": 1, "shares": 96000, "filerUrl": "", "transactionText": "", "filerName": "Agarwal (Mohini)", "filerRelation": "Promoter", "moneyText": "", "startDate": "2019-12-27", "ownership": "D"}, {"maxAge": 1, "shares": 96000, "filerUrl": "", "transactionText": "", "filerName": "Aircon Systems India Pvt Ltd", "filerRelation": "Promoter", "moneyText": "", "startDate": "2019-12-27", "ownership": "D"}, {"maxAge": 1, "shares": 5200000, "filerUrl": "", "transactionText": "", "filerName": "Agarwal (Mohini)", "filerRelation": "Promoter", "moneyText": "", "startDate": "2019-12-24", "ownership": "D"}, {"maxAge": 1, "shares": 5200000, "filerUrl": "", "transactionText": "", "filerName": "Vanshi Farms Pvt. Ltd.", "filerRelation": "Promoter", "moneyText": "", "startDate": "2019-12-24", "ownership": "D"}, {"maxAge": 1, "shares": 7917023, "filerUrl": "", "transactionText": "", "filerName": "Agarwal (Ved Prakash)", "filerRelation": "Executive Chairman", "moneyText": "", "startDate": "2019-06-13", "ownership": "D"}], "maxAge": 1}, "quoteType": {"exchange": "BSE", "quoteType": "EQUITY", "symbol": "PRAKASH.BO", "underlyingSymbol": "PRAKASH.BO", "shortName": "PRAKASH INDUSTRIES LTD.", "longName": "Prakash Industries Limited", "firstTradeDateEpochUtc": "2002-06-11 09:15:00", "timeZoneFullName": "Asia/Kolkata", "timeZoneShortName": "IST", "uuid": "36ba34b5-32b6-37be-8fd7-f1b27b17952f", "messageBoardId": null, "gmtOffSetMilliseconds": 19800000, "maxAge": 1}, "incomeStatementHistory": {"incomeStatementHistory": [{"maxAge": 1, "endDate": "2020-03-31", "totalRevenue": 29738500000, "costOfRevenue": 20629200000, "grossProfit": 9109300000, "researchDevelopment": {}, "sellingGeneralAdministrative": 2433000000, "nonRecurring": {}, "otherOperatingExpenses": 3185700000, "totalOperatingExpenses": 27696600000, "operatingIncome": 2041900000, "totalOtherIncomeExpenseNet": -860000000, "ebit": 2041900000, "interestExpense": -920000000, "incomeBeforeTax": 1181900000, "incomeTaxExpense": 0, "minorityInterest": {}, "netIncomeFromContinuingOps": 1181900000, "discontinuedOperations": {}, "extraordinaryItems": {}, "effectOfAccountingCharges": {}, "otherItems": {}, "netIncome": 1181900000, "netIncomeApplicableToCommonShares": 1181900000}, {"maxAge": 1, "endDate": "2019-03-31", "totalRevenue": 35881700000, "costOfRevenue": 22132900000, "grossProfit": 13748800000, "researchDevelopment": {}, "sellingGeneralAdministrative": 2124500000, "nonRecurring": {}, "otherOperatingExpenses": 3751100000, "totalOperatingExpenses": 29348300000, "operatingIncome": 6533400000, "totalOtherIncomeExpenseNet": -1006900000, "ebit": 6533400000, "interestExpense": -1000600000, "incomeBeforeTax": 5526500000, "incomeTaxExpense": 134300000, "minorityInterest": {}, "netIncomeFromContinuingOps": 5392200000, "discontinuedOperations": {}, "extraordinaryItems": {}, "effectOfAccountingCharges": {}, "otherItems": {}, "netIncome": 5392200000, "netIncomeApplicableToCommonShares": 5392200000}, {"maxAge": 1, "endDate": "2018-03-31", "totalRevenue": 29348100000, "costOfRevenue": 19095300000, "grossProfit": 10252800000, "researchDevelopment": {}, "sellingGeneralAdministrative": 1976300000, "nonRecurring": {}, "otherOperatingExpenses": 2465700000, "totalOperatingExpenses": 24746700000, "operatingIncome": 4601400000, "totalOtherIncomeExpenseNet": -718000000, "ebit": 4601400000, "interestExpense": -864600000, "incomeBeforeTax": 3883400000, "incomeTaxExpense": 20900000, "minorityInterest": {}, "netIncomeFromContinuingOps": 3862500000, "discontinuedOperations": {}, "extraordinaryItems": {}, "effectOfAccountingCharges": {}, "otherItems": {}, "netIncome": 3862500000, "netIncomeApplicableToCommonShares": 3862500000}, {"maxAge": 1, "endDate": "2017-03-31", "totalRevenue": 21735000000, "costOfRevenue": 15339100000, "grossProfit": 6395900000, "researchDevelopment": {}, "sellingGeneralAdministrative": 1564600000, "nonRecurring": {}, "otherOperatingExpenses": 2208600000, "totalOperatingExpenses": 20142600000, "operatingIncome": 1592400000, "totalOtherIncomeExpenseNet": -708400000, "ebit": 1592400000, "interestExpense": -729700000, "incomeBeforeTax": 884000000, "incomeTaxExpense": 74000000, "minorityInterest": {}, "netIncomeFromContinuingOps": 810000000, "discontinuedOperations": {}, "extraordinaryItems": {}, "effectOfAccountingCharges": {}, "otherItems": {}, "netIncome": 810000000, "netIncomeApplicableToCommonShares": 810000000}], "maxAge": 86400}, "fundOwnership": {"maxAge": 1, "ownershipList": [{"maxAge": 1, "reportDate": "2020-07-31", "organization": "DFA Investment Dimensions-DFA Emerging Mkts Value", "pctHeld": 0.0019, "position": 320153, "value": 10517026}, {"maxAge": 1, "reportDate": "2020-07-31", "organization": "DFA Emerging Markets Core Equity Portfolio", "pctHeld": 0.0015, "position": 250381, "value": 8225015}, {"maxAge": 1, "reportDate": "2020-07-31", "organization": "DFA T.A. World Ex U.S. Core Equity Portfolio", "pctHeld": 0.0001, "position": 18220, "value": 598527}, {"maxAge": 1, "reportDate": "2020-07-31", "organization": "DFA Investment Dimensions-World Ex U.S. Core Equity Port", "pctHeld": 0.0001, "position": 18009, "value": 591595}]}, "summaryDetail": {"maxAge": 1, "priceHint": 2, "previousClose": 82.2, "open": 78.1, "dayLow": 78.1, "dayHigh": 84.8, "regularMarketPreviousClose": 82.2, "regularMarketOpen": 78.1, "regularMarketDayLow": 78.1, "regularMarketDayHigh": 84.8, "trailingPE": 17.516823, "forwardPE": 1.9394375, "volume": 426370, "regularMarketVolume": 426370, "averageVolume": 116211, "averageVolume10days": 159504, "averageDailyVolume10Day": 159504, "bid": 80.2, "ask": 80.7, "bidSize": 0, "askSize": 0, "marketCap": 13846667264, "fiftyTwoWeekLow": 18.55, "fiftyTwoWeekHigh": 84.8, "fiftyDayAverage": 55.520588, "twoHundredDayAverage": 47.65331, "trailingAnnualDividendRate": 1.2, "trailingAnnualDividendYield": 0.014598541, "currency": "INR", "fromCurrency": null, "toCurrency": null, "lastMarket": null, "algorithm": null, "tradeable": false}, "sectorTrend": {"maxAge": 1, "symbol": null, "estimates": []}, "incomeStatementHistoryQuarterly": {"incomeStatementHistory": [{"maxAge": 1, "endDate": "2020-06-30", "totalRevenue": 5290200000, "costOfRevenue": 3445200000, "grossProfit": 1845000000, "researchDevelopment": {}, "sellingGeneralAdministrative": 500900000, "nonRecurring": {}, "otherOperatingExpenses": 741100000, "totalOperatingExpenses": 5065000000, "operatingIncome": 225200000, "totalOtherIncomeExpenseNet": -193300000, "ebit": 225200000, "interestExpense": -208200000, "incomeBeforeTax": 31900000, "incomeTaxExpense": 0, "minorityInterest": {}, "netIncomeFromContinuingOps": 31900000, "discontinuedOperations": {}, "extraordinaryItems": {}, "effectOfAccountingCharges": {}, "otherItems": {}, "netIncome": 31900000, "netIncomeApplicableToCommonShares": 31900000}, {"maxAge": 1, "endDate": "2020-03-31", "totalRevenue": 6475100000, "costOfRevenue": 5072600000, "grossProfit": 1402500000, "researchDevelopment": {}, "sellingGeneralAdministrative": 564100000, "nonRecurring": {}, "otherOperatingExpenses": 33600000, "totalOperatingExpenses": 6058400000, "operatingIncome": 416700000, "totalOtherIncomeExpenseNet": -235800000, "ebit": 416700000, "interestExpense": -252400000, "incomeBeforeTax": 180900000, "incomeTaxExpense": 0, "minorityInterest": {}, "netIncomeFromContinuingOps": 180900000, "discontinuedOperations": {}, "extraordinaryItems": {}, "effectOfAccountingCharges": {}, "otherItems": {}, "netIncome": 180900000, "netIncomeApplicableToCommonShares": 180900000}, {"maxAge": 1, "endDate": "2019-12-31", "totalRevenue": 7386200000, "costOfRevenue": 4887100000, "grossProfit": 2499100000, "researchDevelopment": {}, "sellingGeneralAdministrative": 687000000, "nonRecurring": {}, "otherOperatingExpenses": 943300000, "totalOperatingExpenses": 6894600000, "operatingIncome": 491600000, "totalOtherIncomeExpenseNet": -192000000, "ebit": 491600000, "interestExpense": -205100000, "incomeBeforeTax": 299600000, "incomeTaxExpense": 0, "minorityInterest": {}, "netIncomeFromContinuingOps": 299600000, "discontinuedOperations": {}, "extraordinaryItems": {}, "effectOfAccountingCharges": {}, "otherItems": {}, "netIncome": 299600000, "netIncomeApplicableToCommonShares": 299600000}, {"maxAge": 1, "endDate": "2019-09-30", "totalRevenue": 7623000000, "costOfRevenue": 4965600000, "grossProfit": 2657400000, "researchDevelopment": {}, "sellingGeneralAdministrative": 600400000, "nonRecurring": {}, "otherOperatingExpenses": 1178900000, "totalOperatingExpenses": 7089500000, "operatingIncome": 533500000, "totalOtherIncomeExpenseNet": -202100000, "ebit": 533500000, "interestExpense": -216600000, "incomeBeforeTax": 331400000, "incomeTaxExpense": 0, "minorityInterest": {}, "netIncomeFromContinuingOps": 331400000, "discontinuedOperations": {}, "extraordinaryItems": {}, "effectOfAccountingCharges": {}, "otherItems": {}, "netIncome": 331400000, "netIncomeApplicableToCommonShares": 331400000}], "maxAge": 86400}, "cashflowStatementHistoryQuarterly": {"cashflowStatements": [{"maxAge": 1, "endDate": "2020-06-30", "netIncome": 31900000, "changeToLiabilities": 0}, {"maxAge": 1, "endDate": "2020-03-31", "netIncome": 180900000, "changeToLiabilities": 0}, {"maxAge": 1, "endDate": "2019-12-31", "netIncome": 299600000, "changeToLiabilities": 0}, {"maxAge": 1, "endDate": "2019-09-30", "netIncome": 331400000, "changeToLiabilities": 0}], "maxAge": 86400}, "insiderHolders": {"holders": [{"maxAge": 1, "name": "Agarwal (Mohini)", "relation": "Promoter", "url": "", "transactionDescription": "Other", "latestTransDate": "2019-12-27", "positionDirect": 1019856, "positionDirectDate": "2019-12-27"}, {"maxAge": 1, "name": "Agarwal (Ved Prakash)", "relation": "Executive Chairman", "url": "", "transactionDescription": "Acquisition", "latestTransDate": "2020-06-30", "positionDirect": 8468907, "positionDirectDate": "2020-06-30"}, {"maxAge": 1, "name": "Aircon Systems India Pvt Ltd", "relation": "Promoter", "url": "", "transactionDescription": "Other", "latestTransDate": "2019-12-27", "positionDirect": 0, "positionDirectDate": "2019-12-27"}, {"maxAge": 1, "name": "Vanshi Farms Pvt. Ltd.", "relation": "Promoter", "url": "", "transactionDescription": "Other", "latestTransDate": "2019-12-24", "positionDirect": 6067953, "positionDirectDate": "2019-12-24"}], "maxAge": 1}, "earnings": {"maxAge": 86400, "earningsChart": {"quarterly": [{"date": "3Q2016", "actual": 0.95, "estimate": -1.3}, {"date": "1Q2017", "actual": 2.29, "estimate": 1.23}, {"date": "3Q2017", "actual": 4.29, "estimate": 2.74}, {"date": "4Q2017", "actual": 6.6, "estimate": 3.39}], "currentQuarterEstimateDate": "1Q", "currentQuarterEstimateYear": 2018, "earningsDate": ["2020-11-15 05:30:S", "2020-11-16 05:30:S"]}, "financialsChart": {"yearly": [{"date": 2017, "revenue": 21735000000, "earnings": 810000000}, {"date": 2018, "revenue": 29348100000, "earnings": 3862500000}, {"date": 2019, "revenue": 35881700000, "earnings": 5392200000}, {"date": 2020, "revenue": 29738500000, "earnings": 1181900000}], "quarterly": [{"date": "3Q2019", "revenue": 7623000000, "earnings": 331400000}, {"date": "4Q2019", "revenue": 7386200000, "earnings": 299600000}, {"date": "1Q2020", "revenue": 6475100000, "earnings": 180900000}, {"date": "2Q2020", "revenue": 5290200000, "earnings": 31900000}]}, "financialCurrency": "INR"}, "calendarEvents": {"maxAge": 1, "earnings": {"earningsDate": ["2020-11-15 05:30:S", "2020-11-16 05:30:S"], "revenueAverage": 9169600000}}, "price": {"maxAge": 1, "regularMarketChangePercent": -0.018248176, "regularMarketChange": -1.5, "regularMarketTime": "2021-04-30 15:56:56", "priceHint": 2, "regularMarketPrice": 80.7, "regularMarketDayHigh": 84.8, "regularMarketDayLow": 78.1, "regularMarketVolume": 426370, "averageDailyVolume10Day": 159504, "averageDailyVolume3Month": 116211, "regularMarketPreviousClose": 82.2, "regularMarketSource": "FREE_REALTIME", "regularMarketOpen": 78.1, "exchange": "BSE", "exchangeName": "BSE", "exchangeDataDelayedBy": 0, "marketState": "CLOSED", "quoteType": "EQUITY", "symbol": "PRAKASH.BO", "underlyingSymbol": null, "shortName": "PRAKASH INDUSTRIES LTD.", "longName": "Prakash Industries Limited", "currency": "INR", "quoteSourceName": "Delayed Quote", "currencySymbol": "\u20b9", "fromCurrency": null, "toCurrency": null, "lastMarket": null, "marketCap": 13846667264}, "balanceSheetHistory": {"balanceSheetStatements": [{"maxAge": 1, "endDate": "2020-03-31", "cash": 296800000, "netReceivables": 2708800000, "inventory": 1369100000, "otherCurrentAssets": 1181300000, "totalCurrentAssets": 5556000000, "propertyPlantEquipment": 30737200000, "intangibleAssets": 1095100000, "otherAssets": 1316700000, "deferredLongTermAssetCharges": 49300000, "totalAssets": 38705000000, "accountsPayable": 1440500000, "shortLongTermDebt": 667100000, "otherCurrentLiab": 466100000, "longTermDebt": 3690400000, "otherLiab": 469100000, "totalCurrentLiabilities": 5486400000, "totalLiab": 9663100000, "commonStock": 1712600000, "retainedEarnings": 22304700000, "treasuryStock": -9200000, "capitalSurplus": 5033800000, "otherStockholderEquity": -9200000, "totalStockholderEquity": 29041900000, "netTangibleAssets": 27946800000}, {"maxAge": 1, "endDate": "2019-03-31", "cash": 156200000, "netReceivables": 1975400000, "inventory": 2333100000, "otherCurrentAssets": 1646900000, "totalCurrentAssets": 6111600000, "propertyPlantEquipment": 30675400000, "otherAssets": 2620700000, "deferredLongTermAssetCharges": 1250400000, "totalAssets": 39407700000, "accountsPayable": 1483700000, "shortLongTermDebt": 743400000, "otherCurrentLiab": 695800000, "longTermDebt": 4339300000, "otherLiab": 388700000, "totalCurrentLiabilities": 6127700000, "totalLiab": 10871700000, "commonStock": 1633500000, "retainedEarnings": 22039100000, "treasuryStock": 882000000, "capitalSurplus": 3981400000, "otherStockholderEquity": 882000000, "totalStockholderEquity": 28536000000, "netTangibleAssets": 28536000000}, {"maxAge": 1, "endDate": "2018-03-31", "cash": 234900000, "netReceivables": 1276000000, "inventory": 2508500000, "otherCurrentAssets": 1273300000, "totalCurrentAssets": 5292700000, "longTermInvestments": 100000, "propertyPlantEquipment": 30673100000, "otherAssets": 2960300000, "deferredLongTermAssetCharges": 1603300000, "totalAssets": 38926200000, "accountsPayable": 1404500000, "shortLongTermDebt": 1015800000, "otherCurrentLiab": 840300000, "longTermDebt": 5992900000, "otherLiab": 338400000, "totalCurrentLiabilities": 5217900000, "totalLiab": 11565700000, "commonStock": 1568800000, "retainedEarnings": 21492000000, "treasuryStock": 973300000, "capitalSurplus": 3326400000, "otherStockholderEquity": 973300000, "totalStockholderEquity": 27360500000, "netTangibleAssets": 27360500000}, {"maxAge": 1, "endDate": "2017-03-31", "cash": 166400000, "netReceivables": 1069000000, "inventory": 1877500000, "otherCurrentAssets": 979500000, "totalCurrentAssets": 4092400000, "longTermInvestments": 499600000, "propertyPlantEquipment": 27195800000, "otherAssets": 3238500000, "totalAssets": 35026300000, "accountsPayable": 970000000, "shortLongTermDebt": 2133600000, "otherCurrentLiab": 488000000, "longTermDebt": 5768100000, "otherLiab": 1156600000, "totalCurrentLiabilities": 5875500000, "totalLiab": 12816700000, "commonStock": 1390500000, "retainedEarnings": 18122600000, "treasuryStock": 154400000, "capitalSurplus": 2542100000, "otherStockholderEquity": 154400000, "totalStockholderEquity": 22209600000, "netTangibleAssets": 22209600000}], "maxAge": 86400}, "earningsTrend": {"trend": [{"maxAge": 1, "period": "0q", "endDate": "2018-03-31", "growth": {}, "earningsEstimate": {"avg": 0.0, "low": 0.0, "high": 0.0, "yearAgoEps": 0.95, "numberOfAnalysts": 0, "growth": {}}, "revenueEstimate": {"avg": 9169600000, "low": 0, "high": 0, "numberOfAnalysts": 0, "yearAgoRevenue": 6277300000, "growth": 0.461}, "epsTrend": {"current": 0.0, "7daysAgo": 0.0, "30daysAgo": 0.0, "60daysAgo": 0.0, "90daysAgo": 0.0}, "epsRevisions": {"upLast7days": 0, "upLast30days": 0, "downLast30days": 0, "downLast90days": {}}}, {"maxAge": 1, "period": "+1q", "endDate": "2018-06-30", "growth": {}, "earningsEstimate": {"avg": 0.0, "low": 0.0, "high": 0.0, "yearAgoEps": 2.29, "numberOfAnalysts": 0, "growth": {}}, "revenueEstimate": {"avg": 0, "low": 0, "high": 0, "numberOfAnalysts": 0, "yearAgoRevenue": 7236200000, "growth": {}}, "epsTrend": {"current": 0.0, "7daysAgo": 0.0, "30daysAgo": 0.0, "60daysAgo": 0.0, "90daysAgo": 0.0}, "epsRevisions": {"upLast7days": 0, "upLast30days": 0, "downLast30days": 0, "downLast90days": {}}}, {"maxAge": 1, "period": "0y", "endDate": "2018-03-31", "growth": {}, "earningsEstimate": {"avg": 0.0, "low": 0.0, "high": 0.0, "yearAgoEps": {}, "numberOfAnalysts": 0, "growth": {}}, "revenueEstimate": {"avg": 30066700000, "low": 26818000000, "high": 27528700000, "numberOfAnalysts": 2, "yearAgoRevenue": 21735000000, "growth": 0.383}, "epsTrend": {"current": 0.0, "7daysAgo": 17.75, "30daysAgo": 17.75, "60daysAgo": 17.75, "90daysAgo": 17.75}, "epsRevisions": {"upLast7days": 0, "upLast30days": 0, "downLast30days": 0, "downLast90days": {}}}, {"maxAge": 1, "period": "+1y", "endDate": "2019-03-31", "growth": {}, "earningsEstimate": {"avg": 0.0, "low": 0.0, "high": 0.0, "yearAgoEps": {}, "numberOfAnalysts": 0, "growth": {}}, "revenueEstimate": {"avg": 41011400000, "low": 38184700000, "high": 43838000000, "numberOfAnalysts": 2, "yearAgoRevenue": 30066700000, "growth": 0.36400002}, "epsTrend": {"current": 0.0, "7daysAgo": 41.61, "30daysAgo": 41.61, "60daysAgo": 41.61, "90daysAgo": 41.61}, "epsRevisions": {"upLast7days": 0, "upLast30days": 0, "downLast30days": 0, "downLast90days": {}}}, {"maxAge": 1, "period": "+5y", "endDate": null, "growth": 1.4, "earningsEstimate": {"avg": {}, "low": {}, "high": {}, "yearAgoEps": {}, "numberOfAnalysts": {}, "growth": {}}, "revenueEstimate": {"avg": {}, "low": {}, "high": {}, "numberOfAnalysts": {}, "yearAgoRevenue": {}, "growth": {}}, "epsTrend": {"current": {}, "7daysAgo": {}, "30daysAgo": {}, "60daysAgo": {}, "90daysAgo": {}}, "epsRevisions": {"upLast7days": {}, "upLast30days": {}, "downLast30days": {}, "downLast90days": {}}}, {"maxAge": 1, "period": "-5y", "endDate": null, "growth": {}, "earningsEstimate": {"avg": {}, "low": {}, "high": {}, "yearAgoEps": {}, "numberOfAnalysts": {}, "growth": {}}, "revenueEstimate": {"avg": {}, "low": {}, "high": {}, "numberOfAnalysts": {}, "yearAgoRevenue": {}, "growth": {}}, "epsTrend": {"current": {}, "7daysAgo": {}, "30daysAgo": {}, "60daysAgo": {}, "90daysAgo": {}}, "epsRevisions": {"upLast7days": {}, "upLast30days": {}, "downLast30days": {}, "downLast90days": {}}}], "maxAge": 1}, "financialData": {"maxAge": 86400, "currentPrice": 80.7, "targetHighPrice": 281.0, "targetLowPrice": 260.0, "targetMeanPrice": 270.5, "targetMedianPrice": 270.5, "recommendationKey": "none", "numberOfAnalystOpinions": 2, "grossProfits": 9109300000, "financialCurrency": "INR"}}}