{"PRAKASHSTL.BO": {"cashflowStatementHistory": {"cashflowStatements": [{"maxAge": 1, "endDate": "2020-03-31", "netIncome": -2379000, "depreciation": 20203000, "changeToNetincome": 32056000, "changeToAccountReceivables": 34249000, "changeToLiabilities": -143788000, "changeToInventory": -42256000, "changeToOperatingActivities": 103302000, "totalCashFromOperatingActivities": 1387000, "capitalExpenditures": -2587000, "otherCashflowsFromInvestingActivities": 254000, "totalCashflowsFromInvestingActivities": -2111000, "netBorrowings": 1063000, "otherCashflowsFromFinancingActivities": -486000, "totalCashFromFinancingActivities": 577000, "changeInCash": -147000}, {"maxAge": 1, "endDate": "2019-03-31", "netIncome": 137428324, "depreciation": 23634475, "changeToNetincome": -206581845, "changeToAccountReceivables": 67057729, "changeToLiabilities": -226906620, "changeToInventory": 8287929, "changeToOperatingActivities": -7657161, "totalCashFromOperatingActivities": -204737169, "capitalExpenditures": -1342613, "otherCashflowsFromInvestingActivities": 1199592, "totalCashflowsFromInvestingActivities": 204727208, "netBorrowings": -1056939, "otherCashflowsFromFinancingActivities": -308500, "totalCashFromFinancingActivities": -1365439, "changeInCash": -1375400}, {"maxAge": 1, "endDate": "2018-03-31", "netIncome": -2407633379, "depreciation": 28319089, "changeToNetincome": -90430664, "changeToAccountReceivables": 1126496666, "changeToLiabilities": -128613462, "changeToInventory": 110669338, "changeToOperatingActivities": 1366720363, "totalCashFromOperatingActivities": 5527951, "capitalExpenditures": -332427, "otherCashflowsFromInvestingActivities": 23282655, "totalCashflowsFromInvestingActivities": 39876512, "netBorrowings": -42971686, "otherCashflowsFromFinancingActivities": -523212, "totalCashFromFinancingActivities": -43494898, "changeInCash": 1909565}, {"maxAge": 1, "endDate": "2017-03-31", "netIncome": -1515555403, "depreciation": 29214555, "changeToNetincome": -93041625, "changeToAccountReceivables": 1612994894, "changeToLiabilities": -507534973, "changeToInventory": 271189367, "changeToOperatingActivities": -344824986, "totalCashFromOperatingActivities": -543544248, "capitalExpenditures": -150436504, "investments": 1000000, "otherCashflowsFromInvestingActivities": 175012214, "totalCashflowsFromInvestingActivities": 210256676, "netBorrowings": 442115883, "otherCashflowsFromFinancingActivities": -110555883, "totalCashFromFinancingActivities": 331560000, "changeInCash": -1727572}], "maxAge": 86400}, "institutionOwnership": {"maxAge": 1, "ownershipList": []}, "balanceSheetHistoryQuarterly": {"balanceSheetStatements": [{"maxAge": 1, "endDate": "2020-06-30", "totalStockholderEquity": -2683497000, "netTangibleAssets": -2683497000}, {"maxAge": 1, "endDate": "2020-03-31", "cash": 3543000, "shortTermInvestments": 6074000, "netReceivables": 89190000, "inventory": 112487000, "otherCurrentAssets": 20662000, "totalCurrentAssets": 231956000, "longTermInvestments": 32470000, "propertyPlantEquipment": 108154000, "otherAssets": 5988000, "totalAssets": 378568000, "accountsPayable": 536320000, "otherCurrentLiab": 21094000, "otherLiab": 73342000, "totalCurrentLiabilities": 2988723000, "totalLiab": 3062065000, "commonStock": 175000000, "treasuryStock": -2858497000, "otherStockholderEquity": -2858497000, "totalStockholderEquity": -2683497000, "netTangibleAssets": -2683497000}, {"maxAge": 1, "endDate": "2019-12-31", "totalStockholderEquity": -2676841000, "netTangibleAssets": -2676841000}, {"maxAge": 1, "endDate": "2019-09-30", "cash": 3556000, "shortTermInvestments": 6029000, "netReceivables": 50336000, "inventory": 72056000, "otherCurrentAssets": 82311000, "totalCurrentAssets": 214288000, "longTermInvestments": 32470000, "propertyPlantEquipment": 117403000, "otherAssets": 21943000, "totalAssets": 386104000, "accountsPayable": 534108000, "otherCurrentLiab": 26011000, "otherLiab": 72432000, "totalCurrentLiabilities": 2990513000, "totalLiab": 3062945000, "commonStock": 175000000, "treasuryStock": -2851841000, "otherStockholderEquity": -2851841000, "totalStockholderEquity": -2676841000, "netTangibleAssets": -2676841000}], "maxAge": 86400}, "indexTrend": {"maxAge": 1, "symbol": "SP5", "peRatio": 19.7411, "pegRatio": 1.34172, "estimates": [{"period": "0q", "growth": 0.549}, {"period": "+1q", "growth": 0.431}, {"period": "0y", "growth": 0.305}, {"period": "+1y", "growth": 0.109}, {"period": "+5y", "growth": 0.120865}, {"period": "-5y"}]}, "insiderTransactions": {"transactions": [{"maxAge": 1, "shares": 6007, "filerUrl": "", "transactionText": "", "filerName": "Kanugo (Vimal Prakash)", "filerRelation": "Promoter", "moneyText": "", "startDate": "2014-02-04", "ownership": "D"}, {"maxAge": 1, "shares": 3580, "filerUrl": "", "transactionText": "", "filerName": "Kanugo (Vimal Prakash)", "filerRelation": "Promoter", "moneyText": "", "startDate": "2014-01-31", "ownership": "D"}, {"maxAge": 1, "shares": 1737, "filerUrl": "", "transactionText": "", "filerName": "Kanugo (Vimal Prakash)", "filerRelation": "Promoter", "moneyText": "", "startDate": "2014-01-30", "ownership": "D"}, {"maxAge": 1, "shares": 5761, "filerUrl": "", "transactionText": "", "filerName": "Kanugo (Vimal Prakash)", "filerRelation": "Promoter", "moneyText": "", "startDate": "2014-01-29", "ownership": "D"}, {"maxAge": 1, "shares": 1200, "filerUrl": "", "transactionText": "", "filerName": "Kanugo (Vimal Prakash)", "filerRelation": "Promoter", "moneyText": "", "startDate": "2014-01-28", "ownership": "D"}, {"maxAge": 1, "shares": 7944, "filerUrl": "", "transactionText": "", "filerName": "Kanugo (Vimal Prakash)", "filerRelation": "Promoter", "moneyText": "", "startDate": "2014-01-27", "ownership": "D"}, {"maxAge": 1, "shares": 258, "filerUrl": "", "transactionText": "", "filerName": "Kanugo (Vimal Prakash)", "filerRelation": "Promoter", "moneyText": "", "startDate": "2014-01-15", "ownership": "D"}, {"maxAge": 1, "shares": 2161, "filerUrl": "", "transactionText": "", "filerName": "Kanugo (Vimal Prakash)", "filerRelation": "Promoter", "moneyText": "", "startDate": "2014-01-14", "ownership": "D"}, {"maxAge": 1, "shares": 10381, "filerUrl": "", "transactionText": "", "filerName": "Kanugo (Vimal Prakash)", "filerRelation": "Promoter", "moneyText": "", "startDate": "2014-01-13", "ownership": "D"}, {"maxAge": 1, "shares": 616, "filerUrl": "", "transactionText": "", "filerName": "Kanugo (Vimal Prakash)", "filerRelation": "Promoter", "moneyText": "", "startDate": "2014-01-10", "ownership": "D"}, {"maxAge": 1, "shares": 4368, "filerUrl": "", "transactionText": "", "filerName": "Kanugo (Vimal Prakash)", "filerRelation": "Promoter", "moneyText": "", "startDate": "2014-01-09", "ownership": "D"}, {"maxAge": 1, "shares": 6522, "filerUrl": "", "transactionText": "", "filerName": "Kanugo (Babita Prakash)", "filerRelation": "Promoter", "moneyText": "", "startDate": "2014-01-09", "ownership": "D"}, {"maxAge": 1, "shares": 58, "filerUrl": "", "transactionText": "", "filerName": "Kanugo (Babita Prakash)", "filerRelation": "Promoter", "moneyText": "", "startDate": "2014-01-08", "ownership": "D"}, {"maxAge": 1, "shares": 11300, "filerUrl": "", "transactionText": "", "filerName": "Kanugo (Babita Prakash)", "filerRelation": "Promoter", "moneyText": "", "startDate": "2014-01-07", "ownership": "D"}, {"maxAge": 1, "shares": 1095, "filerUrl": "", "transactionText": "", "filerName": "Kanugo (Babita Prakash)", "filerRelation": "Promoter", "moneyText": "", "startDate": "2014-01-06", "ownership": "D"}, {"maxAge": 1, "shares": 11214, "filerUrl": "", "transactionText": "", "filerName": "Kanugo (Babita Prakash)", "filerRelation": "Promoter", "moneyText": "", "startDate": "2014-01-03", "ownership": "D"}, {"maxAge": 1, "shares": 609642, "filerUrl": "", "transactionText": "", "filerName": "Kanugo (Babita Prakash)", "filerRelation": "Promoter", "moneyText": "", "startDate": "2014-01-02", "ownership": "D"}, {"maxAge": 1, "shares": 10000, "filerUrl": "", "transactionText": "", "filerName": "Kanugo (Prakash Chhaganlal) HUF", "filerRelation": "Promoter", "moneyText": "", "startDate": "2014-01-02", "ownership": "D"}, {"maxAge": 1, "shares": 16356, "filerUrl": "", "transactionText": "", "filerName": "Kanugo (Prakash Chhaganlal) HUF", "filerRelation": "Promoter", "moneyText": "", "startDate": "2014-01-01", "ownership": "D"}, {"maxAge": 1, "shares": 10240, "filerUrl": "", "transactionText": "", "filerName": "Kanugo (Prakash Chhaganlal) HUF", "filerRelation": "Promoter", "moneyText": "", "startDate": "2013-12-31", "ownership": "D"}, {"maxAge": 1, "shares": 5013, "filerUrl": "", "transactionText": "", "filerName": "Kanugo (Prakash Chhaganlal) HUF", "filerRelation": "Promoter", "moneyText": "", "startDate": "2013-12-30", "ownership": "D"}, {"maxAge": 1, "shares": 26979, "filerUrl": "", "transactionText": "", "filerName": "Kanugo (Prakash Chhaganlal) HUF", "filerRelation": "Promoter", "moneyText": "", "startDate": "2013-12-27", "ownership": "D"}, {"maxAge": 1, "shares": 26359, "filerUrl": "", "transactionText": "", "filerName": "Kanugo (Prakash Chhaganlal) HUF", "filerRelation": "Promoter", "moneyText": "", "startDate": "2013-12-26", "ownership": "D"}, {"maxAge": 1, "shares": 15242, "filerUrl": "", "transactionText": "", "filerName": "Kanugo (Prakash Chhaganlal) HUF", "filerRelation": "Promoter", "moneyText": "", "startDate": "2013-12-20", "ownership": "D"}, {"maxAge": 1, "shares": 15248, "filerUrl": "", "transactionText": "", "filerName": "Kanugo (Prakash Chhaganlal) HUF", "filerRelation": "Promoter", "moneyText": "", "startDate": "2013-12-19", "ownership": "D"}, {"maxAge": 1, "shares": 15000, "filerUrl": "", "transactionText": "", "filerName": "Kanugo (Prakash C)", "filerRelation": "Executive Chairman", "moneyText": "", "startDate": "2012-10-04", "ownership": "D"}, {"maxAge": 1, "shares": 33700, "filerUrl": "", "transactionText": "", "filerName": "Kanugo (Prakash C)", "filerRelation": "Executive Chairman", "moneyText": "", "startDate": "2012-08-06", "ownership": "D"}, {"maxAge": 1, "shares": 30000, "filerUrl": "", "transactionText": "", "filerName": "Kanugo (Prakash C)", "filerRelation": "Executive Chairman", "moneyText": "", "startDate": "2012-07-31", "ownership": "D"}, {"maxAge": 1, "shares": 32000, "filerUrl": "", "transactionText": "", "filerName": "Kanugo (Prakash C)", "filerRelation": "Executive Chairman", "moneyText": "", "startDate": "2012-07-30", "ownership": "D"}, {"maxAge": 1, "shares": 20000, "filerUrl": "", "transactionText": "", "filerName": "Kanugo (Prakash C)", "filerRelation": "Executive Chairman", "moneyText": "", "startDate": "2012-07-20", "ownership": "D"}, {"maxAge": 1, "shares": 30000, "filerUrl": "", "transactionText": "", "filerName": "Kanugo (Prakash C)", "filerRelation": "Executive Chairman", "moneyText": "", "startDate": "2012-07-19", "ownership": "D"}, {"maxAge": 1, "shares": 321300, "filerUrl": "", "transactionText": "", "filerName": "Kanugo (Prakash C)", "filerRelation": "Executive Chairman", "moneyText": "", "startDate": "2011-02-02", "ownership": "D"}, {"maxAge": 1, "shares": 40000, "filerUrl": "", "transactionText": "", "filerName": "Pacific Corporate Services Ltd", "filerRelation": "Institution- Corporation", "moneyText": "", "startDate": "2010-12-08", "ownership": "D"}, {"maxAge": 1, "shares": 250099, "filerUrl": "", "transactionText": "", "filerName": "Pacific Corporate Services Ltd", "filerRelation": "Institution- Corporation", "moneyText": "", "startDate": "2010-12-03", "ownership": "D"}], "maxAge": 1}, "quoteType": {"exchange": "BSE", "quoteType": "EQUITY", "symbol": "PRAKASHSTL.BO", "underlyingSymbol": "PRAKASHSTL.BO", "shortName": "PRAKASH STEELAGE LTD.", "longName": "Prakash Steelage Limited", "firstTradeDateEpochUtc": "2010-08-25 09:15:00", "timeZoneFullName": "Asia/Kolkata", "timeZoneShortName": "IST", "uuid": "abbde183-5a0e-3800-a908-b31e2e14a160", "messageBoardId": null, "gmtOffSetMilliseconds": 19800000, "maxAge": 1}, "incomeStatementHistory": {"incomeStatementHistory": [{"maxAge": 1, "endDate": "2020-03-31", "totalRevenue": 325044000, "costOfRevenue": 210731000, "grossProfit": 114313000, "researchDevelopment": {}, "sellingGeneralAdministrative": 20467000, "nonRecurring": {}, "otherOperatingExpenses": 57515000, "totalOperatingExpenses": 308916000, "operatingIncome": 16128000, "totalOtherIncomeExpenseNet": -24544000, "ebit": 16128000, "interestExpense": -486000, "incomeBeforeTax": -8416000, "incomeTaxExpense": -6037000, "minorityInterest": {}, "netIncomeFromContinuingOps": -2379000, "discontinuedOperations": {}, "extraordinaryItems": {}, "effectOfAccountingCharges": {}, "otherItems": {}, "netIncome": -2379000, "netIncomeApplicableToCommonShares": -2379000}, {"maxAge": 1, "endDate": "2019-03-31", "totalRevenue": 429936064, "costOfRevenue": 272302322, "grossProfit": 157633742, "researchDevelopment": {}, "sellingGeneralAdministrative": 22233957, "nonRecurring": {}, "otherOperatingExpenses": 64060588, "totalOperatingExpenses": 382231342, "operatingIncome": 47704722, "totalOtherIncomeExpenseNet": 90262151, "ebit": 47704722, "interestExpense": -11407, "incomeBeforeTax": 137966873, "incomeTaxExpense": 538549, "minorityInterest": {}, "netIncomeFromContinuingOps": 137428324, "discontinuedOperations": {}, "extraordinaryItems": {}, "effectOfAccountingCharges": {}, "otherItems": {}, "netIncome": 137428324, "netIncomeApplicableToCommonShares": 137428324}, {"maxAge": 1, "endDate": "2018-03-31", "totalRevenue": 456435042, "costOfRevenue": 376814055, "grossProfit": 79620987, "researchDevelopment": {}, "sellingGeneralAdministrative": 26007041, "nonRecurring": {}, "otherOperatingExpenses": 28978694, "totalOperatingExpenses": 460118879, "operatingIncome": -3683837, "totalOtherIncomeExpenseNet": -2478986407, "ebit": -3683837, "interestExpense": -153205, "incomeBeforeTax": -2482670244, "incomeTaxExpense": -75036865, "minorityInterest": {}, "netIncomeFromContinuingOps": -2407633379, "discontinuedOperations": {}, "extraordinaryItems": {}, "effectOfAccountingCharges": {}, "otherItems": {}, "netIncome": -2407633379, "netIncomeApplicableToCommonShares": -2407633379}, {"maxAge": 1, "endDate": "2017-03-31", "totalRevenue": 1451369762, "costOfRevenue": 1811029676, "grossProfit": -359659914, "researchDevelopment": {}, "sellingGeneralAdministrative": 35792138, "nonRecurring": {}, "otherOperatingExpenses": 61065260, "totalOperatingExpenses": 1941115552, "operatingIncome": -489745790, "totalOtherIncomeExpenseNet": -1024859545, "ebit": -489745790, "interestExpense": -103753848, "incomeBeforeTax": -1514605335, "incomeTaxExpense": 950068, "minorityInterest": {}, "netIncomeFromContinuingOps": -1515555403, "discontinuedOperations": {}, "extraordinaryItems": {}, "effectOfAccountingCharges": {}, "otherItems": {}, "netIncome": -1515555403, "netIncomeApplicableToCommonShares": -1515555403}], "maxAge": 86400}, "fundOwnership": {"maxAge": 1, "ownershipList": []}, "summaryDetail": {"maxAge": 1, "priceHint": 4, "previousClose": 0.76, "open": 0.82, "dayLow": 0.76, "dayHigh": 0.83, "regularMarketPreviousClose": 0.76, "regularMarketOpen": 0.82, "regularMarketDayLow": 0.76, "regularMarketDayHigh": 0.83, "volume": 220692, "regularMarketVolume": 220692, "averageVolume": 91794, "averageVolume10days": 50732, "averageDailyVolume10Day": 50732, "bid": 0.83, "ask": 0.0, "bidSize": 0, "askSize": 0, "marketCap": 145250000, "fiftyTwoWeekLow": 0.19, "fiftyTwoWeekHigh": 1.35, "fiftyDayAverage": 0.93441176, "twoHundredDayAverage": 0.8002206, "currency": "INR", "fromCurrency": null, "toCurrency": null, "lastMarket": null, "algorithm": null, "tradeable": false}, "incomeStatementHistoryQuarterly": {"incomeStatementHistory": [{"maxAge": 1, "endDate": "2020-06-30", "totalRevenue": 36783000, "costOfRevenue": 25368000, "grossProfit": 11415000, "researchDevelopment": {}, "sellingGeneralAdministrative": 4320000, "nonRecurring": {}, "otherOperatingExpenses": 8791000, "totalOperatingExpenses": 42625000, "operatingIncome": -5842000, "totalOtherIncomeExpenseNet": 50000, "ebit": -5842000, "interestExpense": -130000, "incomeBeforeTax": -5792000, "incomeTaxExpense": 26000, "minorityInterest": {}, "netIncomeFromContinuingOps": -5818000, "discontinuedOperations": {}, "extraordinaryItems": {}, "effectOfAccountingCharges": {}, "otherItems": {}, "netIncome": -5818000, "netIncomeApplicableToCommonShares": -5818000}, {"maxAge": 1, "endDate": "2020-03-31", "totalRevenue": 80779000, "costOfRevenue": 59704000, "grossProfit": 21075000, "researchDevelopment": {}, "sellingGeneralAdministrative": 5096000, "nonRecurring": {}, "otherOperatingExpenses": 22709000, "totalOperatingExpenses": 91894000, "operatingIncome": -11115000, "totalOtherIncomeExpenseNet": 2014000, "ebit": -11115000, "interestExpense": -85000, "incomeBeforeTax": -9101000, "incomeTaxExpense": 565000, "minorityInterest": {}, "netIncomeFromContinuingOps": -9666000, "discontinuedOperations": {}, "extraordinaryItems": {}, "effectOfAccountingCharges": {}, "otherItems": {}, "netIncome": -9666000, "netIncomeApplicableToCommonShares": -9666000}, {"maxAge": 1, "endDate": "2019-12-31", "totalRevenue": 90674000, "costOfRevenue": 46146000, "grossProfit": 44528000, "researchDevelopment": {}, "sellingGeneralAdministrative": 5492000, "nonRecurring": {}, "otherOperatingExpenses": 10685000, "totalOperatingExpenses": 67439000, "operatingIncome": 23235000, "totalOtherIncomeExpenseNet": -26972000, "ebit": 23235000, "interestExpense": -244000, "incomeBeforeTax": -3737000, "incomeTaxExpense": -6602000, "minorityInterest": {}, "netIncomeFromContinuingOps": 2865000, "discontinuedOperations": {}, "extraordinaryItems": {}, "effectOfAccountingCharges": {}, "otherItems": {}, "netIncome": 2865000, "netIncomeApplicableToCommonShares": 2865000}, {"maxAge": 1, "endDate": "2019-09-30", "totalRevenue": 88916000, "costOfRevenue": 61100000, "grossProfit": 27816000, "researchDevelopment": {}, "sellingGeneralAdministrative": 4998000, "nonRecurring": {}, "otherOperatingExpenses": 14244000, "totalOperatingExpenses": 85715000, "operatingIncome": 3201000, "totalOtherIncomeExpenseNet": -837000, "ebit": 3201000, "interestExpense": -113000, "incomeBeforeTax": 2364000, "incomeTaxExpense": 0, "minorityInterest": {}, "netIncomeFromContinuingOps": 2364000, "discontinuedOperations": {}, "extraordinaryItems": {}, "effectOfAccountingCharges": {}, "otherItems": {}, "netIncome": 2364000, "netIncomeApplicableToCommonShares": 2364000}], "maxAge": 86400}, "cashflowStatementHistoryQuarterly": {"cashflowStatements": [{"maxAge": 1, "endDate": "2020-06-30", "netIncome": -5818000, "changeToLiabilities": 0}, {"maxAge": 1, "endDate": "2020-03-31", "netIncome": -9666000, "changeToLiabilities": 0}, {"maxAge": 1, "endDate": "2019-12-31", "netIncome": 2865000, "changeToLiabilities": 0}, {"maxAge": 1, "endDate": "2019-09-30", "netIncome": 2364000, "changeToLiabilities": 0}], "maxAge": 86400}, "insiderHolders": {"holders": [{"maxAge": 1, "name": "Kanugo (Babita Prakash)", "relation": "Promoter", "url": "", "transactionDescription": "Acquisition", "latestTransDate": "2014-01-09", "positionDirect": 300075, "positionDirectDate": "2014-01-09"}, {"maxAge": 1, "name": "Kanugo (Prakash C)", "relation": "Executive Chairman", "url": "", "transactionDescription": "Acquisition", "latestTransDate": "2012-10-04", "positionDirect": 3783500, "positionDirectDate": "2012-10-04"}, {"maxAge": 1, "name": "Kanugo (Prakash Chhaganlal) HUF", "relation": "Promoter", "url": "", "transactionDescription": "Acquisition", "latestTransDate": "2014-01-02", "positionDirect": 260437, "positionDirectDate": "2014-01-02"}, {"maxAge": 1, "name": "Kanugo (Vimal Prakash)", "relation": "Promoter", "url": "", "transactionDescription": "Acquisition", "latestTransDate": "2014-02-04", "positionDirect": 505159, "positionDirectDate": "2014-02-04"}, {"maxAge": 1, "name": "Pacific Corporate Services Ltd", "relation": "Institution- Corporation", "url": "", "transactionDescription": "Sale", "latestTransDate": "2010-12-08", "positionDirect": 854232, "positionDirectDate": "2010-12-08"}], "maxAge": 1}, "calendarEvents": {"maxAge": 1, "earnings": {"earningsDate": []}}, "price": {"maxAge": 1, "regularMarketChangePercent": 0.092105255, "regularMarketChange": 0.06999999, "regularMarketTime": "2021-04-30 15:16:25", "priceHint": 4, "regularMarketPrice": 0.83, "regularMarketDayHigh": 0.83, "regularMarketDayLow": 0.76, "regularMarketVolume": 220692, "averageDailyVolume10Day": 50732, "averageDailyVolume3Month": 91794, "regularMarketPreviousClose": 0.76, "regularMarketSource": "FREE_REALTIME", "regularMarketOpen": 0.82, "exchange": "BSE", "exchangeName": "BSE", "exchangeDataDelayedBy": 0, "marketState": "CLOSED", "quoteType": "EQUITY", "symbol": "PRAKASHSTL.BO", "underlyingSymbol": null, "shortName": "PRAKASH STEELAGE LTD.", "longName": "Prakash Steelage Limited", "currency": "INR", "quoteSourceName": "Delayed Quote", "currencySymbol": "\u20b9", "fromCurrency": null, "toCurrency": null, "lastMarket": null, "marketCap": 145250000}, "balanceSheetHistory": {"balanceSheetStatements": [{"maxAge": 1, "endDate": "2020-03-31", "cash": 3543000, "shortTermInvestments": 6074000, "netReceivables": 89190000, "inventory": 112487000, "otherCurrentAssets": 20662000, "totalCurrentAssets": 231956000, "longTermInvestments": 32470000, "propertyPlantEquipment": 108154000, "otherAssets": 5988000, "totalAssets": 378568000, "accountsPayable": 536320000, "otherCurrentLiab": 21094000, "otherLiab": 73342000, "totalCurrentLiabilities": 2988723000, "totalLiab": 3062065000, "commonStock": 175000000, "treasuryStock": -2858497000, "otherStockholderEquity": -2858497000, "totalStockholderEquity": -2683497000, "netTangibleAssets": -2683497000}, {"maxAge": 1, "endDate": "2019-03-31", "cash": 766649, "shortTermInvestments": 400000, "netReceivables": 175022536, "inventory": 70230520, "otherCurrentAssets": 100773121, "totalCurrentAssets": 347396785, "longTermInvestments": 32470000, "propertyPlantEquipment": 126121146, "otherAssets": 21535627, "totalAssets": 527523558, "accountsPayable": 680107543, "otherCurrentLiab": 26124013, "otherLiab": 71880005, "totalCurrentLiabilities": 3136594156, "totalLiab": 3208474161, "commonStock": 175000390, "retainedEarnings": -3527540254, "capitalSurplus": 671589261, "totalStockholderEquity": -2680950603, "netTangibleAssets": -2680950603}, {"maxAge": 1, "endDate": "2018-03-31", "cash": 2142049, "shortTermInvestments": 180000, "netReceivables": 235757767, "inventory": 78518449, "otherCurrentAssets": 121798978, "totalCurrentAssets": 438668200, "longTermInvestments": 32470000, "propertyPlantEquipment": 163017175, "otherAssets": 21308379, "totalAssets": 655463754, "accountsPayable": 938620336, "otherCurrentLiab": 31367362, "otherLiab": 72242827, "totalCurrentLiabilities": 3400977837, "totalLiab": 3473220664, "commonStock": 175000390, "retainedEarnings": -3664346561, "capitalSurplus": 671589261, "totalStockholderEquity": -2817756910, "netTangibleAssets": -2817756910}, {"maxAge": 1, "endDate": "2017-03-31", "cash": 232484, "shortTermInvestments": 1657075, "netReceivables": 1370111164, "inventory": 189187787, "otherCurrentAssets": 1514088132, "totalCurrentAssets": 3075880221, "longTermInvestments": 32470000, "propertyPlantEquipment": 193004697, "otherAssets": 1283311, "totalAssets": 3302638229, "accountsPayable": 1066091512, "otherCurrentLiab": 94454999, "otherLiab": 69151558, "totalCurrentLiabilities": 3642397311, "totalLiab": 3711548869, "commonStock": 175000390, "retainedEarnings": -1255500291, "capitalSurplus": 671589261, "totalStockholderEquity": -408910640, "netTangibleAssets": -408910640}], "maxAge": 86400}, "financialData": {"maxAge": 86400, "currentPrice": 0.83, "recommendationKey": "none", "grossProfits": 114313000, "financialCurrency": "INR"}}}