{"PRANAVSP.BO": {"cashflowStatementHistory": {"cashflowStatements": [{"maxAge": 1, "endDate": "2020-03-31", "netIncome": -26825000, "depreciation": 12476000, "changeToNetincome": -11037000, "changeToAccountReceivables": 48727000, "changeToLiabilities": 19832000, "changeToInventory": 6359000, "changeToOperatingActivities": -20318000, "totalCashFromOperatingActivities": 29214000, "capitalExpenditures": -75000, "otherCashflowsFromInvestingActivities": 522000, "totalCashflowsFromInvestingActivities": 447000, "otherCashflowsFromFinancingActivities": -2744000, "totalCashFromFinancingActivities": -2744000, "changeInCash": 26917000}, {"maxAge": 1, "endDate": "2019-03-31", "netIncome": -6561000, "depreciation": 12341000, "changeToNetincome": -778000, "changeToAccountReceivables": -18911000, "changeToLiabilities": -15992000, "changeToInventory": 10072000, "changeToOperatingActivities": -691000, "totalCashFromOperatingActivities": -20520000, "capitalExpenditures": -2091000, "otherCashflowsFromInvestingActivities": 911000, "totalCashflowsFromInvestingActivities": -1180000, "otherCashflowsFromFinancingActivities": -2809000, "totalCashFromFinancingActivities": -2809000, "changeInCash": -24509000}, {"maxAge": 1, "endDate": "2018-03-31", "netIncome": -16376000, "depreciation": 12436000, "changeToNetincome": -2676000, "changeToAccountReceivables": -12991000, "changeToLiabilities": 37060000, "changeToInventory": 28391000, "changeToOperatingActivities": -16113000, "totalCashFromOperatingActivities": 29731000, "capitalExpenditures": -7868000, "otherCashflowsFromInvestingActivities": 915000, "totalCashflowsFromInvestingActivities": -6872000, "otherCashflowsFromFinancingActivities": -3471000, "totalCashFromFinancingActivities": -3471000, "changeInCash": 19388000}, {"maxAge": 1, "endDate": "2017-03-31", "netIncome": -5677000, "depreciation": 11554000, "changeToNetincome": -1300000, "changeToAccountReceivables": -9562000, "changeToLiabilities": 19958000, "changeToInventory": -50614000, "changeToOperatingActivities": 43995000, "totalCashFromOperatingActivities": 8354000, "capitalExpenditures": -17479000, "otherCashflowsFromInvestingActivities": 1550000, "totalCashflowsFromInvestingActivities": -11015000, "otherCashflowsFromFinancingActivities": -1785000, "totalCashFromFinancingActivities": -1785000, "changeInCash": -4446000}], "maxAge": 86400}, "institutionOwnership": {"maxAge": 1, "ownershipList": []}, "balanceSheetHistoryQuarterly": {"balanceSheetStatements": [{"maxAge": 1, "endDate": "2020-06-30", "totalStockholderEquity": 295911000, "netTangibleAssets": 295911000}, {"maxAge": 1, "endDate": "2020-03-31", "cash": 30120000, "netReceivables": 44558000, "inventory": 66219000, "otherCurrentAssets": 38899000, "totalCurrentAssets": 179796000, "propertyPlantEquipment": 253488000, "otherAssets": 1987000, "deferredLongTermAssetCharges": 1918000, "totalAssets": 435271000, "accountsPayable": 106098000, "otherCurrentLiab": 26722000, "otherLiab": 6540000, "totalCurrentLiabilities": 132820000, "totalLiab": 139360000, "commonStock": 192413000, "retainedEarnings": 100998000, "treasuryStock": 2500000, "otherStockholderEquity": 2500000, "totalStockholderEquity": 295911000, "netTangibleAssets": 295911000}, {"maxAge": 1, "endDate": "2019-12-31", "totalStockholderEquity": 312914000, "netTangibleAssets": 312914000}, {"maxAge": 1, "endDate": "2019-09-30", "cash": 17932000, "netReceivables": 59767000, "inventory": 92050000, "otherCurrentAssets": 19014000, "totalCurrentAssets": 188763000, "propertyPlantEquipment": 259649000, "otherAssets": 69000, "totalAssets": 448481000, "accountsPayable": 104935000, "otherCurrentLiab": 21037000, "otherLiab": 9595000, "totalCurrentLiabilities": 125972000, "totalLiab": 135567000, "commonStock": 192413000, "treasuryStock": 120501000, "otherStockholderEquity": 120501000, "totalStockholderEquity": 312914000, "netTangibleAssets": 312914000}], "maxAge": 86400}, "indexTrend": {"maxAge": 1, "symbol": "SP5", "peRatio": 19.7411, "pegRatio": 1.34172, "estimates": [{"period": "0q", "growth": 0.549}, {"period": "+1q", "growth": 0.431}, {"period": "0y", "growth": 0.305}, {"period": "+1y", "growth": 0.109}, {"period": "+5y", "growth": 0.120859005}, {"period": "-5y"}]}, "insiderTransactions": {"transactions": [{"maxAge": 1, "shares": 0, "filerUrl": "", "transactionText": "", "filerName": "Indo Count Industries Ltd", "filerRelation": "Promoter", "moneyText": "", "startDate": "2013-09-14", "ownership": "I"}, {"maxAge": 1, "shares": 3700000, "filerUrl": "", "transactionText": "", "filerName": "Indo Count Industries Ltd", "filerRelation": "Promoter", "moneyText": "", "startDate": "2013-09-12", "ownership": "D"}], "maxAge": 1}, "quoteType": {"exchange": "BSE", "quoteType": "EQUITY", "symbol": "PRANAVSP.BO", "underlyingSymbol": "PRANAVSP.BO", "shortName": "PRANAVADITYA SPINNING MILLS LT", "longName": "Pranavaditya Spinning Mills Limited", "firstTradeDateEpochUtc": "2009-03-09 09:15:00", "timeZoneFullName": "Asia/Kolkata", "timeZoneShortName": "IST", "uuid": "15d640b8-c44c-38cb-8cd6-876b01cc0884", "messageBoardId": null, "gmtOffSetMilliseconds": 19800000, "maxAge": 1}, "incomeStatementHistory": {"incomeStatementHistory": [{"maxAge": 1, "endDate": "2020-03-31", "totalRevenue": 694113000, "costOfRevenue": 517358000, "grossProfit": 176755000, "researchDevelopment": {}, "sellingGeneralAdministrative": 87701000, "nonRecurring": {}, "otherOperatingExpenses": 117735000, "totalOperatingExpenses": 735270000, "operatingIncome": -41157000, "totalOtherIncomeExpenseNet": 1518000, "ebit": -41157000, "interestExpense": -1469000, "incomeBeforeTax": -39639000, "incomeTaxExpense": -12814000, "minorityInterest": {}, "netIncomeFromContinuingOps": -26825000, "discontinuedOperations": {}, "extraordinaryItems": {}, "effectOfAccountingCharges": {}, "otherItems": {}, "netIncome": -26825000, "netIncomeApplicableToCommonShares": -26825000}, {"maxAge": 1, "endDate": "2019-03-31", "totalRevenue": 822607000, "costOfRevenue": 589027000, "grossProfit": 233580000, "researchDevelopment": {}, "sellingGeneralAdministrative": 88240000, "nonRecurring": {}, "otherOperatingExpenses": 141641000, "totalOperatingExpenses": 831249000, "operatingIncome": -8642000, "totalOtherIncomeExpenseNet": -1002000, "ebit": -8642000, "interestExpense": -1250000, "incomeBeforeTax": -9644000, "incomeTaxExpense": -3083000, "minorityInterest": {}, "netIncomeFromContinuingOps": -6561000, "discontinuedOperations": {}, "extraordinaryItems": {}, "effectOfAccountingCharges": {}, "otherItems": {}, "netIncome": -6561000, "netIncomeApplicableToCommonShares": -6561000}, {"maxAge": 1, "endDate": "2018-03-31", "totalRevenue": 713704000, "costOfRevenue": 512748000, "grossProfit": 200956000, "researchDevelopment": {}, "sellingGeneralAdministrative": 77785000, "nonRecurring": {}, "otherOperatingExpenses": 136671000, "totalOperatingExpenses": 739640000, "operatingIncome": -25936000, "totalOtherIncomeExpenseNet": 2955000, "ebit": -25936000, "interestExpense": -2170000, "incomeBeforeTax": -22981000, "incomeTaxExpense": -6605000, "minorityInterest": {}, "netIncomeFromContinuingOps": -16376000, "discontinuedOperations": {}, "extraordinaryItems": {}, "effectOfAccountingCharges": {}, "otherItems": {}, "netIncome": -16376000, "netIncomeApplicableToCommonShares": -16376000}, {"maxAge": 1, "endDate": "2017-03-31", "totalRevenue": 577647000, "costOfRevenue": 410684000, "grossProfit": 166963000, "researchDevelopment": {}, "sellingGeneralAdministrative": 61006000, "nonRecurring": {}, "otherOperatingExpenses": 106291000, "totalOperatingExpenses": 589535000, "operatingIncome": -11888000, "totalOtherIncomeExpenseNet": 2061000, "ebit": -11888000, "interestExpense": -1361000, "incomeBeforeTax": -9827000, "incomeTaxExpense": -4150000, "minorityInterest": {}, "netIncomeFromContinuingOps": -5677000, "discontinuedOperations": {}, "extraordinaryItems": {}, "effectOfAccountingCharges": {}, "otherItems": {}, "netIncome": -5677000, "netIncomeApplicableToCommonShares": -5677000}], "maxAge": 86400}, "fundOwnership": {"maxAge": 1, "ownershipList": []}, "summaryDetail": {"maxAge": 1, "priceHint": 2, "previousClose": 16.2, "open": 16.25, "dayLow": 15.4, "dayHigh": 16.25, "regularMarketPreviousClose": 16.2, "regularMarketOpen": 16.25, "regularMarketDayLow": 15.4, "regularMarketDayHigh": 16.25, "volume": 1231, "regularMarketVolume": 1231, "averageVolume": 7770, "averageVolume10days": 143, "averageDailyVolume10Day": 143, "bid": 15.4, "ask": 16.25, "bidSize": 0, "askSize": 0, "marketCap": 296316000, "fiftyTwoWeekLow": 9.16, "fiftyTwoWeekHigh": 19.5, "fiftyDayAverage": 16.411428, "twoHundredDayAverage": 14.339708, "currency": "INR", "fromCurrency": null, "toCurrency": null, "lastMarket": null, "algorithm": null, "tradeable": false}, "incomeStatementHistoryQuarterly": {"incomeStatementHistory": [{"maxAge": 1, "endDate": "2020-06-30", "totalRevenue": 19707000, "costOfRevenue": 21406000, "grossProfit": -1699000, "researchDevelopment": {}, "sellingGeneralAdministrative": 10313000, "nonRecurring": {}, "otherOperatingExpenses": 1821000, "totalOperatingExpenses": 36553000, "operatingIncome": -16846000, "totalOtherIncomeExpenseNet": 221000, "ebit": -16846000, "interestExpense": -445000, "incomeBeforeTax": -16625000, "incomeTaxExpense": -4625000, "minorityInterest": {}, "netIncomeFromContinuingOps": -12000000, "discontinuedOperations": {}, "extraordinaryItems": {}, "effectOfAccountingCharges": {}, "otherItems": {}, "netIncome": -12000000, "netIncomeApplicableToCommonShares": -12000000}, {"maxAge": 1, "endDate": "2020-03-31", "totalRevenue": 149872000, "costOfRevenue": 35280000, "grossProfit": 114592000, "researchDevelopment": {}, "sellingGeneralAdministrative": 22332000, "nonRecurring": {}, "otherOperatingExpenses": 88771000, "totalOperatingExpenses": 149479000, "operatingIncome": 393000, "totalOtherIncomeExpenseNet": 869000, "ebit": 393000, "interestExpense": -107000, "incomeBeforeTax": 1262000, "incomeTaxExpense": 352000, "minorityInterest": {}, "netIncomeFromContinuingOps": 910000, "discontinuedOperations": {}, "extraordinaryItems": {}, "effectOfAccountingCharges": {}, "otherItems": {}, "netIncome": 910000, "netIncomeApplicableToCommonShares": 910000}, {"maxAge": 1, "endDate": "2019-12-31", "totalRevenue": 184680000, "costOfRevenue": 174040000, "grossProfit": 10640000, "researchDevelopment": {}, "sellingGeneralAdministrative": 23510000, "nonRecurring": {}, "otherOperatingExpenses": 9060000, "totalOperatingExpenses": 209750000, "operatingIncome": -25070000, "totalOtherIncomeExpenseNet": 810000, "ebit": -25070000, "interestExpense": -280000, "incomeBeforeTax": -24260000, "incomeTaxExpense": -6750000, "minorityInterest": {}, "netIncomeFromContinuingOps": -17510000, "discontinuedOperations": {}, "extraordinaryItems": {}, "effectOfAccountingCharges": {}, "otherItems": {}, "netIncome": -17510000, "netIncomeApplicableToCommonShares": -17510000}, {"maxAge": 1, "endDate": "2019-09-30", "totalRevenue": 154298000, "costOfRevenue": 131230000, "grossProfit": 23068000, "researchDevelopment": {}, "sellingGeneralAdministrative": 21125000, "nonRecurring": {}, "otherOperatingExpenses": 9558000, "totalOperatingExpenses": 165050000, "operatingIncome": -10752000, "totalOtherIncomeExpenseNet": -254000, "ebit": -10752000, "interestExpense": -719000, "incomeBeforeTax": -11006000, "incomeTaxExpense": -3019000, "minorityInterest": {}, "netIncomeFromContinuingOps": -7987000, "discontinuedOperations": {}, "extraordinaryItems": {}, "effectOfAccountingCharges": {}, "otherItems": {}, "netIncome": -7987000, "netIncomeApplicableToCommonShares": -7987000}], "maxAge": 86400}, "cashflowStatementHistoryQuarterly": {"cashflowStatements": [{"maxAge": 1, "endDate": "2020-06-30", "netIncome": -12000000, "changeToLiabilities": 0}, {"maxAge": 1, "endDate": "2020-03-31", "netIncome": 910000, "changeToLiabilities": 0}, {"maxAge": 1, "endDate": "2019-12-31", "netIncome": -17510000, "changeToLiabilities": 0}, {"maxAge": 1, "endDate": "2019-09-30", "netIncome": -7987000, "changeToLiabilities": 0}], "maxAge": 86400}, "insiderHolders": {"holders": [{"maxAge": 1, "name": "Indo Count Industries Ltd", "relation": "Promoter", "url": "", "transactionDescription": "Sale", "latestTransDate": "2013-09-14", "positionIndirect": 14341280, "positionIndirectDate": 1379116800}], "maxAge": 1}, "calendarEvents": {"maxAge": 1, "earnings": {"earningsDate": []}}, "price": {"maxAge": 1, "regularMarketChangePercent": -0.049382783, "regularMarketChange": -0.80000114, "regularMarketTime": "2021-04-30 15:26:18", "priceHint": 2, "regularMarketPrice": 15.4, "regularMarketDayHigh": 16.25, "regularMarketDayLow": 15.4, "regularMarketVolume": 1231, "averageDailyVolume10Day": 143, "averageDailyVolume3Month": 7770, "regularMarketPreviousClose": 16.2, "regularMarketSource": "FREE_REALTIME", "regularMarketOpen": 16.25, "exchange": "BSE", "exchangeName": "BSE", "exchangeDataDelayedBy": 0, "marketState": "CLOSED", "quoteType": "EQUITY", "symbol": "PRANAVSP.BO", "underlyingSymbol": null, "shortName": "PRANAVADITYA SPINNING MILLS LT", "longName": "Pranavaditya Spinning Mills Limited", "currency": "INR", "quoteSourceName": "Delayed Quote", "currencySymbol": "\u20b9", "fromCurrency": null, "toCurrency": null, "lastMarket": null, "marketCap": 296316000}, "balanceSheetHistory": {"balanceSheetStatements": [{"maxAge": 1, "endDate": "2020-03-31", "cash": 30120000, "netReceivables": 44558000, "inventory": 66219000, "otherCurrentAssets": 38899000, "totalCurrentAssets": 179796000, "propertyPlantEquipment": 253488000, "otherAssets": 1987000, "deferredLongTermAssetCharges": 1918000, "totalAssets": 435271000, "accountsPayable": 106098000, "otherCurrentLiab": 26722000, "otherLiab": 6540000, "totalCurrentLiabilities": 132820000, "totalLiab": 139360000, "commonStock": 192413000, "retainedEarnings": 100998000, "treasuryStock": 2500000, "otherStockholderEquity": 2500000, "totalStockholderEquity": 295911000, "netTangibleAssets": 295911000}, {"maxAge": 1, "endDate": "2019-03-31", "cash": 3203000, "netReceivables": 94164000, "inventory": 72578000, "otherCurrentAssets": 39384000, "totalCurrentAssets": 209329000, "propertyPlantEquipment": 265889000, "otherAssets": 69000, "totalAssets": 475287000, "accountsPayable": 86265000, "otherCurrentLiab": 49308000, "otherLiab": 16779000, "totalCurrentLiabilities": 135573000, "totalLiab": 152352000, "commonStock": 192413000, "retainedEarnings": 128022000, "treasuryStock": 2500000, "otherStockholderEquity": 2500000, "totalStockholderEquity": 322935000, "netTangibleAssets": 322935000}, {"maxAge": 1, "endDate": "2018-03-31", "cash": 27936000, "netReceivables": 74670000, "inventory": 82650000, "otherCurrentAssets": 39771000, "totalCurrentAssets": 225027000, "longTermInvestments": 16000, "propertyPlantEquipment": 276138000, "otherAssets": 209000, "totalAssets": 501390000, "accountsPayable": 102257000, "otherCurrentLiab": 49672000, "otherLiab": 20307000, "totalCurrentLiabilities": 151929000, "totalLiab": 172236000, "commonStock": 192413000, "retainedEarnings": 134241000, "treasuryStock": 2500000, "otherStockholderEquity": 2500000, "totalStockholderEquity": 329154000, "netTangibleAssets": 329154000}, {"maxAge": 1, "endDate": "2017-03-31", "cash": 8324000, "netReceivables": 61734000, "inventory": 111041000, "otherCurrentAssets": 28630000, "totalCurrentAssets": 209729000, "longTermInvestments": 16000, "propertyPlantEquipment": 280767000, "otherAssets": 4225000, "totalAssets": 494737000, "accountsPayable": 65197000, "otherCurrentLiab": 57832000, "otherLiab": 26018000, "totalCurrentLiabilities": 123863000, "totalLiab": 149881000, "commonStock": 192413000, "retainedEarnings": 149943000, "treasuryStock": 2500000, "otherStockholderEquity": 2500000, "totalStockholderEquity": 344856000, "netTangibleAssets": 344856000}], "maxAge": 86400}, "financialData": {"maxAge": 86400, "currentPrice": 15.4, "recommendationKey": "none", "grossProfits": 176755000, "financialCurrency": "INR"}}}