{"PRATIKSH.BO": {"cashflowStatementHistory": {"cashflowStatements": [{"maxAge": 1, "endDate": "2020-03-31", "netIncome": -1599000, "depreciation": 2577000, "changeToNetincome": 3625000, "changeToAccountReceivables": -4846000, "changeToLiabilities": -8322000, "changeToInventory": 29706000, "changeToOperatingActivities": -1526000, "totalCashFromOperatingActivities": 19615000, "capitalExpenditures": -1454000, "otherCashflowsFromInvestingActivities": 1068000, "totalCashflowsFromInvestingActivities": -386000, "netBorrowings": -17739000, "otherCashflowsFromFinancingActivities": -1593000, "totalCashFromFinancingActivities": -19332000, "changeInCash": -103000}, {"maxAge": 1, "endDate": "2019-03-31", "netIncome": 69000, "depreciation": 2910000, "changeToNetincome": 1540000, "changeToAccountReceivables": -8665000, "changeToLiabilities": 8882000, "changeToInventory": -9737000, "changeToOperatingActivities": 781000, "totalCashFromOperatingActivities": -4220000, "capitalExpenditures": -1597000, "otherCashflowsFromInvestingActivities": 1514000, "totalCashflowsFromInvestingActivities": -83000, "netBorrowings": 2074000, "otherCashflowsFromFinancingActivities": -1902300, "totalCashFromFinancingActivities": 171700, "changeInCash": -4132000}, {"maxAge": 1, "endDate": "2018-03-31", "netIncome": 287000, "depreciation": 2815000, "changeToNetincome": 1271000, "changeToAccountReceivables": 7124000, "changeToLiabilities": -1409000, "changeToInventory": -2716000, "changeToOperatingActivities": -461000, "totalCashFromOperatingActivities": 6911000, "capitalExpenditures": -2958000, "investments": -58000, "otherCashflowsFromInvestingActivities": 766000, "totalCashflowsFromInvestingActivities": -2250000, "netBorrowings": 679000, "otherCashflowsFromFinancingActivities": -1364000, "totalCashFromFinancingActivities": -685000, "changeInCash": 3976000}, {"maxAge": 1, "endDate": "2017-03-31", "netIncome": 1522000, "depreciation": 2867000, "changeToNetincome": 1533000, "changeToAccountReceivables": -8176000, "changeToLiabilities": 1942000, "changeToInventory": 11546000, "changeToOperatingActivities": 552000, "totalCashFromOperatingActivities": 11786000, "capitalExpenditures": -4293000, "investments": -130000, "otherCashflowsFromInvestingActivities": 461000, "totalCashflowsFromInvestingActivities": -3962000, "netBorrowings": -6093000, "otherCashflowsFromFinancingActivities": -1535000, "totalCashFromFinancingActivities": -7628000, "changeInCash": 197000}], "maxAge": 86400}, "institutionOwnership": {"maxAge": 1, "ownershipList": []}, "balanceSheetHistoryQuarterly": {"balanceSheetStatements": [{"maxAge": 1, "endDate": "2020-06-30", "totalStockholderEquity": 27793700, "netTangibleAssets": 27793700}, {"maxAge": 1, "endDate": "2020-03-31", "cash": 2021500, "netReceivables": 31136200, "inventory": 7553000, "totalCurrentAssets": 40710700, "longTermInvestments": 1184200, "propertyPlantEquipment": 17070200, "otherAssets": 1003300, "totalAssets": 59968400, "accountsPayable": 26943500, "shortLongTermDebt": 1449700, "otherCurrentLiab": 751600, "longTermDebt": 1995800, "otherLiab": 977200, "totalCurrentLiabilities": 29201700, "totalLiab": 32174700, "commonStock": 55703400, "treasuryStock": -27909700, "otherStockholderEquity": -27909700, "totalStockholderEquity": 27793700, "netTangibleAssets": 27793700}, {"maxAge": 1, "endDate": "2019-12-31", "totalStockholderEquity": 29543000, "netTangibleAssets": 29543000}, {"maxAge": 1, "endDate": "2019-09-30", "cash": 384000, "shortTermInvestments": 1239000, "netReceivables": 23085000, "inventory": 18498000, "totalCurrentAssets": 43206000, "longTermInvestments": 821000, "propertyPlantEquipment": 18071000, "otherAssets": 1860000, "deferredLongTermAssetCharges": 1860000, "totalAssets": 63958000, "accountsPayable": 24529000, "shortLongTermDebt": 7775000, "otherCurrentLiab": 241000, "longTermDebt": 1526000, "totalCurrentLiabilities": 32889000, "totalLiab": 34415000, "commonStock": 55703000, "treasuryStock": -26160000, "otherStockholderEquity": -26160000, "totalStockholderEquity": 29543000, "netTangibleAssets": 29543000}], "maxAge": 86400}, "indexTrend": {"maxAge": 1, "symbol": "SP5", "peRatio": 19.7411, "pegRatio": 1.34172, "estimates": [{"period": "0q", "growth": 0.549}, {"period": "+1q", "growth": 0.431}, {"period": "0y", "growth": 0.305}, {"period": "+1y", "growth": 0.109}, {"period": "+5y", "growth": 0.120859005}, {"period": "-5y"}]}, "insiderTransactions": {"transactions": [{"maxAge": 1, "shares": 293950, "filerUrl": "", "transactionText": "", "filerName": "Patel (Jayesh K)", "filerRelation": "Director", "moneyText": "", "startDate": "2019-05-27", "ownership": "D"}, {"maxAge": 1, "shares": 28200, "filerUrl": "", "transactionText": "", "filerName": "Adhvaryu (Purnima)", "filerRelation": "Promoter", "moneyText": "", "startDate": "2019-02-23", "ownership": "D"}, {"maxAge": 1, "shares": 28200, "filerUrl": "", "transactionText": "", "filerName": "Bhatt (Harishbhai K)", "filerRelation": "Chairman of the Board", "moneyText": "", "startDate": "2019-02-23", "ownership": "D"}], "maxAge": 1}, "quoteType": {"exchange": "BSE", "quoteType": "EQUITY", "symbol": "PRATIKSH.BO", "underlyingSymbol": "PRATIKSH.BO", "shortName": "PRATIKSHA CHEMICALS LTD.", "longName": "Pratiksha Chemicals Limited", "firstTradeDateEpochUtc": "2002-12-03 09:15:00", "timeZoneFullName": "Asia/Kolkata", "timeZoneShortName": "IST", "uuid": "c5e426d8-5894-39cc-95ca-da5d6098f043", "messageBoardId": null, "gmtOffSetMilliseconds": 19800000, "maxAge": 1}, "incomeStatementHistory": {"incomeStatementHistory": [{"maxAge": 1, "endDate": "2020-03-31", "totalRevenue": 161001000, "costOfRevenue": 132611000, "grossProfit": 28390000, "researchDevelopment": {}, "sellingGeneralAdministrative": 10891000, "nonRecurring": {}, "otherOperatingExpenses": 12183000, "totalOperatingExpenses": 158262000, "operatingIncome": 2739000, "totalOtherIncomeExpenseNet": -1593000, "ebit": 2739000, "interestExpense": -1593000, "incomeBeforeTax": 1146000, "incomeTaxExpense": 2745000, "minorityInterest": {}, "netIncomeFromContinuingOps": -1599000, "discontinuedOperations": {}, "extraordinaryItems": {}, "effectOfAccountingCharges": {}, "otherItems": {}, "netIncome": -1599000, "netIncomeApplicableToCommonShares": -1599000}, {"maxAge": 1, "endDate": "2019-03-31", "totalRevenue": 115951000, "costOfRevenue": 89241000, "grossProfit": 26710000, "researchDevelopment": {}, "sellingGeneralAdministrative": 9577000, "nonRecurring": {}, "otherOperatingExpenses": 11574000, "totalOperatingExpenses": 113302000, "operatingIncome": 2649000, "totalOtherIncomeExpenseNet": -1840000, "ebit": 2649000, "interestExpense": -1902000, "incomeBeforeTax": 809000, "incomeTaxExpense": 740000, "minorityInterest": {}, "netIncomeFromContinuingOps": 69000, "discontinuedOperations": {}, "extraordinaryItems": {}, "effectOfAccountingCharges": {}, "otherItems": {}, "netIncome": 69000, "netIncomeApplicableToCommonShares": 69000}, {"maxAge": 1, "endDate": "2018-03-31", "totalRevenue": 108955000, "costOfRevenue": 81316000, "grossProfit": 27639000, "researchDevelopment": {}, "sellingGeneralAdministrative": 8985000, "nonRecurring": {}, "otherOperatingExpenses": 13154000, "totalOperatingExpenses": 106270000, "operatingIncome": 2685000, "totalOtherIncomeExpenseNet": -1300000, "ebit": 2685000, "interestExpense": -1364000, "incomeBeforeTax": 1385000, "incomeTaxExpense": 1098000, "minorityInterest": {}, "netIncomeFromContinuingOps": 287000, "discontinuedOperations": {}, "extraordinaryItems": {}, "effectOfAccountingCharges": {}, "otherItems": {}, "netIncome": 287000, "netIncomeApplicableToCommonShares": 287000}, {"maxAge": 1, "endDate": "2017-03-31", "totalRevenue": 127300000, "costOfRevenue": 105257000, "grossProfit": 22043000, "researchDevelopment": {}, "sellingGeneralAdministrative": 8446000, "nonRecurring": {}, "otherOperatingExpenses": 8689000, "totalOperatingExpenses": 125259000, "operatingIncome": 2041000, "totalOtherIncomeExpenseNet": -1473000, "ebit": 2041000, "interestExpense": -1473000, "incomeBeforeTax": 568000, "incomeTaxExpense": -954000, "minorityInterest": {}, "netIncomeFromContinuingOps": 1522000, "discontinuedOperations": {}, "extraordinaryItems": {}, "effectOfAccountingCharges": {}, "otherItems": {}, "netIncome": 1522000, "netIncomeApplicableToCommonShares": 1522000}], "maxAge": 86400}, "fundOwnership": {"maxAge": 1, "ownershipList": []}, "summaryDetail": {"maxAge": 1, "priceHint": 2, "previousClose": 6.3, "open": 6.61, "dayLow": 6.59, "dayHigh": 6.61, "regularMarketPreviousClose": 6.3, "regularMarketOpen": 6.61, "regularMarketDayLow": 6.59, "regularMarketDayHigh": 6.61, "volume": 1514, "regularMarketVolume": 1514, "averageVolume": 793, "averageVolume10days": 841, "averageDailyVolume10Day": 841, "bid": 6.02, "ask": 6.59, "bidSize": 0, "askSize": 0, "marketCap": 36708540, "fiftyTwoWeekLow": 1.95, "fiftyTwoWeekHigh": 7.98, "fiftyDayAverage": 6.3565717, "twoHundredDayAverage": 6.218029, "currency": "INR", "fromCurrency": null, "toCurrency": null, "lastMarket": null, "algorithm": null, "tradeable": false}, "incomeStatementHistoryQuarterly": {"incomeStatementHistory": [{"maxAge": 1, "endDate": "2020-06-30", "totalRevenue": 14094000, "costOfRevenue": 9034000, "grossProfit": 5060000, "researchDevelopment": {}, "sellingGeneralAdministrative": 2190000, "nonRecurring": {}, "otherOperatingExpenses": 2004000, "totalOperatingExpenses": 13872000, "operatingIncome": 222000, "totalOtherIncomeExpenseNet": -73000, "ebit": 222000, "interestExpense": -73000, "incomeBeforeTax": 149000, "incomeTaxExpense": 38000, "minorityInterest": {}, "netIncomeFromContinuingOps": 111000, "discontinuedOperations": {}, "extraordinaryItems": {}, "effectOfAccountingCharges": {}, "otherItems": {}, "netIncome": 111000, "netIncomeApplicableToCommonShares": 111000}, {"maxAge": 1, "endDate": "2020-03-31", "totalRevenue": 37634000, "costOfRevenue": 31377000, "grossProfit": 6257000, "researchDevelopment": {}, "sellingGeneralAdministrative": 3344000, "nonRecurring": {}, "otherOperatingExpenses": 2804000, "totalOperatingExpenses": 37636000, "operatingIncome": -2000, "totalOtherIncomeExpenseNet": -393000, "ebit": -2000, "interestExpense": -393000, "incomeBeforeTax": -395000, "incomeTaxExpense": 2406000, "minorityInterest": {}, "netIncomeFromContinuingOps": -2801000, "discontinuedOperations": {}, "extraordinaryItems": {}, "effectOfAccountingCharges": {}, "otherItems": {}, "netIncome": -2801000, "netIncomeApplicableToCommonShares": -2801000}, {"maxAge": 1, "endDate": "2019-12-31", "totalRevenue": 42099000, "costOfRevenue": 34044000, "grossProfit": 8055000, "researchDevelopment": {}, "sellingGeneralAdministrative": 4957000, "nonRecurring": {}, "otherOperatingExpenses": 1412000, "totalOperatingExpenses": 41235000, "operatingIncome": 864000, "totalOtherIncomeExpenseNet": -222000, "ebit": 864000, "interestExpense": -222000, "incomeBeforeTax": 642000, "incomeTaxExpense": 163000, "minorityInterest": {}, "netIncomeFromContinuingOps": 479000, "discontinuedOperations": {}, "extraordinaryItems": {}, "effectOfAccountingCharges": {}, "otherItems": {}, "netIncome": 479000, "netIncomeApplicableToCommonShares": 479000}, {"maxAge": 1, "endDate": "2019-09-30", "totalRevenue": 40316000, "costOfRevenue": 33152000, "grossProfit": 7164000, "researchDevelopment": {}, "sellingGeneralAdministrative": 389000, "nonRecurring": {}, "otherOperatingExpenses": 5005000, "totalOperatingExpenses": 39368000, "operatingIncome": 948000, "totalOtherIncomeExpenseNet": -455000, "ebit": 948000, "interestExpense": -455000, "incomeBeforeTax": 493000, "incomeTaxExpense": 77000, "minorityInterest": {}, "netIncomeFromContinuingOps": 416000, "discontinuedOperations": {}, "extraordinaryItems": {}, "effectOfAccountingCharges": {}, "otherItems": {}, "netIncome": 416000, "netIncomeApplicableToCommonShares": 416000}], "maxAge": 86400}, "cashflowStatementHistoryQuarterly": {"cashflowStatements": [{"maxAge": 1, "endDate": "2020-06-30", "netIncome": 111000, "changeToLiabilities": 0}, {"maxAge": 1, "endDate": "2020-03-31", "netIncome": -2801000, "changeToLiabilities": 0}, {"maxAge": 1, "endDate": "2019-12-31", "netIncome": 479000, "changeToLiabilities": 0}, {"maxAge": 1, "endDate": "2019-09-30", "netIncome": 416000, "changeToLiabilities": 0}], "maxAge": 86400}, "insiderHolders": {"holders": [{"maxAge": 1, "name": "Adhvaryu (Purnima)", "relation": "Promoter", "url": "", "transactionDescription": "Other", "latestTransDate": "2019-02-23", "positionDirect": 19800, "positionDirectDate": "2019-02-23"}, {"maxAge": 1, "name": "Bhatt (Harishbhai K)", "relation": "Chairman of the Board", "url": "", "transactionDescription": "Other", "latestTransDate": "2019-02-23", "positionDirect": 795890, "positionDirectDate": "2019-02-23"}, {"maxAge": 1, "name": "Patel (Jayesh K)", "relation": "Director", "url": "", "transactionDescription": "Acquisition", "latestTransDate": "2019-05-27", "positionDirect": 353950, "positionDirectDate": "2019-05-27"}], "maxAge": 1}, "calendarEvents": {"maxAge": 1, "earnings": {"earningsDate": []}}, "price": {"maxAge": 1, "regularMarketChangePercent": 0.046031736, "regularMarketChange": 0.28999996, "regularMarketTime": "2021-04-30 15:15:00", "priceHint": 2, "regularMarketPrice": 6.59, "regularMarketDayHigh": 6.61, "regularMarketDayLow": 6.59, "regularMarketVolume": 1514, "averageDailyVolume10Day": 841, "averageDailyVolume3Month": 793, "regularMarketPreviousClose": 6.3, "regularMarketSource": "FREE_REALTIME", "regularMarketOpen": 6.61, "exchange": "BSE", "exchangeName": "BSE", "exchangeDataDelayedBy": 0, "marketState": "CLOSED", "quoteType": "EQUITY", "symbol": "PRATIKSH.BO", "underlyingSymbol": null, "shortName": "PRATIKSHA CHEMICALS LTD.", "longName": "Pratiksha Chemicals Limited", "currency": "INR", "quoteSourceName": "Delayed Quote", "currencySymbol": "\u20b9", "fromCurrency": null, "toCurrency": null, "lastMarket": null, "marketCap": 36708540}, "balanceSheetHistory": {"balanceSheetStatements": [{"maxAge": 1, "endDate": "2020-03-31", "cash": 2021500, "netReceivables": 31136200, "inventory": 7553000, "totalCurrentAssets": 40710700, "longTermInvestments": 1184200, "propertyPlantEquipment": 17070200, "otherAssets": 1003300, "totalAssets": 59968400, "accountsPayable": 26943500, "shortLongTermDebt": 1449700, "otherCurrentLiab": 751600, "longTermDebt": 1995800, "otherLiab": 977200, "totalCurrentLiabilities": 29201700, "totalLiab": 32174700, "commonStock": 55703400, "treasuryStock": -27909700, "otherStockholderEquity": -27909700, "totalStockholderEquity": 27793700, "netTangibleAssets": 27793700}, {"maxAge": 1, "endDate": "2019-03-31", "cash": 223000, "netReceivables": 26290000, "inventory": 37259000, "otherCurrentAssets": 4000, "totalCurrentAssets": 63877000, "longTermInvestments": 771000, "propertyPlantEquipment": 18194000, "otherAssets": 3537000, "deferredLongTermAssetCharges": 1288000, "totalAssets": 86379000, "accountsPayable": 33808000, "shortLongTermDebt": 297000, "otherCurrentLiab": 1654000, "longTermDebt": 20888000, "otherLiab": -1000, "totalCurrentLiabilities": 36099000, "totalLiab": 56986000, "commonStock": 55703000, "retainedEarnings": -30625000, "treasuryStock": 1000, "capitalSurplus": 4314000, "otherStockholderEquity": 1000, "totalStockholderEquity": 29393000, "netTangibleAssets": 29393000}, {"maxAge": 1, "endDate": "2018-03-31", "cash": 4354000, "netReceivables": 17625000, "inventory": 27522000, "otherCurrentAssets": 363000, "totalCurrentAssets": 49984000, "longTermInvestments": 1087000, "propertyPlantEquipment": 19508000, "otherAssets": 4735000, "deferredLongTermAssetCharges": 1861000, "totalAssets": 75314000, "accountsPayable": 25553000, "shortLongTermDebt": 272000, "otherCurrentLiab": 1244000, "longTermDebt": 18839000, "totalCurrentLiabilities": 27152000, "totalLiab": 45991000, "commonStock": 55703000, "retainedEarnings": -30694000, "capitalSurplus": 4314000, "totalStockholderEquity": 29323000, "netTangibleAssets": 29323000}, {"maxAge": 1, "endDate": "2017-03-31", "cash": 377000, "netReceivables": 24749000, "inventory": 24805000, "otherCurrentAssets": 1000, "totalCurrentAssets": 50071000, "longTermInvestments": 1030000, "propertyPlantEquipment": 19364000, "otherAssets": 5500000, "deferredLongTermAssetCharges": 3058000, "totalAssets": 75965000, "accountsPayable": 26946103, "otherCurrentLiab": 1516897, "longTermDebt": 18431000, "otherLiab": 1000, "totalCurrentLiabilities": 28496000, "totalLiab": 46928000, "commonStock": 55703000, "retainedEarnings": -30980914, "capitalSurplus": 4314914, "totalStockholderEquity": 29037000, "netTangibleAssets": 29037000}], "maxAge": 86400}, "financialData": {"maxAge": 86400, "currentPrice": 6.59, "recommendationKey": "none", "grossProfits": 28390000, "financialCurrency": "INR"}}}