{"PRAXIS.BO": {"cashflowStatementHistory": {"cashflowStatements": [{"maxAge": 1, "endDate": "2020-03-31", "netIncome": -807383000, "depreciation": 566978000, "changeToNetincome": 494469000, "changeToAccountReceivables": -51115000, "changeToLiabilities": -1207988000, "changeToInventory": 182556000, "changeToOperatingActivities": 48331000, "totalCashFromOperatingActivities": -772130000, "capitalExpenditures": -8658000, "otherCashflowsFromInvestingActivities": -17470000, "totalCashflowsFromInvestingActivities": -26128000, "netBorrowings": 355664000, "otherCashflowsFromFinancingActivities": -384418000, "totalCashFromFinancingActivities": 721246000, "changeInCash": -77012000, "issuanceOfStock": 750000000}, {"maxAge": 1, "endDate": "2019-03-31", "netIncome": -269377000, "depreciation": 2751000, "changeToNetincome": 73132000, "changeToAccountReceivables": -86778000, "changeToLiabilities": 303119000, "changeToInventory": -155785000, "changeToOperatingActivities": 122222000, "totalCashFromOperatingActivities": -9347000, "capitalExpenditures": -10212000, "otherCashflowsFromInvestingActivities": -30589000, "totalCashflowsFromInvestingActivities": -40801000, "netBorrowings": 166306000, "otherCashflowsFromFinancingActivities": -24663000, "totalCashFromFinancingActivities": 141643000, "changeInCash": 91495000, "issuanceOfStock": 750000000}, {"maxAge": 1, "endDate": "2018-03-31", "netIncome": -19910000, "depreciation": 1067000, "changeToNetincome": -4801000, "changeToAccountReceivables": -70624000, "changeToLiabilities": 842898000, "changeToInventory": -389366000, "changeToOperatingActivities": -349082000, "totalCashFromOperatingActivities": 12059000, "capitalExpenditures": -10212000, "investments": 2018000, "otherCashflowsFromInvestingActivities": -30589000, "totalCashflowsFromInvestingActivities": 2018000, "netBorrowings": 12873000, "otherCashflowsFromFinancingActivities": -26016000, "totalCashFromFinancingActivities": -13143000, "changeInCash": 38029000, "issuanceOfStock": 750000000}, {"maxAge": 1, "endDate": "2017-03-31", "netIncome": -200602000, "depreciation": 1981000, "changeToNetincome": -1362000, "changeToAccountReceivables": 4000, "changeToLiabilities": 78299000, "changeToInventory": 47727000, "changeToOperatingActivities": 57004000, "totalCashFromOperatingActivities": -15707000, "capitalExpenditures": -5790000, "investments": -2018000, "otherCashflowsFromInvestingActivities": 918000, "totalCashflowsFromInvestingActivities": -6890000, "netBorrowings": 12873000, "otherCashflowsFromFinancingActivities": -26016000, "totalCashFromFinancingActivities": 400000, "changeInCash": 7881000, "issuanceOfStock": 400000}], "maxAge": 86400}, "institutionOwnership": {"maxAge": 1, "ownershipList": []}, "balanceSheetHistoryQuarterly": {"balanceSheetStatements": [{"maxAge": 1, "endDate": "2020-06-30", "totalStockholderEquity": 375115000, "netTangibleAssets": 370549000}, {"maxAge": 1, "endDate": "2020-03-31", "cash": 60396000, "netReceivables": 439980000, "inventory": 1760586000, "otherCurrentAssets": 218204000, "totalCurrentAssets": 2488971000, "propertyPlantEquipment": 2703165000, "intangibleAssets": 4566000, "otherAssets": 1054339000, "totalAssets": 6251041000, "accountsPayable": 1400060000, "otherCurrentLiab": 526194000, "longTermDebt": 49973000, "otherLiab": 54171000, "totalCurrentLiabilities": 3612574000, "totalLiab": 5875926000, "commonStock": 138166000, "retainedEarnings": -1310675000, "treasuryStock": 1244624000, "capitalSurplus": 303000000, "otherStockholderEquity": 1244624000, "totalStockholderEquity": 375115000, "netTangibleAssets": 370549000}, {"maxAge": 1, "endDate": "2019-12-31", "totalStockholderEquity": 20000, "netTangibleAssets": -5553000}, {"maxAge": 1, "endDate": "2019-09-30", "cash": 99029000, "netReceivables": 499639000, "inventory": 1953228000, "otherCurrentAssets": 217964000, "totalCurrentAssets": 2769860000, "propertyPlantEquipment": 3397136000, "intangibleAssets": 5573000, "otherAssets": 1076097000, "totalAssets": 7248666000, "accountsPayable": 1716513000, "otherCurrentLiab": 787377000, "longTermDebt": 47905000, "otherLiab": 28789000, "totalCurrentLiabilities": 4397434000, "totalLiab": 7248646000, "commonStock": 123166000, "treasuryStock": -123146000, "otherStockholderEquity": -123146000, "totalStockholderEquity": 20000, "netTangibleAssets": -5553000}], "maxAge": 86400}, "indexTrend": {"maxAge": 1, "symbol": "SP5", "peRatio": 19.7411, "pegRatio": 1.34172, "estimates": [{"period": "0q", "growth": 0.549}, {"period": "+1q", "growth": 0.431}, {"period": "0y", "growth": 0.305}, {"period": "+1y", "growth": 0.109}, {"period": "+5y", "growth": 0.120865}, {"period": "-5y"}]}, "insiderTransactions": {"transactions": [{"maxAge": 1, "shares": 43512, "filerUrl": "", "transactionText": "", "filerName": "Biyani (Sangita)", "filerRelation": "Promoter", "moneyText": "", "startDate": "2019-06-14", "ownership": "D"}, {"maxAge": 1, "shares": 43554, "filerUrl": "", "transactionText": "", "filerName": "Biyani (Sangita)", "filerRelation": "Promoter", "moneyText": "", "startDate": "2019-06-14", "ownership": "D"}, {"maxAge": 1, "shares": 6449, "filerUrl": "", "transactionText": "", "filerName": "Biyani (Sangita)", "filerRelation": "Promoter", "moneyText": "", "startDate": "2019-06-13", "ownership": "D"}, {"maxAge": 1, "shares": 3783, "filerUrl": "", "transactionText": "", "filerName": "Biyani (Avni)", "filerRelation": "Promoter", "moneyText": "", "startDate": "2019-06-12", "ownership": "D"}, {"maxAge": 1, "shares": 6586, "filerUrl": "", "transactionText": "", "filerName": "Biyani (Sangita)", "filerRelation": "Promoter", "moneyText": "", "startDate": "2019-06-12", "ownership": "D"}, {"maxAge": 1, "shares": 6288, "filerUrl": "", "transactionText": "", "filerName": "Biyani (Sangita)", "filerRelation": "Promoter", "moneyText": "", "startDate": "2019-06-12", "ownership": "D"}, {"maxAge": 1, "shares": 110000, "filerUrl": "", "transactionText": "", "filerName": "Surplus Finvest Pvt. Ltd.", "filerRelation": "Institution- Corporation", "moneyText": "", "startDate": "2019-03-27", "ownership": "D"}, {"maxAge": 1, "shares": 110000, "filerUrl": "", "transactionText": "", "filerName": "Biyani (Sangita)", "filerRelation": "UNREPORTED", "moneyText": "", "startDate": "2019-03-27", "ownership": "D"}], "maxAge": 1}, "quoteType": {"exchange": "BSE", "quoteType": "EQUITY", "symbol": "PRAXIS.BO", "underlyingSymbol": "PRAXIS.BO", "shortName": "Praxis Home Retail Limited", "longName": "Praxis Home Retail Limited", "firstTradeDateEpochUtc": "2018-01-31 09:15:00", "timeZoneFullName": "Asia/Kolkata", "timeZoneShortName": "IST", "uuid": "7ef955e2-b1ba-37da-ab27-09293f186829", "messageBoardId": null, "gmtOffSetMilliseconds": 19800000, "maxAge": 1}, "incomeStatementHistory": {"incomeStatementHistory": [{"maxAge": 1, "endDate": "2020-03-31", "totalRevenue": 7027739000, "costOfRevenue": 4410981000, "grossProfit": 2616758000, "researchDevelopment": {}, "sellingGeneralAdministrative": 1545695000, "nonRecurring": {}, "otherOperatingExpenses": 902333000, "totalOperatingExpenses": 7428009000, "operatingIncome": -400270000, "totalOtherIncomeExpenseNet": -406976000, "ebit": -400270000, "interestExpense": -383537000, "incomeBeforeTax": -807246000, "incomeTaxExpense": 137000, "minorityInterest": {}, "netIncomeFromContinuingOps": -807383000, "discontinuedOperations": {}, "extraordinaryItems": {}, "effectOfAccountingCharges": {}, "otherItems": {}, "netIncome": -807383000, "netIncomeApplicableToCommonShares": -807383000}, {"maxAge": 1, "endDate": "2019-03-31", "totalRevenue": 6828056000, "costOfRevenue": 4040853000, "grossProfit": 2787203000, "researchDevelopment": {}, "sellingGeneralAdministrative": 1825641000, "nonRecurring": {}, "otherOperatingExpenses": 1158767000, "totalOperatingExpenses": 7029381000, "operatingIncome": -201325000, "totalOtherIncomeExpenseNet": -59657000, "ebit": -201325000, "interestExpense": -16507000, "incomeBeforeTax": -260982000, "incomeTaxExpense": 8395000, "minorityInterest": {}, "netIncomeFromContinuingOps": -269377000, "discontinuedOperations": {}, "extraordinaryItems": {}, "effectOfAccountingCharges": {}, "otherItems": {}, "netIncome": -269377000, "netIncomeApplicableToCommonShares": -269377000}, {"maxAge": 1, "endDate": "2018-03-31", "totalRevenue": 3805912000, "costOfRevenue": 2342412000, "grossProfit": 1463500000, "researchDevelopment": {}, "sellingGeneralAdministrative": 1091070000, "nonRecurring": {}, "otherOperatingExpenses": 397121000, "totalOperatingExpenses": 3833547000, "operatingIncome": -27635000, "totalOtherIncomeExpenseNet": -120000, "ebit": -27635000, "interestExpense": -8031000, "incomeBeforeTax": -27755000, "incomeTaxExpense": -7845000, "minorityInterest": {}, "netIncomeFromContinuingOps": -19910000, "discontinuedOperations": {}, "extraordinaryItems": {}, "effectOfAccountingCharges": {}, "otherItems": {}, "netIncome": -19910000, "netIncomeApplicableToCommonShares": -19910000}, {"maxAge": 1, "endDate": "2017-03-31", "totalRevenue": 66523000, "costOfRevenue": 49997000, "grossProfit": 16526000, "researchDevelopment": {}, "sellingGeneralAdministrative": 152797000, "nonRecurring": {}, "otherOperatingExpenses": 63584000, "totalOperatingExpenses": 269601000, "operatingIncome": -203078000, "totalOtherIncomeExpenseNet": 914000, "ebit": -203078000, "interestExpense": -8031000, "incomeBeforeTax": -202164000, "incomeTaxExpense": -1562000, "minorityInterest": {}, "netIncomeFromContinuingOps": -200602000, "discontinuedOperations": {}, "extraordinaryItems": {}, "effectOfAccountingCharges": {}, "otherItems": {}, "netIncome": -200602000, "netIncomeApplicableToCommonShares": -200602000}], "maxAge": 86400}, "fundOwnership": {"maxAge": 1, "ownershipList": []}, "summaryDetail": {"maxAge": 1, "priceHint": 2, "previousClose": 35.5, "open": 34.05, "dayLow": 33.75, "dayHigh": 36.45, "regularMarketPreviousClose": 35.5, "regularMarketOpen": 34.05, "regularMarketDayLow": 33.75, "regularMarketDayHigh": 36.45, "volume": 5441, "regularMarketVolume": 5441, "averageVolume": 7023, "averageVolume10days": 1956, "averageDailyVolume10Day": 1956, "bid": 33.8, "ask": 34.2, "bidSize": 0, "askSize": 0, "marketCap": 945055488, "fiftyTwoWeekLow": 25.5, "fiftyTwoWeekHigh": 85.0, "fiftyDayAverage": 51.225, "twoHundredDayAverage": 39.6375, "currency": "INR", "fromCurrency": null, "toCurrency": null, "lastMarket": null, "algorithm": null, "tradeable": false}, "incomeStatementHistoryQuarterly": {"incomeStatementHistory": [{"maxAge": 1, "endDate": "2020-06-30", "totalRevenue": 231422000, "costOfRevenue": 169247000, "grossProfit": 62175000, "researchDevelopment": {}, "sellingGeneralAdministrative": 82260000, "nonRecurring": {}, "otherOperatingExpenses": 129135000, "totalOperatingExpenses": 525612000, "operatingIncome": -294190000, "totalOtherIncomeExpenseNet": -94258000, "ebit": -294190000, "interestExpense": -94258000, "incomeBeforeTax": -388448000, "incomeTaxExpense": 0, "minorityInterest": {}, "netIncomeFromContinuingOps": -388448000, "discontinuedOperations": {}, "extraordinaryItems": {}, "effectOfAccountingCharges": {}, "otherItems": {}, "netIncome": -388448000, "netIncomeApplicableToCommonShares": -388448000}, {"maxAge": 1, "endDate": "2020-03-31", "totalRevenue": 1518820000, "costOfRevenue": 1041577000, "grossProfit": 477243000, "researchDevelopment": {}, "sellingGeneralAdministrative": 552847000, "nonRecurring": {}, "otherOperatingExpenses": -78948000, "totalOperatingExpenses": 1660624000, "operatingIncome": -141804000, "totalOtherIncomeExpenseNet": -106640000, "ebit": -141804000, "interestExpense": -83201000, "incomeBeforeTax": -248444000, "incomeTaxExpense": 137000, "minorityInterest": {}, "netIncomeFromContinuingOps": -248581000, "discontinuedOperations": {}, "extraordinaryItems": {}, "effectOfAccountingCharges": {}, "otherItems": {}, "netIncome": -248581000, "netIncomeApplicableToCommonShares": -248581000}, {"maxAge": 1, "endDate": "2019-12-31", "totalRevenue": 1951951000, "costOfRevenue": 1176463000, "grossProfit": 775488000, "researchDevelopment": {}, "sellingGeneralAdministrative": 333988000, "nonRecurring": {}, "otherOperatingExpenses": 306572000, "totalOperatingExpenses": 1965541000, "operatingIncome": -13590000, "totalOtherIncomeExpenseNet": -105171000, "ebit": -13590000, "interestExpense": -105171000, "incomeBeforeTax": -118761000, "incomeTaxExpense": 0, "minorityInterest": {}, "netIncomeFromContinuingOps": -118761000, "discontinuedOperations": {}, "extraordinaryItems": {}, "effectOfAccountingCharges": {}, "otherItems": {}, "netIncome": -118761000, "netIncomeApplicableToCommonShares": -118761000}, {"maxAge": 1, "endDate": "2019-09-30", "totalRevenue": 1931502000, "costOfRevenue": 1174867000, "grossProfit": 756635000, "researchDevelopment": {}, "sellingGeneralAdministrative": 341439000, "nonRecurring": {}, "otherOperatingExpenses": 354344000, "totalOperatingExpenses": 2012144000, "operatingIncome": -80642000, "totalOtherIncomeExpenseNet": -104111000, "ebit": -80642000, "interestExpense": -104111000, "incomeBeforeTax": -184753000, "incomeTaxExpense": 0, "minorityInterest": {}, "netIncomeFromContinuingOps": -184753000, "discontinuedOperations": {}, "extraordinaryItems": {}, "effectOfAccountingCharges": {}, "otherItems": {}, "netIncome": -184753000, "netIncomeApplicableToCommonShares": -184753000}], "maxAge": 86400}, "cashflowStatementHistoryQuarterly": {"cashflowStatements": [{"maxAge": 1, "endDate": "2020-06-30", "netIncome": -388448000, "changeToLiabilities": 0}, {"maxAge": 1, "endDate": "2020-03-31", "netIncome": -248581000, "changeToLiabilities": 0}, {"maxAge": 1, "endDate": "2019-12-31", "netIncome": -118761000, "changeToLiabilities": 0}, {"maxAge": 1, "endDate": "2019-09-30", "netIncome": -184753000, "changeToLiabilities": 0}], "maxAge": 86400}, "insiderHolders": {"holders": [{"maxAge": 1, "name": "Biyani (Avni)", "relation": "Promoter", "url": "", "transactionDescription": "Acquisition", "latestTransDate": "2019-06-12", "positionDirect": 3783, "positionDirectDate": "2019-06-12"}, {"maxAge": 1, "name": "Biyani (Sangita)", "relation": "Promoter", "url": "", "transactionDescription": "Acquisition", "latestTransDate": "2019-06-14", "positionDirect": 116789, "positionDirectDate": "2019-06-14"}, {"maxAge": 1, "name": "Surplus Finvest Pvt. Ltd.", "relation": "Institution- Corporation", "url": "", "transactionDescription": "Sale", "latestTransDate": "2019-03-27", "positionDirect": 2204243, "positionDirectDate": "2019-03-27"}], "maxAge": 1}, "calendarEvents": {"maxAge": 1, "earnings": {"earningsDate": ["2020-09-10 05:30:S"]}}, "price": {"maxAge": 1, "regularMarketChangePercent": -0.036619697, "regularMarketChange": -1.2999992, "regularMarketTime": "2021-04-30 15:18:18", "priceHint": 2, "regularMarketPrice": 34.2, "regularMarketDayHigh": 36.45, "regularMarketDayLow": 33.75, "regularMarketVolume": 5441, "averageDailyVolume10Day": 1956, "averageDailyVolume3Month": 7023, "regularMarketPreviousClose": 35.5, "regularMarketSource": "FREE_REALTIME", "regularMarketOpen": 34.05, "exchange": "BSE", "exchangeName": "BSE", "exchangeDataDelayedBy": 0, "marketState": "CLOSED", "quoteType": "EQUITY", "symbol": "PRAXIS.BO", "underlyingSymbol": null, "shortName": "Praxis Home Retail Limited", "longName": "Praxis Home Retail Limited", "currency": "INR", "quoteSourceName": "Delayed Quote", "currencySymbol": "\u20b9", "fromCurrency": null, "toCurrency": null, "lastMarket": null, "marketCap": 945055488}, "balanceSheetHistory": {"balanceSheetStatements": [{"maxAge": 1, "endDate": "2020-03-31", "cash": 60396000, "netReceivables": 439980000, "inventory": 1760586000, "otherCurrentAssets": 218204000, "totalCurrentAssets": 2488971000, "propertyPlantEquipment": 2703165000, "intangibleAssets": 4566000, "otherAssets": 1054339000, "totalAssets": 6251041000, "accountsPayable": 1400060000, "otherCurrentLiab": 526194000, "longTermDebt": 49973000, "otherLiab": 54171000, "totalCurrentLiabilities": 3612574000, "totalLiab": 5875926000, "commonStock": 138166000, "retainedEarnings": -1310675000, "treasuryStock": 1244624000, "capitalSurplus": 303000000, "otherStockholderEquity": 1244624000, "totalStockholderEquity": 375115000, "netTangibleAssets": 370549000}, {"maxAge": 1, "endDate": "2019-03-31", "cash": 137410000, "shortTermInvestments": 410000, "netReceivables": 382678000, "inventory": 1977105000, "otherCurrentAssets": 270487000, "totalCurrentAssets": 2767680000, "propertyPlantEquipment": 11451000, "intangibleAssets": 6449000, "otherAssets": 1049894000, "totalAssets": 3835474000, "accountsPayable": 2565648000, "otherCurrentLiab": 437970000, "longTermDebt": 45837000, "otherLiab": 28790000, "totalCurrentLiabilities": 3329714000, "totalLiab": 3404341000, "commonStock": 123166000, "retainedEarnings": -489576000, "treasuryStock": 797543000, "otherStockholderEquity": 797543000, "totalStockholderEquity": 431133000, "netTangibleAssets": 424684000}, {"maxAge": 1, "endDate": "2018-03-31", "cash": 45916000, "netReceivables": 90916000, "inventory": 1848935000, "otherCurrentAssets": 215555000, "totalCurrentAssets": 2209856000, "propertyPlantEquipment": 2289000, "goodWill": 6116000, "intangibleAssets": 4956000, "otherAssets": 1256055000, "deferredLongTermAssetCharges": 8396000, "totalAssets": 3479272000, "accountsPayable": 2312578000, "otherCurrentLiab": 314236000, "longTermDebt": 42053000, "otherLiab": 18369000, "totalCurrentLiabilities": 2717035000, "totalLiab": 2777457000, "commonStock": 123166000, "retainedEarnings": -218685000, "treasuryStock": 797334000, "otherStockholderEquity": 797334000, "totalStockholderEquity": 701815000, "netTangibleAssets": 690743000}, {"maxAge": 1, "endDate": "2017-03-31", "cash": 7887000, "shortTermInvestments": 2018000, "netReceivables": 9658000, "otherCurrentAssets": 17109000, "totalCurrentAssets": 38307000, "propertyPlantEquipment": 3169000, "goodWill": 6116000, "intangibleAssets": 7019000, "otherAssets": 1584000, "deferredLongTermAssetCharges": 1584000, "totalAssets": 56195000, "accountsPayable": 106991000, "otherCurrentLiab": 81204000, "otherLiab": 67372000, "totalCurrentLiabilities": 189191000, "totalLiab": 256563000, "commonStock": 500000, "retainedEarnings": -200868000, "totalStockholderEquity": -200368000, "netTangibleAssets": -213503000}], "maxAge": 86400}, "financialData": {"maxAge": 86400, "currentPrice": 34.2, "recommendationKey": "none", "grossProfits": 2616758000, "financialCurrency": "INR"}}}