{"PRECOT.NS": {"assetProfile": {"address1": "SF No: 559/4, D Block", "address2": "4th Floor Hanudev Info Park Nava India Road, Udaiyampalayam", "city": "Coimbatore", "zip": "641028", "country": "India", "phone": "91 42 2432 1100", "fax": "91 42 2432 1200", "website": "http://www.precot.com", "industry": "Textile Manufacturing", "sector": "Consumer Cyclical", "longBusinessSummary": "Precot Limited manufactures and sells yarn and technical textile products in India. It offers normal, compact, organic, BCI, slub, doubled, gassed, and open end cotton yarns; polyester cotton blend yarns; cotton dyed yarns; and polyester sewing threads. The company also provides health and hygiene products consisting of finished products in normal, organic, and BCI cotton forms, such as cosmetic make up removal pads, cotton balls, pleat/zig zag products, and cotton wool rolls; roll and absorbent cotton; and fabrics. It also exports its products. The company was formerly known as Precot Meridian Limited and changed its name to Precot Limited in December 2020. Precot Limited was founded in 1962 and is based in Coimbatore, India.", "fullTimeEmployees": 984, "companyOfficers": [{"maxAge": 1, "name": "Mr. Ashwin  Chandran", "age": 44, "title": "Chairman & MD", "yearBorn": 1976, "fiscalYear": 2020, "totalPay": 9235000, "exercisedValue": 0, "unexercisedValue": 0}, {"maxAge": 1, "name": "Mr. Prashanth  Chandran", "age": 39, "title": "Vice Chairman & MD", "yearBorn": 1981, "fiscalYear": 2020, "totalPay": 7696000, "exercisedValue": 0, "unexercisedValue": 0}, {"maxAge": 1, "name": "Mr. A. P. Ramkumar", "age": 49, "title": "Chief Financial Officer", "yearBorn": 1971, "exercisedValue": 0, "unexercisedValue": 0}, {"maxAge": 1, "name": "Mr. Thillai  Kumar", "age": 51, "title": "Bus. Head of Spinning & Exec. Director", "yearBorn": 1969, "fiscalYear": 2020, "totalPay": 6360000, "exercisedValue": 0, "unexercisedValue": 0}, {"maxAge": 1, "name": "Ms. S.  Kavitha", "title": "Company Sec. & Compliance Officer", "exercisedValue": 0, "unexercisedValue": 0}, {"maxAge": 1, "name": "Mr. S.  Pradeep", "age": 35, "title": "Bus. Head of Technical Textiles", "yearBorn": 1985, "exercisedValue": 0, "unexercisedValue": 0}], "compensationAsOfEpochDate": "2020-12-31 05:30:00", "maxAge": 86400}, "cashflowStatementHistory": {"cashflowStatements": [{"maxAge": 1, "endDate": "2020-03-31", "netIncome": -165221000, "depreciation": 325971000, "changeToNetincome": 216795000, "changeToAccountReceivables": -78404000, "changeToLiabilities": 156982000, "changeToInventory": 84279000, "changeToOperatingActivities": -7590000, "totalCashFromOperatingActivities": 534224000, "capitalExpenditures": -101797000, "investments": 74605000, "otherCashflowsFromInvestingActivities": 26189000, "totalCashflowsFromInvestingActivities": 285250000, "netBorrowings": -497803000, "otherCashflowsFromFinancingActivities": -320708000, "totalCashFromFinancingActivities": -818511000, "changeInCash": -75441000}, {"maxAge": 1, "endDate": "2019-03-31", "netIncome": -82697000, "depreciation": 310956000, "changeToNetincome": 409508000, "changeToAccountReceivables": -74307000, "changeToLiabilities": -68673000, "changeToInventory": 220599000, "changeToOperatingActivities": 37318000, "totalCashFromOperatingActivities": 754779000, "capitalExpenditures": -122870000, "investments": 1900000, "otherCashflowsFromInvestingActivities": 27867000, "totalCashflowsFromInvestingActivities": -82329000, "dividendsPaid": -973000, "netBorrowings": -276097000, "otherCashflowsFromFinancingActivities": -403650000, "totalCashFromFinancingActivities": -680720000, "changeInCash": -80366000}, {"maxAge": 1, "endDate": "2018-03-31", "netIncome": -57675000, "depreciation": 323189000, "changeToNetincome": 41443000, "changeToAccountReceivables": -233655000, "changeToLiabilities": 136307000, "changeToInventory": -70719000, "changeToOperatingActivities": -33895000, "totalCashFromOperatingActivities": 107478000, "capitalExpenditures": -75760000, "investments": -7380000, "otherCashflowsFromInvestingActivities": 32770000, "totalCashflowsFromInvestingActivities": 104169000, "dividendsPaid": -599000, "netBorrowings": 364491000, "otherCashflowsFromFinancingActivities": -536603000, "totalCashFromFinancingActivities": -172711000, "changeInCash": -32151000}, {"maxAge": 1, "endDate": "2017-03-31", "netIncome": -236262000, "depreciation": 339622000, "changeToNetincome": 209925000, "changeToAccountReceivables": -32912000, "changeToLiabilities": 19012000, "changeToInventory": -193116000, "changeToOperatingActivities": 87932000, "totalCashFromOperatingActivities": 196589000, "capitalExpenditures": -180010000, "investments": 262140000, "otherCashflowsFromInvestingActivities": 49823000, "totalCashflowsFromInvestingActivities": 694063000, "dividendsPaid": -26000, "netBorrowings": -445794000, "otherCashflowsFromFinancingActivities": -423110000, "totalCashFromFinancingActivities": -868930000, "changeInCash": 683000}], "maxAge": 86400}, "institutionOwnership": {"ownershipList": [], "maxAge": 1}, "majorHoldersBreakdown": {"maxAge": 1, "insidersPercentHeld": 0.0, "institutionsPercentHeld": 0.0, "institutionsFloatPercentHeld": 0.0, "institutionsCount": 0}, "balanceSheetHistoryQuarterly": {"balanceSheetStatements": [{"maxAge": 1, "endDate": "2020-12-31", "totalStockholderEquity": 3040900000, "netTangibleAssets": 3037100000}, {"maxAge": 1, "endDate": "2020-09-30", "cash": 81700000, "netReceivables": 930600000, "inventory": 811500000, "otherCurrentAssets": 232900000, "totalCurrentAssets": 2056700000, "longTermInvestments": 108800000, "propertyPlantEquipment": 4565800000, "intangibleAssets": 3800000, "otherAssets": 103300000, "totalAssets": 6838400000, "accountsPayable": 203000000, "otherCurrentLiab": 793400000, "longTermDebt": 1064300000, "otherLiab": 266600000, "totalCurrentLiabilities": 2466600000, "totalLiab": 3797500000, "commonStock": 120000000, "treasuryStock": 2920900000, "otherStockholderEquity": 2920900000, "totalStockholderEquity": 3040900000, "netTangibleAssets": 3037100000}, {"maxAge": 1, "endDate": "2020-06-30", "totalStockholderEquity": 3101600000, "netTangibleAssets": 3097400000}, {"maxAge": 1, "endDate": "2020-03-31", "cash": 3545000, "netReceivables": 1029764000, "inventory": 1243205000, "otherCurrentAssets": 102505000, "totalCurrentAssets": 2397031000, "longTermInvestments": 108926000, "propertyPlantEquipment": 4711186000, "intangibleAssets": 4224000, "otherAssets": 94160000, "totalAssets": 7315527000, "accountsPayable": 452770000, "shortLongTermDebt": 119725000, "otherCurrentLiab": 260568000, "longTermDebt": 1202514000, "otherLiab": 249381000, "minorityInterest": 10000, "totalCurrentLiabilities": 2735864000, "totalLiab": 4213926000, "commonStock": 120000000, "retainedEarnings": 2471904000, "treasuryStock": 236041000, "capitalSurplus": 273646000, "otherStockholderEquity": 236041000, "totalStockholderEquity": 3101591000, "netTangibleAssets": 3097367000}], "maxAge": 86400}, "indexTrend": {"maxAge": 1, "symbol": "SP5", "peRatio": 19.7411, "pegRatio": 1.34172, "estimates": [{"period": "0q", "growth": 0.549}, {"period": "+1q", "growth": 0.431}, {"period": "0y", "growth": 0.305}, {"period": "+1y", "growth": 0.109}, {"period": "+5y", "growth": 0.120865}, {"period": "-5y"}]}, "defaultKeyStatistics": {"maxAge": 1, "priceHint": 2, "enterpriseValue": 3836100096, "profitMargins": 0.00493, "floatShares": 3571440, "sharesOutstanding": 12000000, "heldPercentInsiders": 0.0, "heldPercentInstitutions": 0.0, "beta": 1.015075, "category": null, "bookValue": 253.137, "priceToBook": 0.46180528, "fundFamily": null, "legalType": null, "lastFiscalYearEnd": "2020-03-31 05:30:00", "nextFiscalYearEnd": "2022-03-31 05:30:00", "mostRecentQuarter": "2020-12-31 05:30:00", "netIncomeToCommon": 30979000, "trailingEps": 2.582, "lastSplitFactor": "3:2", "lastSplitDate": "2013-10-03 05:30:00", "enterpriseToRevenue": 0.611, "enterpriseToEbitda": 5.632}, "summaryProfile": {"address1": "SF No: 559/4, D Block", "address2": "4th Floor Hanudev Info Park Nava India Road, Udaiyampalayam", "city": "Coimbatore", "zip": "641028", "country": "India", "phone": "91 42 2432 1100", "fax": "91 42 2432 1200", "website": "http://www.precot.com", "industry": "Textile Manufacturing", "sector": "Consumer Cyclical", "longBusinessSummary": "Precot Limited manufactures and sells yarn and technical textile products in India. It offers normal, compact, organic, BCI, slub, doubled, gassed, and open end cotton yarns; polyester cotton blend yarns; cotton dyed yarns; and polyester sewing threads. The company also provides health and hygiene products consisting of finished products in normal, organic, and BCI cotton forms, such as cosmetic make up removal pads, cotton balls, pleat/zig zag products, and cotton wool rolls; roll and absorbent cotton; and fabrics. It also exports its products. The company was formerly known as Precot Meridian Limited and changed its name to Precot Limited in December 2020. Precot Limited was founded in 1962 and is based in Coimbatore, India.", "fullTimeEmployees": 984, "companyOfficers": [], "maxAge": 86400}, "netSharePurchaseActivity": {"maxAge": 1, "period": "6m", "buyInfoCount": 0, "buyInfoShares": 0, "sellInfoCount": 0, "netInfoCount": 0, "netInfoShares": 0, "totalInsiderShares": 0}, "quoteType": {"exchange": "NSI", "quoteType": "EQUITY", "symbol": "PRECOT.NS", "underlyingSymbol": "PRECOT.NS", "shortName": "PRECOT LTD", "longName": "Precot Limited", "firstTradeDateEpochUtc": "2005-08-19 09:15:00", "timeZoneFullName": "Asia/Kolkata", "timeZoneShortName": "IST", "uuid": "9565dbf6-19e4-3333-bbfc-326519886fc3", "gmtOffSetMilliseconds": 19800000, "maxAge": 1}, "incomeStatementHistory": {"incomeStatementHistory": [{"maxAge": 1, "endDate": "2020-03-31", "totalRevenue": 7261159000, "costOfRevenue": 4625318000, "grossProfit": 2635841000, "researchDevelopment": {}, "sellingGeneralAdministrative": 719093000, "nonRecurring": {}, "otherOperatingExpenses": 1427021000, "totalOperatingExpenses": 7101085000, "operatingIncome": 160074000, "totalOtherIncomeExpenseNet": -289645000, "ebit": 160074000, "interestExpense": -311291000, "incomeBeforeTax": -129571000, "incomeTaxExpense": 35650000, "minorityInterest": 10000, "netIncomeFromContinuingOps": -165221000, "discontinuedOperations": {}, "extraordinaryItems": {}, "effectOfAccountingCharges": {}, "otherItems": {}, "netIncome": -165221000, "netIncomeApplicableToCommonShares": -165221000}, {"maxAge": 1, "endDate": "2019-03-31", "totalRevenue": 7901195000, "costOfRevenue": 5051280000, "grossProfit": 2849915000, "researchDevelopment": {}, "sellingGeneralAdministrative": 773538000, "nonRecurring": {}, "otherOperatingExpenses": 1502711000, "totalOperatingExpenses": 7640767000, "operatingIncome": 260428000, "totalOtherIncomeExpenseNet": -343125000, "ebit": 260428000, "interestExpense": -389695000, "incomeBeforeTax": -82697000, "incomeTaxExpense": 0, "minorityInterest": 10000, "netIncomeFromContinuingOps": -82697000, "discontinuedOperations": {}, "extraordinaryItems": {}, "effectOfAccountingCharges": {}, "otherItems": {}, "netIncome": -82697000, "netIncomeApplicableToCommonShares": -82697000}, {"maxAge": 1, "endDate": "2018-03-31", "totalRevenue": 7091528000, "costOfRevenue": 4738978000, "grossProfit": 2352550000, "researchDevelopment": {}, "sellingGeneralAdministrative": 726844000, "nonRecurring": {}, "otherOperatingExpenses": 1365943000, "totalOperatingExpenses": 7158065000, "operatingIncome": -66537000, "totalOtherIncomeExpenseNet": 8862000, "ebit": -66537000, "interestExpense": -389430000, "incomeBeforeTax": -57675000, "incomeTaxExpense": 0, "minorityInterest": 10000, "netIncomeFromContinuingOps": -57675000, "discontinuedOperations": {}, "extraordinaryItems": {}, "effectOfAccountingCharges": {}, "otherItems": {}, "netIncome": -57675000, "netIncomeApplicableToCommonShares": -57675000}, {"maxAge": 1, "endDate": "2017-03-31", "totalRevenue": 6793007000, "costOfRevenue": 4391851000, "grossProfit": 2401156000, "researchDevelopment": {}, "sellingGeneralAdministrative": 748661000, "nonRecurring": {}, "otherOperatingExpenses": 1368283000, "totalOperatingExpenses": 6853079000, "operatingIncome": -60072000, "totalOtherIncomeExpenseNet": -176190000, "ebit": -60072000, "interestExpense": -413240000, "incomeBeforeTax": -236262000, "incomeTaxExpense": 0, "minorityInterest": 10000, "netIncomeFromContinuingOps": -236262000, "discontinuedOperations": {}, "extraordinaryItems": {}, "effectOfAccountingCharges": {}, "otherItems": {}, "netIncome": -236262000, "netIncomeApplicableToCommonShares": -236262000}], "maxAge": 86400}, "fundOwnership": {"ownershipList": [], "maxAge": 1}, "summaryDetail": {"maxAge": 1, "priceHint": 2, "previousClose": 111.6, "open": 116.35, "dayLow": 111.9, "dayHigh": 117.15, "regularMarketPreviousClose": 111.6, "regularMarketOpen": 116.35, "regularMarketDayLow": 111.9, "regularMarketDayHigh": 117.15, "exDividendDate": "2014-08-27 05:30:00", "payoutRatio": 0.0, "beta": 1.015075, "trailingPE": 45.274982, "volume": 23988, "regularMarketVolume": 23988, "averageVolume": 10276, "averageVolume10days": 5004, "averageDailyVolume10Day": 5004, "bid": 0.0, "ask": 0.0, "bidSize": 0, "askSize": 0, "marketCap": 1402800000, "fiftyTwoWeekLow": 18.85, "fiftyTwoWeekHigh": 117.15, "priceToSalesTrailing12Months": 0.22346266, "fiftyDayAverage": 97.34091, "twoHundredDayAverage": 67.73286, "currency": "INR", "fromCurrency": null, "lastMarket": null, "algorithm": null, "tradeable": false}, "incomeStatementHistoryQuarterly": {"incomeStatementHistory": [{"maxAge": 1, "endDate": "2020-12-31", "totalRevenue": 1785200000, "costOfRevenue": 969900000, "grossProfit": 815300000, "researchDevelopment": {}, "sellingGeneralAdministrative": 199700000, "nonRecurring": {}, "otherOperatingExpenses": 376700000, "totalOperatingExpenses": 1628500000, "operatingIncome": 156700000, "totalOtherIncomeExpenseNet": -62500000, "ebit": 156700000, "interestExpense": -79000000, "incomeBeforeTax": 94200000, "incomeTaxExpense": 0, "minorityInterest": {}, "netIncomeFromContinuingOps": 94200000, "discontinuedOperations": {}, "extraordinaryItems": {}, "effectOfAccountingCharges": {}, "otherItems": {}, "netIncome": 94200000, "netIncomeApplicableToCommonShares": 94200000}, {"maxAge": 1, "endDate": "2020-09-30", "totalRevenue": 1791300000, "costOfRevenue": 1034300000, "grossProfit": 757000000, "researchDevelopment": {}, "sellingGeneralAdministrative": 178400000, "nonRecurring": {}, "otherOperatingExpenses": 362500000, "totalOperatingExpenses": 1658500000, "operatingIncome": 132800000, "totalOtherIncomeExpenseNet": -76700000, "ebit": 132800000, "interestExpense": -84700000, "incomeBeforeTax": 56100000, "incomeTaxExpense": 0, "minorityInterest": {}, "netIncomeFromContinuingOps": 56100000, "discontinuedOperations": {}, "extraordinaryItems": {}, "effectOfAccountingCharges": {}, "otherItems": {}, "netIncome": 56100000, "netIncomeApplicableToCommonShares": 56100000}, {"maxAge": 1, "endDate": "2020-06-30", "totalRevenue": 888000000, "costOfRevenue": 499600000, "grossProfit": 388400000, "researchDevelopment": {}, "sellingGeneralAdministrative": 132700000, "nonRecurring": {}, "otherOperatingExpenses": 194144000, "totalOperatingExpenses": 910344000, "operatingIncome": -22344000, "totalOtherIncomeExpenseNet": -88956000, "ebit": -22344000, "interestExpense": -80500000, "incomeBeforeTax": -111300000, "incomeTaxExpense": 0, "minorityInterest": {}, "netIncomeFromContinuingOps": -111300000, "discontinuedOperations": {}, "extraordinaryItems": {}, "effectOfAccountingCharges": {}, "otherItems": {}, "netIncome": -111300000, "netIncomeApplicableToCommonShares": -111300000}, {"maxAge": 1, "endDate": "2020-03-31", "totalRevenue": 1802781000, "costOfRevenue": 1356218000, "grossProfit": 446563000, "researchDevelopment": {}, "sellingGeneralAdministrative": 146093000, "nonRecurring": {}, "otherOperatingExpenses": 104921000, "totalOperatingExpenses": 1693985000, "operatingIncome": 108796000, "totalOtherIncomeExpenseNet": -116867000, "ebit": 108796000, "interestExpense": -35991000, "incomeBeforeTax": -8071000, "incomeTaxExpense": -50000, "minorityInterest": 10000, "netIncomeFromContinuingOps": -8021000, "discontinuedOperations": {}, "extraordinaryItems": {}, "effectOfAccountingCharges": {}, "otherItems": {}, "netIncome": -8021000, "netIncomeApplicableToCommonShares": -8021000}], "maxAge": 86400}, "cashflowStatementHistoryQuarterly": {"cashflowStatements": [{"maxAge": 1, "endDate": "2020-12-31", "netIncome": 94200000, "changeToLiabilities": 0}, {"maxAge": 1, "endDate": "2020-09-30", "netIncome": 56100000, "changeToLiabilities": 0}, {"maxAge": 1, "endDate": "2020-06-30", "netIncome": -111300000, "changeToLiabilities": 0}, {"maxAge": 1, "endDate": "2020-03-31", "netIncome": -8021000, "changeToLiabilities": 0}], "maxAge": 86400}, "insiderHolders": {"holders": [], "maxAge": 1}, "calendarEvents": {"maxAge": 1, "earnings": {"earningsDate": ["2020-11-11 05:30:S"]}, "exDividendDate": "2014-08-27 05:30:00"}, "upgradeDowngradeHistory": {"history": [], "maxAge": 86400}, "price": {"maxAge": 1, "regularMarketChangePercent": 0.047491062, "regularMarketChange": 5.300003, "regularMarketTime": "2021-04-30 15:28:10", "priceHint": 2, "regularMarketPrice": 116.9, "regularMarketDayHigh": 117.15, "regularMarketDayLow": 111.9, "regularMarketVolume": 23988, "averageDailyVolume10Day": 5004, "averageDailyVolume3Month": 10276, "regularMarketPreviousClose": 111.6, "regularMarketSource": "FREE_REALTIME", "regularMarketOpen": 116.35, "exchange": "NSI", "exchangeName": "NSE", "exchangeDataDelayedBy": 15, "marketState": "CLOSED", "quoteType": "EQUITY", "symbol": "PRECOT.NS", "underlyingSymbol": null, "shortName": "PRECOT LTD", "longName": "Precot Limited", "currency": "INR", "quoteSourceName": "Delayed Quote", "currencySymbol": "\u20b9", "fromCurrency": null, "lastMarket": null, "marketCap": 1402800000}, "balanceSheetHistory": {"balanceSheetStatements": [{"maxAge": 1, "endDate": "2020-03-31", "cash": 3545000, "netReceivables": 1029764000, "inventory": 1243205000, "otherCurrentAssets": 102505000, "totalCurrentAssets": 2397031000, "longTermInvestments": 108926000, "propertyPlantEquipment": 4711186000, "intangibleAssets": 4224000, "otherAssets": 94160000, "totalAssets": 7315527000, "accountsPayable": 452770000, "shortLongTermDebt": 119725000, "otherCurrentLiab": 260568000, "longTermDebt": 1202514000, "otherLiab": 249381000, "minorityInterest": 10000, "totalCurrentLiabilities": 2735864000, "totalLiab": 4213926000, "commonStock": 120000000, "retainedEarnings": 2471904000, "treasuryStock": 236041000, "capitalSurplus": 273646000, "otherStockholderEquity": 236041000, "totalStockholderEquity": 3101591000, "netTangibleAssets": 3097367000}, {"maxAge": 1, "endDate": "2019-03-31", "cash": 6890000, "netReceivables": 923172000, "inventory": 1327484000, "otherCurrentAssets": 113452000, "totalCurrentAssets": 2395487000, "longTermInvestments": 183531000, "propertyPlantEquipment": 5138127000, "intangibleAssets": 2604000, "otherAssets": 152176000, "totalAssets": 7871925000, "accountsPayable": 290484000, "shortLongTermDebt": 303122000, "otherCurrentLiab": 242040000, "longTermDebt": 1466624000, "otherLiab": 288652000, "minorityInterest": 10000, "totalCurrentLiabilities": 2760050000, "totalLiab": 4515326000, "commonStock": 120000000, "retainedEarnings": 2637125000, "treasuryStock": 325818000, "capitalSurplus": 273646000, "otherStockholderEquity": 325818000, "totalStockholderEquity": 3356589000, "netTangibleAssets": 3353985000}, {"maxAge": 1, "endDate": "2018-03-31", "cash": 16169000, "netReceivables": 885254000, "inventory": 1548082000, "otherCurrentAssets": 89614000, "totalCurrentAssets": 2562056000, "longTermInvestments": 172179000, "propertyPlantEquipment": 5337420000, "intangibleAssets": 4383000, "otherAssets": 161255000, "totalAssets": 8237293000, "accountsPayable": 360336000, "shortLongTermDebt": 13278000, "otherCurrentLiab": 192953000, "longTermDebt": 1780146000, "otherLiab": 297197000, "minorityInterest": 10000, "totalCurrentLiabilities": 2725005000, "totalLiab": 4802348000, "commonStock": 120000000, "retainedEarnings": 2719822000, "treasuryStock": 321467000, "capitalSurplus": 273646000, "otherStockholderEquity": 321467000, "totalStockholderEquity": 3434935000, "netTangibleAssets": 3430552000}, {"maxAge": 1, "endDate": "2017-03-31", "cash": 27270000, "netReceivables": 528653000, "inventory": 1477364000, "otherCurrentAssets": 69818000, "totalCurrentAssets": 2135864000, "longTermInvestments": 163992000, "propertyPlantEquipment": 5608625000, "intangibleAssets": 6700000, "otherAssets": 192364000, "totalAssets": 8107545000, "accountsPayable": 224031000, "shortLongTermDebt": 365698000, "otherCurrentLiab": 601168000, "longTermDebt": 1414366000, "otherLiab": 76345000, "totalCurrentLiabilities": 3128507000, "totalLiab": 4619218000, "commonStock": 120000000, "retainedEarnings": 2777497000, "treasuryStock": 317184000, "capitalSurplus": 273646000, "otherStockholderEquity": 317184000, "totalStockholderEquity": 3488327000, "netTangibleAssets": 3481627000}], "maxAge": 86400}, "financialData": {"maxAge": 86400, "currentPrice": 116.9, "recommendationKey": "none", "totalCash": 81700000, "totalCashPerShare": 6.808, "ebitda": 681093504, "totalDebt": 2515000064, "totalRevenue": 6277558784, "debtToEquity": 82.706, "revenuePerShare": 523.13, "grossProfits": 2635841000, "revenueGrowth": 0.005, "grossMargins": 0.38511002, "ebitdaMargins": 0.108500004, "operatingMargins": 0.05631, "profitMargins": 0.00493, "financialCurrency": "INR"}}}