{"PRECAM.NS": {"assetProfile": {"address1": "D5 MIDC", "address2": "Chincholi", "city": "Solapur", "zip": "413255", "country": "India", "phone": "91 91 6864 6531", "fax": "91 21 7265 7645", "website": "http://www.pclindia.in", "industry": "Auto Parts", "sector": "Consumer Cyclical", "longBusinessSummary": "Precision Camshafts Limited manufactures and sells parts of motor vehicle for original equipment manufacturers in India, Asia, China, Europe, and internationally. It offers chilled cast iron, ductile iron, hybrid, and assembled camshafts for the automotive industry; fuel injector components for conventional and DRDi diesel engines; stainless steel components for instrumentation and equipment; prismatic components, such as powertrain, brakes, and chassis components; and balancer shafts and assemblies, as well as electric trucks and buses, and drivelines. The company provides approximately 150 varieties of camshafts for passenger vehicles. The company was founded in 1992 and is based in Solapur, India.", "fullTimeEmployees": 2078, "companyOfficers": [{"maxAge": 1, "name": "Mr. Yatin Subhash Shah", "age": 58, "title": "Chairman & MD", "yearBorn": 1962, "fiscalYear": 2020, "totalPay": 34425000, "exercisedValue": 0, "unexercisedValue": 0}, {"maxAge": 1, "name": "Mr. Ravindra Ranganath Joshi", "age": 55, "title": "CFO & Director", "yearBorn": 1965, "fiscalYear": 2020, "totalPay": 30881000, "exercisedValue": 0, "unexercisedValue": 0}, {"maxAge": 1, "name": "Ms. Mayuri Ishan Kulkarni", "title": "Company Sec. & Compliance Officer", "fiscalYear": 2020, "totalPay": 780000, "exercisedValue": 0, "unexercisedValue": 0}, {"maxAge": 1, "name": "Mr. Karan Yatin Shah", "age": 30, "title": "Whole-Time Director - Bus. Devel.", "yearBorn": 1990, "fiscalYear": 2020, "totalPay": 4430000, "exercisedValue": 0, "unexercisedValue": 0}, {"maxAge": 1, "name": "Mrs. Aarohi Devendra Deosthal", "title": "Accounts Head Mang.", "exercisedValue": 0, "unexercisedValue": 0}, {"maxAge": 1, "name": "Mr. Rajkumar Krishnath Kashid", "age": 54, "title": "Gen. Mang. of HR", "yearBorn": 1966, "exercisedValue": 0, "unexercisedValue": 0}, {"maxAge": 1, "name": "Mr. Wolfgang  Lorbach", "title": "Joint Managing Director of MFT - Germany", "exercisedValue": 0, "unexercisedValue": 0}, {"maxAge": 1, "name": "Mr. Thomas  Koritke", "title": "Director Bus. Devel. Europe & North America and Joint MD \u00c2\u0096 MFT", "exercisedValue": 0, "unexercisedValue": 0}, {"maxAge": 1, "name": "Mr. Subhash R. Shah", "title": "Exec.", "exercisedValue": 0, "unexercisedValue": 0}], "compensationAsOfEpochDate": "2020-12-31 05:30:00", "maxAge": 86400}, "recommendationTrend": {"trend": [{"period": "0m", "strongBuy": 0, "buy": 0, "hold": 0, "sell": 0, "strongSell": 0}, {"period": "-1m", "strongBuy": 0, "buy": 1, "hold": 0, "sell": 0, "strongSell": 0}, {"period": "-2m", "strongBuy": 0, "buy": 1, "hold": 0, "sell": 0, "strongSell": 0}, {"period": "-3m", "strongBuy": 0, "buy": 1, "hold": 0, "sell": 0, "strongSell": 0}], "maxAge": 86400}, "cashflowStatementHistory": {"cashflowStatements": [{"maxAge": 1, "endDate": "2020-03-31", "netIncome": 349575000, "depreciation": 845984000, "changeToNetincome": -70955000, "changeToAccountReceivables": -256825000, "changeToLiabilities": 68192000, "changeToInventory": -351991000, "changeToOperatingActivities": -20586000, "totalCashFromOperatingActivities": 581628000, "capitalExpenditures": -744599000, "investments": 80505000, "otherCashflowsFromInvestingActivities": 39735000, "totalCashflowsFromInvestingActivities": -595888000, "dividendsPaid": -185223000, "netBorrowings": 309982000, "otherCashflowsFromFinancingActivities": -91389000, "totalCashFromFinancingActivities": 33370000, "effectOfExchangeRate": 22566000, "changeInCash": 41676000}, {"maxAge": 1, "endDate": "2019-03-31", "netIncome": 115204000, "depreciation": 762059000, "changeToNetincome": 206568000, "changeToAccountReceivables": -242695000, "changeToLiabilities": 113850000, "changeToInventory": -130216000, "changeToOperatingActivities": -440298000, "totalCashFromOperatingActivities": 402408000, "capitalExpenditures": -743266000, "investments": 906813000, "otherCashflowsFromInvestingActivities": 109779000, "totalCashflowsFromInvestingActivities": -335170000, "dividendsPaid": -94986000, "netBorrowings": 87561000, "otherCashflowsFromFinancingActivities": -96645000, "totalCashFromFinancingActivities": -102978000, "effectOfExchangeRate": 4852000, "changeInCash": -30888000, "issuanceOfStock": 1092000}, {"maxAge": 1, "endDate": "2018-03-31", "netIncome": 460869000, "depreciation": 446185000, "changeToNetincome": -246623000, "changeToAccountReceivables": 273618000, "changeToLiabilities": -86323000, "changeToInventory": 40300000, "changeToOperatingActivities": 159810000, "totalCashFromOperatingActivities": 1056153000, "capitalExpenditures": -684118000, "investments": 942811000, "otherCashflowsFromInvestingActivities": 99445000, "totalCashflowsFromInvestingActivities": -222483000, "dividendsPaid": -142203000, "netBorrowings": -498394000, "otherCashflowsFromFinancingActivities": -68272000, "totalCashFromFinancingActivities": -708048000, "effectOfExchangeRate": 2612000, "changeInCash": 102969000, "issuanceOfStock": 821000}, {"maxAge": 1, "endDate": "2017-03-31", "netIncome": 665880000, "depreciation": 370533000, "changeToNetincome": -407700000, "changeToAccountReceivables": -132186000, "changeToLiabilities": 66803000, "changeToInventory": 69084000, "changeToOperatingActivities": 6846000, "totalCashFromOperatingActivities": 642329000, "capitalExpenditures": -446221000, "investments": 198135000, "otherCashflowsFromInvestingActivities": 223457000, "totalCashflowsFromInvestingActivities": -23335000, "dividendsPaid": -142203000, "netBorrowings": -610785000, "otherCashflowsFromFinancingActivities": -57344000, "totalCashFromFinancingActivities": -667632000, "effectOfExchangeRate": 757000, "changeInCash": -47881000, "issuanceOfStock": 497000}], "maxAge": 86400}, "indexTrend": {"maxAge": 1, "symbol": "SP5", "peRatio": 19.7411, "pegRatio": 1.34172, "estimates": [{"period": "0q", "growth": 0.549}, {"period": "+1q", "growth": 0.431}, {"period": "0y", "growth": 0.305}, {"period": "+1y", "growth": 0.109}, {"period": "+5y", "growth": 0.120865}, {"period": "-5y"}]}, "defaultKeyStatistics": {"maxAge": 1, "priceHint": 2, "enterpriseValue": 3089253632, "profitMargins": 0.02053, "floatShares": 19703719, "sharesOutstanding": 94985800, "heldPercentInsiders": 0.75727, "heldPercentInstitutions": 0.0, "beta": 0.898126, "category": null, "bookValue": 67.56, "priceToBook": 0.6401717, "fundFamily": null, "legalType": null, "lastFiscalYearEnd": "2020-03-31 05:30:00", "nextFiscalYearEnd": "2022-03-31 05:30:00", "mostRecentQuarter": "2020-12-31 05:30:00", "earningsQuarterlyGrowth": -0.425, "netIncomeToCommon": 137447008, "trailingEps": 1.448, "lastSplitFactor": null, "enterpriseToRevenue": 0.461, "enterpriseToEbitda": 3.635}, "industryTrend": {"maxAge": 1, "symbol": null, "estimates": []}, "quoteType": {"exchange": "NSI", "quoteType": "EQUITY", "symbol": "PRECAM.NS", "underlyingSymbol": "PRECAM.NS", "shortName": "PRECISION CAMSHAF", "longName": "Precision Camshafts Limited", "firstTradeDateEpochUtc": "2016-02-08 09:15:00", "timeZoneFullName": "Asia/Kolkata", "timeZoneShortName": "IST", "uuid": "708e38b9-395c-35d5-bcf6-a8a8a3ad6a65", "gmtOffSetMilliseconds": 19800000, "maxAge": 1}, "incomeStatementHistory": {"incomeStatementHistory": [{"maxAge": 1, "endDate": "2020-03-31", "totalRevenue": 7462330000, "costOfRevenue": 2954184000, "grossProfit": 4508146000, "researchDevelopment": {}, "sellingGeneralAdministrative": 1401322000, "nonRecurring": {}, "otherOperatingExpenses": 1979736000, "totalOperatingExpenses": 7198852000, "operatingIncome": 263478000, "totalOtherIncomeExpenseNet": 95155000, "ebit": 263478000, "interestExpense": -82220000, "incomeBeforeTax": 358633000, "incomeTaxExpense": 98447000, "minorityInterest": 321734000, "netIncomeFromContinuingOps": 260186000, "discontinuedOperations": -3853000, "extraordinaryItems": {}, "effectOfAccountingCharges": {}, "otherItems": {}, "netIncome": 349575000, "netIncomeApplicableToCommonShares": 349575000}, {"maxAge": 1, "endDate": "2019-03-31", "totalRevenue": 6952507000, "costOfRevenue": 2426342000, "grossProfit": 4526165000, "researchDevelopment": {}, "sellingGeneralAdministrative": 1264410000, "nonRecurring": {}, "otherOperatingExpenses": 1975508000, "totalOperatingExpenses": 6456853000, "operatingIncome": 495654000, "totalOtherIncomeExpenseNet": -201906000, "ebit": 495654000, "interestExpense": -76872000, "incomeBeforeTax": 293748000, "incomeTaxExpense": 211705000, "minorityInterest": 414976000, "netIncomeFromContinuingOps": 82043000, "discontinuedOperations": -11304000, "extraordinaryItems": {}, "effectOfAccountingCharges": {}, "otherItems": {}, "netIncome": 115204000, "netIncomeApplicableToCommonShares": 115204000}, {"maxAge": 1, "endDate": "2018-03-31", "totalRevenue": 4219398000, "costOfRevenue": 1441159000, "grossProfit": 2778239000, "researchDevelopment": {}, "sellingGeneralAdministrative": 584176000, "nonRecurring": {}, "otherOperatingExpenses": 1389699000, "totalOperatingExpenses": 3869536000, "operatingIncome": 349862000, "totalOtherIncomeExpenseNet": 339155000, "ebit": 349862000, "interestExpense": -36030000, "incomeBeforeTax": 689017000, "incomeTaxExpense": 228057000, "minorityInterest": 146396000, "netIncomeFromContinuingOps": 460960000, "discontinuedOperations": -11304000, "extraordinaryItems": {}, "effectOfAccountingCharges": {}, "otherItems": {}, "netIncome": 460869000, "netIncomeApplicableToCommonShares": 460869000}, {"maxAge": 1, "endDate": "2017-03-31", "totalRevenue": 4422997000, "costOfRevenue": 1470515000, "grossProfit": 2952482000, "researchDevelopment": {}, "sellingGeneralAdministrative": 636104000, "nonRecurring": {}, "otherOperatingExpenses": 1300438000, "totalOperatingExpenses": 3783019000, "operatingIncome": 639978000, "totalOtherIncomeExpenseNet": 331686000, "ebit": 639978000, "interestExpense": -55564000, "incomeBeforeTax": 971664000, "incomeTaxExpense": 305784000, "minorityInterest": 146396000, "netIncomeFromContinuingOps": 665880000, "discontinuedOperations": -11304000, "extraordinaryItems": {}, "effectOfAccountingCharges": {}, "otherItems": {}, "netIncome": 665880000, "netIncomeApplicableToCommonShares": 665880000}], "maxAge": 86400}, "fundOwnership": {"ownershipList": [], "maxAge": 1}, "summaryDetail": {"maxAge": 1, "priceHint": 2, "previousClose": 43.95, "open": 43.1, "dayLow": 42.7, "dayHigh": 44.9, "regularMarketPreviousClose": 43.95, "regularMarketOpen": 43.1, "regularMarketDayLow": 42.7, "regularMarketDayHigh": 44.9, "exDividendDate": "2020-03-17 05:30:00", "payoutRatio": 0.6376, "beta": 0.898126, "trailingPE": 29.868786, "volume": 82222, "regularMarketVolume": 82222, "averageVolume": 236226, "averageVolume10days": 69607, "averageDailyVolume10Day": 69607, "bid": 0.0, "ask": 0.0, "bidSize": 0, "askSize": 0, "marketCap": 4108135936, "fiftyTwoWeekLow": 22.5, "fiftyTwoWeekHigh": 51.9, "priceToSalesTrailing12Months": 0.6135051, "fiftyDayAverage": 41.604412, "twoHundredDayAverage": 40.596455, "trailingAnnualDividendRate": 0.0, "trailingAnnualDividendYield": 0.0, "currency": "INR", "fromCurrency": null, "lastMarket": null, "algorithm": null, "tradeable": false}, "insiderHolders": {"holders": [{"maxAge": 1, "name": "CAMS Technology, Ltd.", "relation": "Promoter", "url": "", "transactionDescription": "Sale", "latestTransDate": "2019-11-21", "positionDirect": 61299702, "positionDirectDate": "2019-11-21"}, {"maxAge": 1, "name": "Shah (Karan Yatin)", "relation": "Promoter", "url": "", "transactionDescription": "Acquisition", "latestTransDate": "2020-03-26", "positionDirect": 62092363, "positionDirectDate": "2020-03-26"}], "maxAge": 1}, "calendarEvents": {"maxAge": 1, "earnings": {"earningsDate": []}, "exDividendDate": "2020-03-17 05:30:00"}, "upgradeDowngradeHistory": {"history": [], "maxAge": 86400}, "price": {"maxAge": 1, "regularMarketChangePercent": -0.015927207, "regularMarketChange": -0.70000076, "regularMarketTime": "2021-04-30 15:29:42", "priceHint": 2, "regularMarketPrice": 43.25, "regularMarketDayHigh": 44.9, "regularMarketDayLow": 42.7, "regularMarketVolume": 82222, "averageDailyVolume10Day": 69607, "averageDailyVolume3Month": 236226, "regularMarketPreviousClose": 43.95, "regularMarketSource": "FREE_REALTIME", "regularMarketOpen": 43.1, "exchange": "NSI", "exchangeName": "NSE", "exchangeDataDelayedBy": 15, "marketState": "CLOSED", "quoteType": "EQUITY", "symbol": "PRECAM.NS", "underlyingSymbol": null, "shortName": "PRECISION CAMSHAF", "longName": "Precision Camshafts Limited", "currency": "INR", "quoteSourceName": "Delayed Quote", "currencySymbol": "\u20b9", "fromCurrency": null, "lastMarket": null, "marketCap": 4108135936}, "balanceSheetHistory": {"balanceSheetStatements": [{"maxAge": 1, "endDate": "2020-03-31", "cash": 274802000, "shortTermInvestments": 288803000, "netReceivables": 1888165000, "inventory": 1409300000, "otherCurrentAssets": 239785000, "totalCurrentAssets": 5403904000, "longTermInvestments": 20824000, "propertyPlantEquipment": 3794197000, "goodWill": 161894000, "intangibleAssets": 819830000, "otherAssets": 130652000, "deferredLongTermAssetCharges": 16618000, "totalAssets": 10331301000, "accountsPayable": 1023166000, "shortLongTermDebt": 117812000, "otherCurrentLiab": 242506000, "longTermDebt": 1517176000, "otherLiab": 345022000, "deferredLongTermLiab": 5667000, "minorityInterest": 321734000, "totalCurrentLiabilities": 1939923000, "totalLiab": 3828369000, "commonStock": 949858000, "retainedEarnings": 2894244000, "treasuryStock": 160876000, "capitalSurplus": 2176220000, "otherStockholderEquity": 160876000, "totalStockholderEquity": 6181198000, "netTangibleAssets": 5199474000}, {"maxAge": 1, "endDate": "2019-03-31", "cash": 233126000, "shortTermInvestments": 659629000, "netReceivables": 1801276000, "inventory": 1057309000, "otherCurrentAssets": 300803000, "totalCurrentAssets": 5051177000, "longTermInvestments": 19635000, "propertyPlantEquipment": 3858334000, "goodWill": 365678000, "intangibleAssets": 915287000, "otherAssets": 103050000, "deferredLongTermAssetCharges": 12985000, "totalAssets": 10313161000, "accountsPayable": 954657000, "shortLongTermDebt": 72292000, "otherCurrentLiab": 607784000, "longTermDebt": 1146854000, "otherLiab": 463864000, "deferredLongTermLiab": 17000000, "minorityInterest": 414976000, "totalCurrentLiabilities": 2235049000, "totalLiab": 3845767000, "commonStock": 949858000, "retainedEarnings": 2780115000, "treasuryStock": 143852000, "capitalSurplus": 2178593000, "otherStockholderEquity": 143852000, "totalStockholderEquity": 6052418000, "netTangibleAssets": 4771453000}, {"maxAge": 1, "endDate": "2018-03-31", "cash": 264015000, "shortTermInvestments": 1404211000, "netReceivables": 1183310000, "inventory": 589239000, "otherCurrentAssets": 146445000, "totalCurrentAssets": 4689472000, "longTermInvestments": 454131000, "propertyPlantEquipment": 3348899000, "goodWill": 76910000, "intangibleAssets": 118698000, "otherAssets": 172210000, "deferredLongTermAssetCharges": 11919000, "totalAssets": 8860320000, "accountsPayable": 800067000, "shortLongTermDebt": 315684000, "otherCurrentLiab": 412048000, "longTermDebt": 529395000, "otherLiab": 589361000, "deferredLongTermLiab": 28333000, "minorityInterest": 146396000, "totalCurrentLiabilities": 1780257000, "totalLiab": 2899013000, "commonStock": 948766000, "retainedEarnings": 2514627000, "treasuryStock": 184360000, "capitalSurplus": 2167158000, "otherStockholderEquity": 184360000, "totalStockholderEquity": 5814911000, "netTangibleAssets": 5619303000}, {"maxAge": 1, "endDate": "2017-03-31", "cash": 161045000, "shortTermInvestments": 2408642000, "netReceivables": 1100148000, "inventory": 334041000, "otherCurrentAssets": 181102000, "totalCurrentAssets": 5076458000, "longTermInvestments": 392140000, "propertyPlantEquipment": 2241914000, "intangibleAssets": 3080000, "otherAssets": 99229000, "totalAssets": 7812821000, "accountsPayable": 704298000, "shortLongTermDebt": 435827000, "otherCurrentLiab": 223579000, "longTermDebt": 248611000, "otherLiab": 191432000, "totalCurrentLiabilities": 1787495000, "totalLiab": 2227538000, "commonStock": 947945000, "retainedEarnings": 2485757000, "treasuryStock": -6731000, "capitalSurplus": 2158312000, "otherStockholderEquity": -6731000, "totalStockholderEquity": 5585283000, "netTangibleAssets": 5582203000}], "maxAge": 86400}, "earningsTrend": {"trend": [{"maxAge": 1, "period": "0q", "endDate": null, "growth": {}, "earningsEstimate": {"avg": 0.0, "low": 0.0, "high": 0.0, "yearAgoEps": {}, "numberOfAnalysts": 0, "growth": {}}, "revenueEstimate": {"avg": 0, "low": 0, "high": 0, "numberOfAnalysts": 0, "yearAgoRevenue": {}, "growth": {}}, "epsTrend": {"current": 0.0, "7daysAgo": 0.0, "30daysAgo": 0.0, "60daysAgo": 0.0, "90daysAgo": 0.0}, "epsRevisions": {"upLast7days": 0, "upLast30days": 0, "downLast30days": 0, "downLast90days": {}}}, {"maxAge": 1, "period": "+1q", "endDate": null, "growth": {}, "earningsEstimate": {"avg": 0.0, "low": 0.0, "high": 0.0, "yearAgoEps": {}, "numberOfAnalysts": 0, "growth": {}}, "revenueEstimate": {"avg": 0, "low": 0, "high": 0, "numberOfAnalysts": 0, "yearAgoRevenue": {}, "growth": {}}, "epsTrend": {"current": 0.0, "7daysAgo": 0.0, "30daysAgo": 0.0, "60daysAgo": 0.0, "90daysAgo": 0.0}, "epsRevisions": {"upLast7days": 0, "upLast30days": 0, "downLast30days": 0, "downLast90days": {}}}, {"maxAge": 1, "period": "0y", "endDate": null, "growth": {}, "earningsEstimate": {"avg": 0.0, "low": 0.0, "high": 0.0, "yearAgoEps": {}, "numberOfAnalysts": 0, "growth": {}}, "revenueEstimate": {"avg": 0, "low": 0, "high": 0, "numberOfAnalysts": 0, "yearAgoRevenue": {}, "growth": {}}, "epsTrend": {"current": 0.0, "7daysAgo": 0.0, "30daysAgo": 0.0, "60daysAgo": 0.0, "90daysAgo": 0.0}, "epsRevisions": {"upLast7days": 0, "upLast30days": 0, "downLast30days": 0, "downLast90days": {}}}, {"maxAge": 1, "period": "+1y", "endDate": null, "growth": {}, "earningsEstimate": {"avg": 0.0, "low": 0.0, "high": 0.0, "yearAgoEps": {}, "numberOfAnalysts": 0, "growth": {}}, "revenueEstimate": {"avg": 0, "low": 0, "high": 0, "numberOfAnalysts": 0, "yearAgoRevenue": {}, "growth": {}}, "epsTrend": {"current": 0.0, "7daysAgo": 0.0, "30daysAgo": 0.0, "60daysAgo": 0.0, "90daysAgo": 0.0}, "epsRevisions": {"upLast7days": 0, "upLast30days": 0, "downLast30days": 0, "downLast90days": {}}}, {"maxAge": 1, "period": "+5y", "endDate": null, "growth": {}, "earningsEstimate": {"avg": {}, "low": {}, "high": {}, "yearAgoEps": {}, "numberOfAnalysts": {}, "growth": {}}, "revenueEstimate": {"avg": {}, "low": {}, "high": {}, "numberOfAnalysts": {}, "yearAgoRevenue": {}, "growth": {}}, "epsTrend": {"current": {}, "7daysAgo": {}, "30daysAgo": {}, "60daysAgo": {}, "90daysAgo": {}}, "epsRevisions": {"upLast7days": {}, "upLast30days": {}, "downLast30days": {}, "downLast90days": {}}}, {"maxAge": 1, "period": "-5y", "endDate": null, "growth": {}, "earningsEstimate": {"avg": {}, "low": {}, "high": {}, "yearAgoEps": {}, "numberOfAnalysts": {}, "growth": {}}, "revenueEstimate": {"avg": {}, "low": {}, "high": {}, "numberOfAnalysts": {}, "yearAgoRevenue": {}, "growth": {}}, "epsTrend": {"current": {}, "7daysAgo": {}, "30daysAgo": {}, "60daysAgo": {}, "90daysAgo": {}}, "epsRevisions": {"upLast7days": {}, "upLast30days": {}, "downLast30days": {}, "downLast90days": {}}}], "maxAge": 1}, "institutionOwnership": {"ownershipList": [], "maxAge": 1}, "majorHoldersBreakdown": {"maxAge": 1, "insidersPercentHeld": 0.75727, "institutionsPercentHeld": 0.0, "institutionsFloatPercentHeld": 0.0, "institutionsCount": 0}, "balanceSheetHistoryQuarterly": {"balanceSheetStatements": [{"maxAge": 1, "endDate": "2020-12-31", "totalStockholderEquity": 6461908000, "netTangibleAssets": 5515089000}, {"maxAge": 1, "endDate": "2020-09-30", "cash": 588056000, "shortTermInvestments": 1950577000, "netReceivables": 1374388000, "inventory": 1100260000, "otherCurrentAssets": 119287000, "totalCurrentAssets": 5132568000, "longTermInvestments": 4737000, "propertyPlantEquipment": 3638445000, "goodWill": 164897000, "intangibleAssets": 781922000, "otherAssets": 135849000, "deferredLongTermAssetCharges": 18283000, "totalAssets": 9858418000, "accountsPayable": 792541000, "otherCurrentLiab": 740508000, "longTermDebt": 1245271000, "otherLiab": 330653000, "totalCurrentLiabilities": 1805894000, "totalLiab": 3396510000, "commonStock": 949858000, "retainedEarnings": 3159764000, "treasuryStock": 176259000, "capitalSurplus": 2176027000, "otherStockholderEquity": 176259000, "totalStockholderEquity": 6461908000, "netTangibleAssets": 5515089000}, {"maxAge": 1, "endDate": "2020-06-30", "totalStockholderEquity": 6181198000, "netTangibleAssets": 5199474000}, {"maxAge": 1, "endDate": "2020-03-31", "cash": 274802000, "shortTermInvestments": 288803000, "netReceivables": 1888165000, "inventory": 1409300000, "otherCurrentAssets": 239785000, "totalCurrentAssets": 5403904000, "longTermInvestments": 20824000, "propertyPlantEquipment": 3794197000, "goodWill": 161894000, "intangibleAssets": 819830000, "otherAssets": 130652000, "deferredLongTermAssetCharges": 16618000, "totalAssets": 10331301000, "accountsPayable": 1023166000, "shortLongTermDebt": 117812000, "otherCurrentLiab": 242506000, "longTermDebt": 1517176000, "otherLiab": 345022000, "deferredLongTermLiab": 5667000, "minorityInterest": 321734000, "totalCurrentLiabilities": 1939923000, "totalLiab": 3828369000, "commonStock": 949858000, "retainedEarnings": 2894244000, "treasuryStock": 160876000, "capitalSurplus": 2176220000, "otherStockholderEquity": 160876000, "totalStockholderEquity": 6181198000, "netTangibleAssets": 5199474000}], "maxAge": 86400}, "earningsHistory": {"history": [{"maxAge": 1, "epsActual": {}, "epsEstimate": {}, "epsDifference": {}, "surprisePercent": {}, "quarter": {}, "period": "-4q"}, {"maxAge": 1, "epsActual": {}, "epsEstimate": {}, "epsDifference": {}, "surprisePercent": {}, "quarter": {}, "period": "-3q"}, {"maxAge": 1, "epsActual": {}, "epsEstimate": {}, "epsDifference": {}, "surprisePercent": {}, "quarter": {}, "period": "-2q"}, {"maxAge": 1, "epsActual": {}, "epsEstimate": {}, "epsDifference": {}, "surprisePercent": {}, "quarter": {}, "period": "-1q"}], "maxAge": 86400}, "summaryProfile": {"address1": "D5 MIDC", "address2": "Chincholi", "city": "Solapur", "zip": "413255", "country": "India", "phone": "91 91 6864 6531", "fax": "91 21 7265 7645", "website": "http://www.pclindia.in", "industry": "Auto Parts", "sector": "Consumer Cyclical", "longBusinessSummary": "Precision Camshafts Limited manufactures and sells parts of motor vehicle for original equipment manufacturers in India, Asia, China, Europe, and internationally. It offers chilled cast iron, ductile iron, hybrid, and assembled camshafts for the automotive industry; fuel injector components for conventional and DRDi diesel engines; stainless steel components for instrumentation and equipment; prismatic components, such as powertrain, brakes, and chassis components; and balancer shafts and assemblies, as well as electric trucks and buses, and drivelines. The company provides approximately 150 varieties of camshafts for passenger vehicles. The company was founded in 1992 and is based in Solapur, India.", "fullTimeEmployees": 2078, "companyOfficers": [], "maxAge": 86400}, "netSharePurchaseActivity": {"maxAge": 1, "period": "6m", "buyInfoCount": 0, "buyInfoShares": 0, "sellInfoCount": 0, "netInfoCount": 0, "netInfoShares": 0, "netPercentInsiderShares": 0.0, "totalInsiderShares": 71701272}, "insiderTransactions": {"transactions": [{"maxAge": 1, "shares": 12450, "filerUrl": "", "transactionText": "", "filerName": "Shah (Karan Yatin)", "filerRelation": "Promoter", "moneyText": "", "startDate": "2020-03-26", "ownership": "D"}, {"maxAge": 1, "shares": 50, "filerUrl": "", "transactionText": "", "filerName": "Shah (Karan Yatin)", "filerRelation": "Promoter", "moneyText": "", "startDate": "2020-03-25", "ownership": "D"}, {"maxAge": 1, "shares": 50, "filerUrl": "", "transactionText": "", "filerName": "CAMS Technology, Ltd.", "filerRelation": "Promoter", "moneyText": "", "startDate": "2019-11-21", "ownership": "D"}], "maxAge": 1}, "sectorTrend": {"maxAge": 1, "symbol": null, "estimates": []}, "incomeStatementHistoryQuarterly": {"incomeStatementHistory": [{"maxAge": 1, "endDate": "2020-12-31", "totalRevenue": 2092854000, "costOfRevenue": 735974000, "grossProfit": 1356880000, "researchDevelopment": {}, "sellingGeneralAdministrative": 434647000, "nonRecurring": {}, "otherOperatingExpenses": 632739000, "totalOperatingExpenses": 2003809000, "operatingIncome": 89045000, "totalOtherIncomeExpenseNet": 85907000, "ebit": 89045000, "interestExpense": -18913000, "incomeBeforeTax": 174952000, "incomeTaxExpense": 63225000, "minorityInterest": {}, "netIncomeFromContinuingOps": 111727000, "discontinuedOperations": {}, "extraordinaryItems": {}, "effectOfAccountingCharges": {}, "otherItems": {}, "netIncome": 111727000, "netIncomeApplicableToCommonShares": 111727000}, {"maxAge": 1, "endDate": "2020-09-30", "totalRevenue": 1835914000, "costOfRevenue": 817620000, "grossProfit": 1018294000, "researchDevelopment": {}, "sellingGeneralAdministrative": 335412000, "nonRecurring": {}, "otherOperatingExpenses": 494230000, "totalOperatingExpenses": 1853326000, "operatingIncome": -17412000, "totalOtherIncomeExpenseNet": 87165000, "ebit": -17412000, "interestExpense": -18592000, "incomeBeforeTax": 69753000, "incomeTaxExpense": 28129000, "minorityInterest": {}, "netIncomeFromContinuingOps": 41624000, "discontinuedOperations": {}, "extraordinaryItems": {}, "effectOfAccountingCharges": {}, "otherItems": {}, "netIncome": 46867000, "netIncomeApplicableToCommonShares": 46867000}, {"maxAge": 1, "endDate": "2020-06-30", "totalRevenue": 972692000, "costOfRevenue": 480512000, "grossProfit": 492180000, "researchDevelopment": {}, "sellingGeneralAdministrative": 254160000, "nonRecurring": {}, "otherOperatingExpenses": 241541000, "totalOperatingExpenses": 1146293000, "operatingIncome": -173601000, "totalOtherIncomeExpenseNet": 187079000, "ebit": -173601000, "interestExpense": -17229000, "incomeBeforeTax": 13478000, "incomeTaxExpense": 19955000, "minorityInterest": {}, "netIncomeFromContinuingOps": -6477000, "discontinuedOperations": {}, "extraordinaryItems": {}, "effectOfAccountingCharges": {}, "otherItems": {}, "netIncome": 18924000, "netIncomeApplicableToCommonShares": 18924000}, {"maxAge": 1, "endDate": "2020-03-31", "totalRevenue": 1794712000, "costOfRevenue": 980864000, "grossProfit": 813848000, "researchDevelopment": {}, "sellingGeneralAdministrative": 403905000, "nonRecurring": {}, "otherOperatingExpenses": 129747000, "totalOperatingExpenses": 1738714000, "operatingIncome": 55998000, "totalOtherIncomeExpenseNet": -123690000, "ebit": 55998000, "interestExpense": -12369000, "incomeBeforeTax": -67692000, "incomeTaxExpense": 2299000, "minorityInterest": 321734000, "netIncomeFromContinuingOps": -69991000, "discontinuedOperations": {}, "extraordinaryItems": {}, "effectOfAccountingCharges": {}, "otherItems": {}, "netIncome": -40071000, "netIncomeApplicableToCommonShares": -40071000}], "maxAge": 86400}, "cashflowStatementHistoryQuarterly": {"cashflowStatements": [{"maxAge": 1, "endDate": "2020-12-31", "netIncome": 111727000, "changeToLiabilities": 0}, {"maxAge": 1, "endDate": "2020-09-30", "netIncome": 46867000, "changeToLiabilities": 0}, {"maxAge": 1, "endDate": "2020-06-30", "netIncome": 18924000, "changeToLiabilities": 0}, {"maxAge": 1, "endDate": "2020-03-31", "netIncome": -40071000, "changeToLiabilities": 0}], "maxAge": 86400}, "earnings": {"maxAge": 86400, "earningsChart": {"quarterly": [], "earningsDate": []}, "financialsChart": {"yearly": [{"date": 2017, "revenue": 4422997000, "earnings": 665880000}, {"date": 2018, "revenue": 4219398000, "earnings": 460869000}, {"date": 2019, "revenue": 6952507000, "earnings": 115204000}, {"date": 2020, "revenue": 7462330000, "earnings": 349575000}], "quarterly": [{"date": "1Q2020", "revenue": 1794712000, "earnings": -40071000}, {"date": "2Q2020", "revenue": 972692000, "earnings": 18924000}, {"date": "3Q2020", "revenue": 1835914000, "earnings": 46867000}, {"date": "4Q2020", "revenue": 2092854000, "earnings": 111727000}]}, "financialCurrency": "INR"}, "financialData": {"maxAge": 86400, "currentPrice": 43.25, "recommendationMean": 2.0, "recommendationKey": "buy", "totalCash": 2538632960, "totalCashPerShare": 26.812, "ebitda": 849750528, "totalDebt": 1532807936, "totalRevenue": 6696172032, "debtToEquity": 23.721, "revenuePerShare": 70.556, "grossProfits": 4508146000, "earningsGrowth": -0.422, "revenueGrowth": 0.108, "grossMargins": 0.54975, "ebitdaMargins": 0.1269, "operatingMargins": -0.0068699997, "profitMargins": 0.02053, "financialCurrency": "INR"}}}