{"PRECAM.BO": {"recommendationTrend": {"trend": [{"period": "0m", "strongBuy": 0, "buy": 0, "hold": 0, "sell": 0, "strongSell": 0}, {"period": "-1m", "strongBuy": 0, "buy": 0, "hold": 0, "sell": 0, "strongSell": 0}, {"period": "-2m", "strongBuy": 0, "buy": 0, "hold": 0, "sell": 0, "strongSell": 0}, {"period": "-3m", "strongBuy": 0, "buy": 0, "hold": 0, "sell": 0, "strongSell": 0}], "maxAge": 86400}, "cashflowStatementHistory": {"cashflowStatements": [{"maxAge": 1, "endDate": "2020-03-31", "netIncome": 349575000, "depreciation": 845984000, "changeToNetincome": -70955000, "changeToAccountReceivables": -256825000, "changeToLiabilities": 68192000, "changeToInventory": -351991000, "changeToOperatingActivities": -20586000, "totalCashFromOperatingActivities": 581628000, "capitalExpenditures": -744599000, "investments": 80505000, "otherCashflowsFromInvestingActivities": 39735000, "totalCashflowsFromInvestingActivities": -595888000, "dividendsPaid": -185223000, "netBorrowings": 309982000, "otherCashflowsFromFinancingActivities": -91389000, "totalCashFromFinancingActivities": 33370000, "effectOfExchangeRate": 22566000, "changeInCash": 41676000}, {"maxAge": 1, "endDate": "2019-03-31", "netIncome": 115204000, "depreciation": 762059000, "changeToNetincome": 206568000, "changeToAccountReceivables": -242695000, "changeToLiabilities": 113850000, "changeToInventory": -130216000, "changeToOperatingActivities": -440298000, "totalCashFromOperatingActivities": 402408000, "capitalExpenditures": -743266000, "investments": 906813000, "otherCashflowsFromInvestingActivities": 109779000, "totalCashflowsFromInvestingActivities": -335170000, "dividendsPaid": -94986000, "netBorrowings": 87561000, "otherCashflowsFromFinancingActivities": -96645000, "totalCashFromFinancingActivities": -102978000, "effectOfExchangeRate": 4852000, "changeInCash": -30888000, "issuanceOfStock": 1092000}, {"maxAge": 1, "endDate": "2018-03-31", "netIncome": 460869000, "depreciation": 446185000, "changeToNetincome": -246623000, "changeToAccountReceivables": 273618000, "changeToLiabilities": -86323000, "changeToInventory": 40300000, "changeToOperatingActivities": 159810000, "totalCashFromOperatingActivities": 1056153000, "capitalExpenditures": -684118000, "investments": 942811000, "otherCashflowsFromInvestingActivities": 99445000, "totalCashflowsFromInvestingActivities": -222483000, "dividendsPaid": -142203000, "netBorrowings": -498394000, "otherCashflowsFromFinancingActivities": -68272000, "totalCashFromFinancingActivities": -708048000, "effectOfExchangeRate": 2612000, "changeInCash": 102969000, "issuanceOfStock": 821000}, {"maxAge": 1, "endDate": "2017-03-31", "netIncome": 665880000, "depreciation": 370533000, "changeToNetincome": -407700000, "changeToAccountReceivables": -132186000, "changeToLiabilities": 66803000, "changeToInventory": 69084000, "changeToOperatingActivities": 6846000, "totalCashFromOperatingActivities": 642329000, "capitalExpenditures": -446221000, "investments": 198135000, "otherCashflowsFromInvestingActivities": 223457000, "totalCashflowsFromInvestingActivities": -23335000, "dividendsPaid": -142203000, "netBorrowings": -610785000, "otherCashflowsFromFinancingActivities": -57344000, "totalCashFromFinancingActivities": -667632000, "effectOfExchangeRate": 757000, "changeInCash": -47881000, "issuanceOfStock": 497000}], "maxAge": 86400}, "institutionOwnership": {"maxAge": 1, "ownershipList": []}, "balanceSheetHistoryQuarterly": {"balanceSheetStatements": [{"maxAge": 1, "endDate": "2020-06-30", "totalStockholderEquity": 6181198000, "netTangibleAssets": 5199474000}, {"maxAge": 1, "endDate": "2020-03-31", "cash": 274802000, "shortTermInvestments": 288803000, "netReceivables": 1888165000, "inventory": 1409300000, "otherCurrentAssets": 239785000, "totalCurrentAssets": 5403904000, "longTermInvestments": 20824000, "propertyPlantEquipment": 3794197000, "goodWill": 161894000, "intangibleAssets": 819830000, "otherAssets": 130652000, "deferredLongTermAssetCharges": 16618000, "totalAssets": 10331301000, "accountsPayable": 1023166000, "shortLongTermDebt": 117812000, "otherCurrentLiab": 242506000, "longTermDebt": 1517176000, "otherLiab": 345022000, "deferredLongTermLiab": 5667000, "minorityInterest": 321734000, "totalCurrentLiabilities": 1939923000, "totalLiab": 3828369000, "commonStock": 949858000, "retainedEarnings": 2894244000, "treasuryStock": 160876000, "capitalSurplus": 2176220000, "otherStockholderEquity": 160876000, "totalStockholderEquity": 6181198000, "netTangibleAssets": 5199474000}, {"maxAge": 1, "endDate": "2019-12-31", "totalStockholderEquity": 6233799000, "netTangibleAssets": 4970521000}, {"maxAge": 1, "endDate": "2019-09-30", "cash": 823898000, "shortTermInvestments": 1433866000, "netReceivables": 1396140000, "inventory": 1089661000, "otherCurrentAssets": 323051000, "totalCurrentAssets": 5066616000, "longTermInvestments": 16563000, "propertyPlantEquipment": 3900641000, "goodWill": 355022000, "intangibleAssets": 908256000, "otherAssets": 131124000, "deferredLongTermAssetCharges": 14800000, "totalAssets": 10378222000, "accountsPayable": 871767000, "otherCurrentLiab": 647363000, "longTermDebt": 1360800000, "otherLiab": 378478000, "minorityInterest": 384402000, "totalCurrentLiabilities": 2020743000, "totalLiab": 3760021000, "commonStock": 949858000, "retainedEarnings": 2984992000, "treasuryStock": 122181000, "capitalSurplus": 2176768000, "otherStockholderEquity": 122181000, "totalStockholderEquity": 6233799000, "netTangibleAssets": 4970521000}], "maxAge": 86400}, "earningsHistory": {"history": [{"maxAge": 1, "epsActual": {}, "epsEstimate": {}, "epsDifference": {}, "surprisePercent": {}, "quarter": {}, "period": "-4q"}, {"maxAge": 1, "epsActual": {}, "epsEstimate": {}, "epsDifference": {}, "surprisePercent": {}, "quarter": {}, "period": "-3q"}, {"maxAge": 1, "epsActual": {}, "epsEstimate": {}, "epsDifference": {}, "surprisePercent": {}, "quarter": {}, "period": "-2q"}, {"maxAge": 1, "epsActual": {}, "epsEstimate": {}, "epsDifference": {}, "surprisePercent": {}, "quarter": {}, "period": "-1q"}], "maxAge": 86400}, "indexTrend": {"maxAge": 1, "symbol": "SP5", "peRatio": 19.7411, "pegRatio": 1.34172, "estimates": [{"period": "0q", "growth": 0.549}, {"period": "+1q", "growth": 0.431}, {"period": "0y", "growth": 0.305}, {"period": "+1y", "growth": 0.109}, {"period": "+5y", "growth": 0.120865}, {"period": "-5y"}]}, "industryTrend": {"maxAge": 1, "symbol": null, "estimates": []}, "insiderTransactions": {"transactions": [{"maxAge": 1, "shares": 12450, "filerUrl": "", "transactionText": "", "filerName": "Shah (Karan Yatin)", "filerRelation": "Promoter", "moneyText": "", "startDate": "2020-03-26", "ownership": "D"}, {"maxAge": 1, "shares": 50, "filerUrl": "", "transactionText": "", "filerName": "Shah (Karan Yatin)", "filerRelation": "Promoter", "moneyText": "", "startDate": "2020-03-25", "ownership": "D"}, {"maxAge": 1, "shares": 50, "filerUrl": "", "transactionText": "", "filerName": "CAMS Technology, Ltd.", "filerRelation": "Promoter", "moneyText": "", "startDate": "2019-11-21", "ownership": "D"}], "maxAge": 1}, "quoteType": {"exchange": "BSE", "quoteType": "EQUITY", "symbol": "PRECAM.BO", "underlyingSymbol": "PRECAM.BO", "shortName": "Precision Camshafts Limited", "longName": "Precision Camshafts Limited", "firstTradeDateEpochUtc": "2016-02-08 09:15:00", "timeZoneFullName": "Asia/Kolkata", "timeZoneShortName": "IST", "uuid": "9fdfeb2a-3a39-3197-a1cc-8f2a5a305f08", "messageBoardId": null, "gmtOffSetMilliseconds": 19800000, "maxAge": 1}, "incomeStatementHistory": {"incomeStatementHistory": [{"maxAge": 1, "endDate": "2020-03-31", "totalRevenue": 7462330000, "costOfRevenue": 2954184000, "grossProfit": 4508146000, "researchDevelopment": {}, "sellingGeneralAdministrative": 1401322000, "nonRecurring": {}, "otherOperatingExpenses": 1979736000, "totalOperatingExpenses": 7198852000, "operatingIncome": 263478000, "totalOtherIncomeExpenseNet": 95155000, "ebit": 263478000, "interestExpense": -82220000, "incomeBeforeTax": 358633000, "incomeTaxExpense": 98447000, "minorityInterest": 321734000, "netIncomeFromContinuingOps": 260186000, "discontinuedOperations": -3853000, "extraordinaryItems": {}, "effectOfAccountingCharges": {}, "otherItems": {}, "netIncome": 349575000, "netIncomeApplicableToCommonShares": 349575000}, {"maxAge": 1, "endDate": "2019-03-31", "totalRevenue": 6952507000, "costOfRevenue": 2426342000, "grossProfit": 4526165000, "researchDevelopment": {}, "sellingGeneralAdministrative": 1264410000, "nonRecurring": {}, "otherOperatingExpenses": 1975508000, "totalOperatingExpenses": 6456853000, "operatingIncome": 495654000, "totalOtherIncomeExpenseNet": -201906000, "ebit": 495654000, "interestExpense": -76872000, "incomeBeforeTax": 293748000, "incomeTaxExpense": 211705000, "minorityInterest": 414976000, "netIncomeFromContinuingOps": 82043000, "discontinuedOperations": -11304000, "extraordinaryItems": {}, "effectOfAccountingCharges": {}, "otherItems": {}, "netIncome": 115204000, "netIncomeApplicableToCommonShares": 115204000}, {"maxAge": 1, "endDate": "2018-03-31", "totalRevenue": 4219398000, "costOfRevenue": 1441159000, "grossProfit": 2778239000, "researchDevelopment": {}, "sellingGeneralAdministrative": 584176000, "nonRecurring": {}, "otherOperatingExpenses": 1389699000, "totalOperatingExpenses": 3869536000, "operatingIncome": 349862000, "totalOtherIncomeExpenseNet": 339155000, "ebit": 349862000, "interestExpense": -36030000, "incomeBeforeTax": 689017000, "incomeTaxExpense": 228057000, "minorityInterest": 146396000, "netIncomeFromContinuingOps": 460960000, "discontinuedOperations": -11304000, "extraordinaryItems": {}, "effectOfAccountingCharges": {}, "otherItems": {}, "netIncome": 460869000, "netIncomeApplicableToCommonShares": 460869000}, {"maxAge": 1, "endDate": "2017-03-31", "totalRevenue": 4422997000, "costOfRevenue": 1470515000, "grossProfit": 2952482000, "researchDevelopment": {}, "sellingGeneralAdministrative": 636104000, "nonRecurring": {}, "otherOperatingExpenses": 1300438000, "totalOperatingExpenses": 3783019000, "operatingIncome": 639978000, "totalOtherIncomeExpenseNet": 331686000, "ebit": 639978000, "interestExpense": -55564000, "incomeBeforeTax": 971664000, "incomeTaxExpense": 305784000, "minorityInterest": 146396000, "netIncomeFromContinuingOps": 665880000, "discontinuedOperations": -11304000, "extraordinaryItems": {}, "effectOfAccountingCharges": {}, "otherItems": {}, "netIncome": 665880000, "netIncomeApplicableToCommonShares": 665880000}], "maxAge": 86400}, "fundOwnership": {"maxAge": 1, "ownershipList": []}, "summaryDetail": {"maxAge": 1, "priceHint": 2, "previousClose": 44.05, "open": 43.8, "dayLow": 43.2, "dayHigh": 44.9, "regularMarketPreviousClose": 44.05, "regularMarketOpen": 43.8, "regularMarketDayLow": 43.2, "regularMarketDayHigh": 44.9, "trailingPE": 13.341532, "volume": 12064, "regularMarketVolume": 12064, "averageVolume": 46217, "averageVolume10days": 71577, "averageDailyVolume10Day": 71577, "bid": 43.15, "ask": 43.3, "bidSize": 0, "askSize": 0, "marketCap": 4128642048, "fiftyTwoWeekLow": 21.7, "fiftyTwoWeekHigh": 51.55, "fiftyDayAverage": 45.008823, "twoHundredDayAverage": 38.911396, "trailingAnnualDividendRate": 0.95, "trailingAnnualDividendYield": 0.021566402, "currency": "INR", "fromCurrency": null, "toCurrency": null, "lastMarket": null, "algorithm": null, "tradeable": false}, "sectorTrend": {"maxAge": 1, "symbol": null, "estimates": []}, "incomeStatementHistoryQuarterly": {"incomeStatementHistory": [{"maxAge": 1, "endDate": "2020-06-30", "totalRevenue": 972692000, "costOfRevenue": 480512000, "grossProfit": 492180000, "researchDevelopment": {}, "sellingGeneralAdministrative": 254160000, "nonRecurring": {}, "otherOperatingExpenses": 241541000, "totalOperatingExpenses": 1146293000, "operatingIncome": -173601000, "totalOtherIncomeExpenseNet": 187079000, "ebit": -173601000, "interestExpense": -17229000, "incomeBeforeTax": 13478000, "incomeTaxExpense": 19955000, "minorityInterest": {}, "netIncomeFromContinuingOps": -6477000, "discontinuedOperations": {}, "extraordinaryItems": {}, "effectOfAccountingCharges": {}, "otherItems": {}, "netIncome": 18924000, "netIncomeApplicableToCommonShares": 18924000}, {"maxAge": 1, "endDate": "2020-03-31", "totalRevenue": 1794712000, "costOfRevenue": 980864000, "grossProfit": 813848000, "researchDevelopment": {}, "sellingGeneralAdministrative": 403905000, "nonRecurring": {}, "otherOperatingExpenses": 129747000, "totalOperatingExpenses": 1738714000, "operatingIncome": 55998000, "totalOtherIncomeExpenseNet": -123690000, "ebit": 55998000, "interestExpense": -12369000, "incomeBeforeTax": -67692000, "incomeTaxExpense": 2299000, "minorityInterest": 321734000, "netIncomeFromContinuingOps": -69991000, "discontinuedOperations": {}, "extraordinaryItems": {}, "effectOfAccountingCharges": {}, "otherItems": {}, "netIncome": -40071000, "netIncomeApplicableToCommonShares": -40071000}, {"maxAge": 1, "endDate": "2019-12-31", "totalRevenue": 1888881000, "costOfRevenue": 632784000, "grossProfit": 1256097000, "researchDevelopment": {}, "sellingGeneralAdministrative": 318828000, "nonRecurring": {}, "otherOperatingExpenses": 660390000, "totalOperatingExpenses": 1828838000, "operatingIncome": 60043000, "totalOtherIncomeExpenseNet": 186505000, "ebit": 60043000, "interestExpense": -28264000, "incomeBeforeTax": 246548000, "incomeTaxExpense": 83876000, "minorityInterest": 321734000, "netIncomeFromContinuingOps": 162672000, "discontinuedOperations": -758000, "extraordinaryItems": {}, "effectOfAccountingCharges": {}, "otherItems": {}, "netIncome": 194176000, "netIncomeApplicableToCommonShares": 194176000}, {"maxAge": 1, "endDate": "2019-09-30", "totalRevenue": 1807725000, "costOfRevenue": 655164000, "grossProfit": 1152561000, "researchDevelopment": {}, "sellingGeneralAdministrative": 344497000, "nonRecurring": {}, "otherOperatingExpenses": 527205000, "totalOperatingExpenses": 1739091000, "operatingIncome": 68634000, "totalOtherIncomeExpenseNet": 21369000, "ebit": 68634000, "interestExpense": -23549000, "incomeBeforeTax": 90003000, "incomeTaxExpense": -26755000, "minorityInterest": 384402000, "netIncomeFromContinuingOps": 116758000, "discontinuedOperations": -463000, "extraordinaryItems": {}, "effectOfAccountingCharges": {}, "otherItems": {}, "netIncome": 135349000, "netIncomeApplicableToCommonShares": 135349000}], "maxAge": 86400}, "cashflowStatementHistoryQuarterly": {"cashflowStatements": [{"maxAge": 1, "endDate": "2020-06-30", "netIncome": 18924000, "changeToLiabilities": 0}, {"maxAge": 1, "endDate": "2020-03-31", "netIncome": -40071000, "changeToLiabilities": 0}, {"maxAge": 1, "endDate": "2019-12-31", "netIncome": 194176000, "changeToLiabilities": 0}, {"maxAge": 1, "endDate": "2019-09-30", "netIncome": 135349000, "changeToLiabilities": 0}], "maxAge": 86400}, "insiderHolders": {"holders": [{"maxAge": 1, "name": "CAMS Technology, Ltd.", "relation": "Promoter", "url": "", "transactionDescription": "Sale", "latestTransDate": "2019-11-21", "positionDirect": 61299702, "positionDirectDate": "2019-11-21"}, {"maxAge": 1, "name": "Shah (Karan Yatin)", "relation": "Promoter", "url": "", "transactionDescription": "Acquisition", "latestTransDate": "2020-03-26", "positionDirect": 62092363, "positionDirectDate": "2020-03-26"}], "maxAge": 1}, "earnings": {"maxAge": 86400, "earningsChart": {"quarterly": [], "earningsDate": ["2020-08-18 05:30:S"]}, "financialsChart": {"yearly": [{"date": 2017, "revenue": 4422997000, "earnings": 665880000}, {"date": 2018, "revenue": 4219398000, "earnings": 460869000}, {"date": 2019, "revenue": 6952507000, "earnings": 115204000}, {"date": 2020, "revenue": 7462330000, "earnings": 349575000}], "quarterly": [{"date": "3Q2019", "revenue": 1807725000, "earnings": 135349000}, {"date": "4Q2019", "revenue": 1888881000, "earnings": 194176000}, {"date": "1Q2020", "revenue": 1794712000, "earnings": -40071000}, {"date": "2Q2020", "revenue": 972692000, "earnings": 18924000}]}, "financialCurrency": "INR"}, "calendarEvents": {"maxAge": 1, "earnings": {"earningsDate": ["2020-08-18 05:30:S"]}}, "price": {"maxAge": 1, "regularMarketChangePercent": -0.0147559075, "regularMarketChange": -0.6499977, "regularMarketTime": "2021-04-30 15:29:40", "priceHint": 2, "regularMarketPrice": 43.4, "regularMarketDayHigh": 44.9, "regularMarketDayLow": 43.2, "regularMarketVolume": 12064, "averageDailyVolume10Day": 71577, "averageDailyVolume3Month": 46217, "regularMarketPreviousClose": 44.05, "regularMarketSource": "FREE_REALTIME", "regularMarketOpen": 43.8, "exchange": "BSE", "exchangeName": "BSE", "exchangeDataDelayedBy": 0, "marketState": "CLOSED", "quoteType": "EQUITY", "symbol": "PRECAM.BO", "underlyingSymbol": null, "shortName": "Precision Camshafts Limited", "longName": "Precision Camshafts Limited", "currency": "INR", "quoteSourceName": "Delayed Quote", "currencySymbol": "\u20b9", "fromCurrency": null, "toCurrency": null, "lastMarket": null, "marketCap": 4128642048}, "balanceSheetHistory": {"balanceSheetStatements": [{"maxAge": 1, "endDate": "2020-03-31", "cash": 274802000, "shortTermInvestments": 288803000, "netReceivables": 1888165000, "inventory": 1409300000, "otherCurrentAssets": 239785000, "totalCurrentAssets": 5403904000, "longTermInvestments": 20824000, "propertyPlantEquipment": 3794197000, "goodWill": 161894000, "intangibleAssets": 819830000, "otherAssets": 130652000, "deferredLongTermAssetCharges": 16618000, "totalAssets": 10331301000, "accountsPayable": 1023166000, "shortLongTermDebt": 117812000, "otherCurrentLiab": 242506000, "longTermDebt": 1517176000, "otherLiab": 345022000, "deferredLongTermLiab": 5667000, "minorityInterest": 321734000, "totalCurrentLiabilities": 1939923000, "totalLiab": 3828369000, "commonStock": 949858000, "retainedEarnings": 2894244000, "treasuryStock": 160876000, "capitalSurplus": 2176220000, "otherStockholderEquity": 160876000, "totalStockholderEquity": 6181198000, "netTangibleAssets": 5199474000}, {"maxAge": 1, "endDate": "2019-03-31", "cash": 233126000, "shortTermInvestments": 659629000, "netReceivables": 1801276000, "inventory": 1057309000, "otherCurrentAssets": 300803000, "totalCurrentAssets": 5051177000, "longTermInvestments": 19635000, "propertyPlantEquipment": 3858334000, "goodWill": 365678000, "intangibleAssets": 915287000, "otherAssets": 103050000, "deferredLongTermAssetCharges": 12985000, "totalAssets": 10313161000, "accountsPayable": 954657000, "shortLongTermDebt": 72292000, "otherCurrentLiab": 607784000, "longTermDebt": 1146854000, "otherLiab": 463864000, "deferredLongTermLiab": 17000000, "minorityInterest": 414976000, "totalCurrentLiabilities": 2235049000, "totalLiab": 3845767000, "commonStock": 949858000, "retainedEarnings": 2780115000, "treasuryStock": 143852000, "capitalSurplus": 2178593000, "otherStockholderEquity": 143852000, "totalStockholderEquity": 6052418000, "netTangibleAssets": 4771453000}, {"maxAge": 1, "endDate": "2018-03-31", "cash": 264015000, "shortTermInvestments": 1404211000, "netReceivables": 1183310000, "inventory": 589239000, "otherCurrentAssets": 146445000, "totalCurrentAssets": 4689472000, "longTermInvestments": 454131000, "propertyPlantEquipment": 3348899000, "goodWill": 76910000, "intangibleAssets": 118698000, "otherAssets": 172210000, "deferredLongTermAssetCharges": 11919000, "totalAssets": 8860320000, "accountsPayable": 800067000, "shortLongTermDebt": 315684000, "otherCurrentLiab": 412048000, "longTermDebt": 529395000, "otherLiab": 589361000, "deferredLongTermLiab": 28333000, "minorityInterest": 146396000, "totalCurrentLiabilities": 1780257000, "totalLiab": 2899013000, "commonStock": 948766000, "retainedEarnings": 2514627000, "treasuryStock": 184360000, "capitalSurplus": 2167158000, "otherStockholderEquity": 184360000, "totalStockholderEquity": 5814911000, "netTangibleAssets": 5619303000}, {"maxAge": 1, "endDate": "2017-03-31", "cash": 161045000, "shortTermInvestments": 2408642000, "netReceivables": 1100148000, "inventory": 334041000, "otherCurrentAssets": 181102000, "totalCurrentAssets": 5076458000, "longTermInvestments": 392140000, "propertyPlantEquipment": 2241914000, "intangibleAssets": 3080000, "otherAssets": 99229000, "totalAssets": 7812821000, "accountsPayable": 704298000, "shortLongTermDebt": 435827000, "otherCurrentLiab": 223579000, "longTermDebt": 248611000, "otherLiab": 191432000, "totalCurrentLiabilities": 1787495000, "totalLiab": 2227538000, "commonStock": 947945000, "retainedEarnings": 2485757000, "treasuryStock": -6731000, "capitalSurplus": 2158312000, "otherStockholderEquity": -6731000, "totalStockholderEquity": 5585283000, "netTangibleAssets": 5582203000}], "maxAge": 86400}, "earningsTrend": {"trend": [{"maxAge": 1, "period": "0q", "endDate": null, "growth": {}, "earningsEstimate": {"avg": 0.0, "low": 0.0, "high": 0.0, "yearAgoEps": {}, "numberOfAnalysts": 0, "growth": {}}, "revenueEstimate": {"avg": 0, "low": 0, "high": 0, "numberOfAnalysts": 0, "yearAgoRevenue": {}, "growth": {}}, "epsTrend": {"current": 0.0, "7daysAgo": 0.0, "30daysAgo": 0.0, "60daysAgo": 0.0, "90daysAgo": 0.0}, "epsRevisions": {"upLast7days": 0, "upLast30days": 0, "downLast30days": 0, "downLast90days": {}}}, {"maxAge": 1, "period": "+1q", "endDate": null, "growth": {}, "earningsEstimate": {"avg": 0.0, "low": 0.0, "high": 0.0, "yearAgoEps": {}, "numberOfAnalysts": 0, "growth": {}}, "revenueEstimate": {"avg": 0, "low": 0, "high": 0, "numberOfAnalysts": 0, "yearAgoRevenue": {}, "growth": {}}, "epsTrend": {"current": 0.0, "7daysAgo": 0.0, "30daysAgo": 0.0, "60daysAgo": 0.0, "90daysAgo": 0.0}, "epsRevisions": {"upLast7days": 0, "upLast30days": 0, "downLast30days": 0, "downLast90days": {}}}, {"maxAge": 1, "period": "0y", "endDate": null, "growth": {}, "earningsEstimate": {"avg": 0.0, "low": 0.0, "high": 0.0, "yearAgoEps": {}, "numberOfAnalysts": 0, "growth": {}}, "revenueEstimate": {"avg": 0, "low": 0, "high": 0, "numberOfAnalysts": 0, "yearAgoRevenue": {}, "growth": {}}, "epsTrend": {"current": 0.0, "7daysAgo": 0.0, "30daysAgo": 0.0, "60daysAgo": 0.0, "90daysAgo": 0.0}, "epsRevisions": {"upLast7days": 0, "upLast30days": 0, "downLast30days": 0, "downLast90days": {}}}, {"maxAge": 1, "period": "+1y", "endDate": null, "growth": {}, "earningsEstimate": {"avg": 0.0, "low": 0.0, "high": 0.0, "yearAgoEps": {}, "numberOfAnalysts": 0, "growth": {}}, "revenueEstimate": {"avg": 0, "low": 0, "high": 0, "numberOfAnalysts": 0, "yearAgoRevenue": {}, "growth": {}}, "epsTrend": {"current": 0.0, "7daysAgo": 0.0, "30daysAgo": 0.0, "60daysAgo": 0.0, "90daysAgo": 0.0}, "epsRevisions": {"upLast7days": 0, "upLast30days": 0, "downLast30days": 0, "downLast90days": {}}}, {"maxAge": 1, "period": "+5y", "endDate": null, "growth": {}, "earningsEstimate": {"avg": {}, "low": {}, "high": {}, "yearAgoEps": {}, "numberOfAnalysts": {}, "growth": {}}, "revenueEstimate": {"avg": {}, "low": {}, "high": {}, "numberOfAnalysts": {}, "yearAgoRevenue": {}, "growth": {}}, "epsTrend": {"current": {}, "7daysAgo": {}, "30daysAgo": {}, "60daysAgo": {}, "90daysAgo": {}}, "epsRevisions": {"upLast7days": {}, "upLast30days": {}, "downLast30days": {}, "downLast90days": {}}}, {"maxAge": 1, "period": "-5y", "endDate": null, "growth": {}, "earningsEstimate": {"avg": {}, "low": {}, "high": {}, "yearAgoEps": {}, "numberOfAnalysts": {}, "growth": {}}, "revenueEstimate": {"avg": {}, "low": {}, "high": {}, "numberOfAnalysts": {}, "yearAgoRevenue": {}, "growth": {}}, "epsTrend": {"current": {}, "7daysAgo": {}, "30daysAgo": {}, "60daysAgo": {}, "90daysAgo": {}}, "epsRevisions": {"upLast7days": {}, "upLast30days": {}, "downLast30days": {}, "downLast90days": {}}}], "maxAge": 1}, "financialData": {"maxAge": 86400, "currentPrice": 43.4, "recommendationMean": 2.0, "recommendationKey": "buy", "grossProfits": 4508146000, "financialCurrency": "INR"}}}