{"PRECWIRE.BO": {"recommendationTrend": {"trend": [{"period": "0m", "strongBuy": 0, "buy": 0, "hold": 0, "sell": 0, "strongSell": 0}, {"period": "-1m", "strongBuy": 0, "buy": 0, "hold": 0, "sell": 0, "strongSell": 0}, {"period": "-2m", "strongBuy": 0, "buy": 0, "hold": 0, "sell": 0, "strongSell": 0}, {"period": "-3m", "strongBuy": 0, "buy": 0, "hold": 0, "sell": 0, "strongSell": 0}], "maxAge": 86400}, "cashflowStatementHistory": {"cashflowStatements": [{"maxAge": 1, "endDate": "2020-03-31", "netIncome": 318244000, "depreciation": 160985000, "changeToNetincome": 175496000, "changeToAccountReceivables": 277885000, "changeToLiabilities": -633480000, "changeToInventory": 163474000, "changeToOperatingActivities": 20617000, "totalCashFromOperatingActivities": 483221000, "capitalExpenditures": -119381000, "otherCashflowsFromInvestingActivities": -10278000, "totalCashflowsFromInvestingActivities": -129608000, "dividendsPaid": -115636000, "netBorrowings": 15378000, "otherCashflowsFromFinancingActivities": -210902000, "totalCashFromFinancingActivities": -311160000, "changeInCash": 42453000}, {"maxAge": 1, "endDate": "2019-03-31", "netIncome": 418272000, "depreciation": 127880000, "changeToNetincome": 169525000, "changeToAccountReceivables": -420624000, "changeToLiabilities": 418019000, "changeToInventory": -150068000, "changeToOperatingActivities": 25694000, "totalCashFromOperatingActivities": 588698000, "capitalExpenditures": -469538000, "otherCashflowsFromInvestingActivities": 469000, "totalCashflowsFromInvestingActivities": -467092000, "dividendsPaid": -104072000, "netBorrowings": -98349000, "otherCashflowsFromFinancingActivities": -192584000, "totalCashFromFinancingActivities": -395005000, "changeInCash": -273399000}, {"maxAge": 1, "endDate": "2018-03-31", "netIncome": 359827000, "depreciation": 140699000, "changeToNetincome": 159486000, "changeToAccountReceivables": -728135000, "changeToLiabilities": 1064648000, "changeToInventory": -10456000, "changeToOperatingActivities": -36395000, "totalCashFromOperatingActivities": 949674000, "capitalExpenditures": -177444000, "otherCashflowsFromInvestingActivities": 469000, "totalCashflowsFromInvestingActivities": -174928000, "dividendsPaid": -98290000, "netBorrowings": -43647000, "otherCashflowsFromFinancingActivities": -172037000, "totalCashFromFinancingActivities": -313974000, "changeInCash": 460772000}, {"maxAge": 1, "endDate": "2017-03-31", "netIncome": 225444000, "depreciation": 142855000, "changeToNetincome": 90909000, "changeToAccountReceivables": -467915000, "changeToLiabilities": 219838000, "changeToInventory": -103129000, "changeToOperatingActivities": 22924000, "totalCashFromOperatingActivities": 130926000, "capitalExpenditures": -89744000, "otherCashflowsFromInvestingActivities": 469000, "totalCashflowsFromInvestingActivities": -88632000, "dividendsPaid": -57818000, "netBorrowings": 100027000, "otherCashflowsFromFinancingActivities": -104057000, "totalCashFromFinancingActivities": -61848000, "changeInCash": -19554000}], "maxAge": 86400}, "institutionOwnership": {"maxAge": 1, "ownershipList": []}, "balanceSheetHistoryQuarterly": {"balanceSheetStatements": [{"maxAge": 1, "endDate": "2020-06-30", "totalStockholderEquity": 2828089000, "netTangibleAssets": 2824840000}, {"maxAge": 1, "endDate": "2020-03-31", "cash": 374789000, "netReceivables": 2688185000, "inventory": 1067058000, "otherCurrentAssets": 97791000, "totalCurrentAssets": 4227823000, "longTermInvestments": 14810000, "propertyPlantEquipment": 1189987000, "intangibleAssets": 3249000, "otherAssets": 4048000, "totalAssets": 5439917000, "accountsPayable": 2031814000, "shortLongTermDebt": 45000000, "otherCurrentLiab": 186218000, "longTermDebt": 119844000, "otherLiab": 59507000, "totalCurrentLiabilities": 2432477000, "totalLiab": 2611828000, "commonStock": 115636000, "retainedEarnings": 2516881000, "treasuryStock": 11707000, "capitalSurplus": 183865000, "otherStockholderEquity": 11707000, "totalStockholderEquity": 2828089000, "netTangibleAssets": 2824840000}, {"maxAge": 1, "endDate": "2019-12-31", "totalStockholderEquity": 2747652000, "netTangibleAssets": 2742484000}, {"maxAge": 1, "endDate": "2019-09-30", "cash": 302976000, "netReceivables": 2657343000, "inventory": 1009193000, "otherCurrentAssets": 71043000, "totalCurrentAssets": 4040555000, "longTermInvestments": 14816000, "propertyPlantEquipment": 1208003000, "intangibleAssets": 5168000, "otherAssets": 6287000, "totalAssets": 5274829000, "accountsPayable": 1748161000, "shortLongTermDebt": 314109000, "otherCurrentLiab": 247161000, "longTermDebt": 142344000, "otherLiab": 73366000, "totalCurrentLiabilities": 2311467000, "totalLiab": 2527177000, "commonStock": 115636000, "treasuryStock": 2632016000, "otherStockholderEquity": 2632016000, "totalStockholderEquity": 2747652000, "netTangibleAssets": 2742484000}], "maxAge": 86400}, "earningsHistory": {"history": [{"maxAge": 1, "epsActual": {}, "epsEstimate": {}, "epsDifference": {}, "surprisePercent": {}, "quarter": {}, "period": "-4q"}, {"maxAge": 1, "epsActual": {}, "epsEstimate": {}, "epsDifference": {}, "surprisePercent": {}, "quarter": {}, "period": "-3q"}, {"maxAge": 1, "epsActual": {}, "epsEstimate": {}, "epsDifference": {}, "surprisePercent": {}, "quarter": {}, "period": "-2q"}, {"maxAge": 1, "epsActual": {}, "epsEstimate": {}, "epsDifference": {}, "surprisePercent": {}, "quarter": {}, "period": "-1q"}], "maxAge": 86400}, "indexTrend": {"maxAge": 1, "symbol": "SP5", "peRatio": 19.7411, "pegRatio": 1.34172, "estimates": [{"period": "0q", "growth": 0.549}, {"period": "+1q", "growth": 0.431}, {"period": "0y", "growth": 0.305}, {"period": "+1y", "growth": 0.109}, {"period": "+5y", "growth": 0.120865}, {"period": "-5y"}]}, "industryTrend": {"maxAge": 1, "symbol": null, "estimates": []}, "insiderTransactions": {"transactions": [{"maxAge": 1, "shares": 522, "filerUrl": "", "transactionText": "", "filerName": "Jhaveri (Satyam)", "filerRelation": "UNREPORTED", "moneyText": "", "startDate": "2020-02-20", "ownership": "D"}, {"maxAge": 1, "shares": 737, "filerUrl": "", "transactionText": "", "filerName": "Jhaveri (Satyam)", "filerRelation": "UNREPORTED", "moneyText": "", "startDate": "2020-02-18", "ownership": "D"}, {"maxAge": 1, "shares": 2300, "filerUrl": "", "transactionText": "", "filerName": "Jhaveri (Satyam)", "filerRelation": "UNREPORTED", "moneyText": "", "startDate": "2020-02-14", "ownership": "D"}, {"maxAge": 1, "shares": 1440, "filerUrl": "", "transactionText": "", "filerName": "Jhaveri (Satyam)", "filerRelation": "UNREPORTED", "moneyText": "", "startDate": "2019-12-12", "ownership": "D"}, {"maxAge": 1, "shares": 1000000, "filerUrl": "", "transactionText": "", "filerName": "Mehta (Milan M.)", "filerRelation": "Executive Vice Chairman", "moneyText": "", "startDate": "2019-08-26", "ownership": "D"}, {"maxAge": 1, "shares": 2000000, "filerUrl": "", "transactionText": "", "filerName": "Mehta (Mahendra Ratilal)", "filerRelation": "Executive Chairman", "moneyText": "", "startDate": "2019-08-26", "ownership": "D"}], "maxAge": 1}, "quoteType": {"exchange": "BSE", "quoteType": "EQUITY", "symbol": "PRECWIRE.BO", "underlyingSymbol": "PRECWIRE.BO", "shortName": "PRECISION WIRES INDIA LTD.", "longName": "Precision Wires India Ltd.", "firstTradeDateEpochUtc": "2001-09-11 09:15:00", "timeZoneFullName": "Asia/Kolkata", "timeZoneShortName": "IST", "uuid": "2af17ef0-e4ab-3d3d-99c8-50dcbc3c8b6d", "messageBoardId": null, "gmtOffSetMilliseconds": 19800000, "maxAge": 1}, "incomeStatementHistory": {"incomeStatementHistory": [{"maxAge": 1, "endDate": "2020-03-31", "totalRevenue": 15258145000, "costOfRevenue": 13596924000, "grossProfit": 1661221000, "researchDevelopment": {}, "sellingGeneralAdministrative": 272742000, "nonRecurring": {}, "otherOperatingExpenses": 660027000, "totalOperatingExpenses": 14692211000, "operatingIncome": 565934000, "totalOtherIncomeExpenseNet": -149162000, "ebit": 565934000, "interestExpense": -156911000, "incomeBeforeTax": 416772000, "incomeTaxExpense": 98528000, "minorityInterest": {}, "netIncomeFromContinuingOps": 318244000, "discontinuedOperations": {}, "extraordinaryItems": {}, "effectOfAccountingCharges": {}, "otherItems": {}, "netIncome": 318244000, "netIncomeApplicableToCommonShares": 318244000}, {"maxAge": 1, "endDate": "2019-03-31", "totalRevenue": 17578858000, "costOfRevenue": 15708459000, "grossProfit": 1870399000, "researchDevelopment": {}, "sellingGeneralAdministrative": 266441000, "nonRecurring": {}, "otherOperatingExpenses": 669296000, "totalOperatingExpenses": 16775423000, "operatingIncome": 803435000, "totalOtherIncomeExpenseNet": -157279000, "ebit": 803435000, "interestExpense": -156049000, "incomeBeforeTax": 646156000, "incomeTaxExpense": 227884000, "minorityInterest": {}, "netIncomeFromContinuingOps": 418272000, "discontinuedOperations": {}, "extraordinaryItems": {}, "effectOfAccountingCharges": {}, "otherItems": {}, "netIncome": 418272000, "netIncomeApplicableToCommonShares": 418272000}, {"maxAge": 1, "endDate": "2018-03-31", "totalRevenue": 14091879000, "costOfRevenue": 12380314000, "grossProfit": 1711565000, "researchDevelopment": {}, "sellingGeneralAdministrative": 238413000, "nonRecurring": {}, "otherOperatingExpenses": 597942000, "totalOperatingExpenses": 13357368000, "operatingIncome": 734511000, "totalOtherIncomeExpenseNet": -153598000, "ebit": 734511000, "interestExpense": -120687000, "incomeBeforeTax": 580913000, "incomeTaxExpense": 221086000, "minorityInterest": {}, "netIncomeFromContinuingOps": 359827000, "discontinuedOperations": {}, "extraordinaryItems": {}, "effectOfAccountingCharges": {}, "otherItems": {}, "netIncome": 359827000, "netIncomeApplicableToCommonShares": 359827000}, {"maxAge": 1, "endDate": "2017-03-31", "totalRevenue": 8866573000, "costOfRevenue": 7491168000, "grossProfit": 1375405000, "researchDevelopment": {}, "sellingGeneralAdministrative": 215047000, "nonRecurring": {}, "otherOperatingExpenses": 592490000, "totalOperatingExpenses": 8442461000, "operatingIncome": 424112000, "totalOtherIncomeExpenseNet": -90706000, "ebit": 424112000, "interestExpense": -82898000, "incomeBeforeTax": 333406000, "incomeTaxExpense": 107962000, "minorityInterest": {}, "netIncomeFromContinuingOps": 225444000, "discontinuedOperations": {}, "extraordinaryItems": {}, "effectOfAccountingCharges": {}, "otherItems": {}, "netIncome": 225444000, "netIncomeApplicableToCommonShares": 225444000}], "maxAge": 86400}, "fundOwnership": {"maxAge": 1, "ownershipList": []}, "summaryDetail": {"maxAge": 1, "priceHint": 2, "previousClose": 194.55, "open": 192.95, "dayLow": 191.95, "dayHigh": 200.4, "regularMarketPreviousClose": 194.55, "regularMarketOpen": 192.95, "regularMarketDayLow": 191.95, "regularMarketDayHigh": 200.4, "trailingPE": 20.18152, "volume": 2416, "regularMarketVolume": 2416, "averageVolume": 7444, "averageVolume10days": 20078, "averageDailyVolume10Day": 20078, "bid": 196.8, "ask": 199.9, "bidSize": 0, "askSize": 0, "marketCap": 4580395520, "fiftyTwoWeekLow": 63.5, "fiftyTwoWeekHigh": 200.4, "fiftyDayAverage": 157.52794, "twoHundredDayAverage": 139.34853, "trailingAnnualDividendRate": 2.5, "trailingAnnualDividendYield": 0.012850167, "currency": "INR", "fromCurrency": null, "toCurrency": null, "lastMarket": null, "algorithm": null, "tradeable": false}, "sectorTrend": {"maxAge": 1, "symbol": null, "estimates": []}, "incomeStatementHistoryQuarterly": {"incomeStatementHistory": [{"maxAge": 1, "endDate": "2020-06-30", "totalRevenue": 1530767000, "costOfRevenue": 1388422000, "grossProfit": 142345000, "researchDevelopment": {}, "sellingGeneralAdministrative": 49347000, "nonRecurring": {}, "otherOperatingExpenses": 42149000, "totalOperatingExpenses": 1517782000, "operatingIncome": 12985000, "totalOtherIncomeExpenseNet": -24043000, "ebit": 12985000, "interestExpense": -24043000, "incomeBeforeTax": -11058000, "incomeTaxExpense": -1061000, "minorityInterest": {}, "netIncomeFromContinuingOps": -9997000, "discontinuedOperations": {}, "extraordinaryItems": {}, "effectOfAccountingCharges": {}, "otherItems": {}, "netIncome": -9997000, "netIncomeApplicableToCommonShares": -9997000}, {"maxAge": 1, "endDate": "2020-03-31", "totalRevenue": 3759578000, "costOfRevenue": 3241582000, "grossProfit": 517996000, "researchDevelopment": {}, "sellingGeneralAdministrative": 69121000, "nonRecurring": {}, "otherOperatingExpenses": 306270000, "totalOperatingExpenses": 3661070000, "operatingIncome": 98508000, "totalOtherIncomeExpenseNet": -10082000, "ebit": 98508000, "interestExpense": -17831000, "incomeBeforeTax": 88426000, "incomeTaxExpense": 15409000, "minorityInterest": {}, "netIncomeFromContinuingOps": 73017000, "discontinuedOperations": {}, "extraordinaryItems": {}, "effectOfAccountingCharges": {}, "otherItems": {}, "netIncome": 73017000, "netIncomeApplicableToCommonShares": 73017000}, {"maxAge": 1, "endDate": "2019-12-31", "totalRevenue": 3534282000, "costOfRevenue": 3166007000, "grossProfit": 368275000, "researchDevelopment": {}, "sellingGeneralAdministrative": 67779000, "nonRecurring": {}, "otherOperatingExpenses": 113687000, "totalOperatingExpenses": 3387542000, "operatingIncome": 146740000, "totalOtherIncomeExpenseNet": -36660000, "ebit": 146740000, "interestExpense": -36660000, "incomeBeforeTax": 110080000, "incomeTaxExpense": 27867000, "minorityInterest": {}, "netIncomeFromContinuingOps": 82213000, "discontinuedOperations": {}, "extraordinaryItems": {}, "effectOfAccountingCharges": {}, "otherItems": {}, "netIncome": 82213000, "netIncomeApplicableToCommonShares": 82213000}, {"maxAge": 1, "endDate": "2019-09-30", "totalRevenue": 3694227000, "costOfRevenue": 3325538000, "grossProfit": 368689000, "researchDevelopment": {}, "sellingGeneralAdministrative": 68144000, "nonRecurring": {}, "otherOperatingExpenses": 125499000, "totalOperatingExpenses": 3558799000, "operatingIncome": 135428000, "totalOtherIncomeExpenseNet": -44456000, "ebit": 135428000, "interestExpense": -44456000, "incomeBeforeTax": 90972000, "incomeTaxExpense": 9062000, "minorityInterest": {}, "netIncomeFromContinuingOps": 81910000, "discontinuedOperations": {}, "extraordinaryItems": {}, "effectOfAccountingCharges": {}, "otherItems": {}, "netIncome": 81910000, "netIncomeApplicableToCommonShares": 81910000}], "maxAge": 86400}, "cashflowStatementHistoryQuarterly": {"cashflowStatements": [{"maxAge": 1, "endDate": "2020-06-30", "netIncome": -9997000, "changeToLiabilities": 0}, {"maxAge": 1, "endDate": "2020-03-31", "netIncome": 73017000, "changeToLiabilities": 0}, {"maxAge": 1, "endDate": "2019-12-31", "netIncome": 82213000, "changeToLiabilities": 0}, {"maxAge": 1, "endDate": "2019-09-30", "netIncome": 81910000, "changeToLiabilities": 0}], "maxAge": 86400}, "insiderHolders": {"holders": [{"maxAge": 1, "name": "Jhaveri (Satyam)", "relation": "UNREPORTED", "url": "", "transactionDescription": "Acquisition", "latestTransDate": "2020-02-20", "positionDirect": 4999, "positionDirectDate": "2020-02-20"}, {"maxAge": 1, "name": "Mehta (Mahendra Ratilal)", "relation": "Executive Chairman", "url": "", "transactionDescription": "Gift", "latestTransDate": "2019-08-26", "positionDirect": 882350, "positionDirectDate": "2019-08-26"}, {"maxAge": 1, "name": "Mehta (Milan M.)", "relation": "Executive Vice Chairman", "url": "", "transactionDescription": "Gift", "latestTransDate": "2019-08-26", "positionDirect": 2016446, "positionDirectDate": "2019-08-26"}], "maxAge": 1}, "earnings": {"maxAge": 86400, "earningsChart": {"quarterly": [], "earningsDate": []}, "financialsChart": {"yearly": [{"date": 2017, "revenue": 8866573000, "earnings": 225444000}, {"date": 2018, "revenue": 14091879000, "earnings": 359827000}, {"date": 2019, "revenue": 17578858000, "earnings": 418272000}, {"date": 2020, "revenue": 15258145000, "earnings": 318244000}], "quarterly": [{"date": "3Q2019", "revenue": 3694227000, "earnings": 81910000}, {"date": "4Q2019", "revenue": 3534282000, "earnings": 82213000}, {"date": "1Q2020", "revenue": 3759578000, "earnings": 73017000}, {"date": "2Q2020", "revenue": 1530767000, "earnings": -9997000}]}, "financialCurrency": "INR"}, "calendarEvents": {"maxAge": 1, "earnings": {"earningsDate": [], "revenueAverage": 17305800000, "revenueLow": 17305800000, "revenueHigh": 17305800000}}, "price": {"maxAge": 1, "regularMarketChangePercent": 0.017219177, "regularMarketChange": 3.3499908, "regularMarketTime": "2021-04-30 15:26:33", "priceHint": 2, "regularMarketPrice": 197.9, "regularMarketDayHigh": 200.4, "regularMarketDayLow": 191.95, "regularMarketVolume": 2416, "averageDailyVolume10Day": 20078, "averageDailyVolume3Month": 7444, "regularMarketPreviousClose": 194.55, "regularMarketSource": "FREE_REALTIME", "regularMarketOpen": 192.95, "exchange": "BSE", "exchangeName": "BSE", "exchangeDataDelayedBy": 0, "marketState": "CLOSED", "quoteType": "EQUITY", "symbol": "PRECWIRE.BO", "underlyingSymbol": null, "shortName": "PRECISION WIRES INDIA LTD.", "longName": "Precision Wires India Ltd.", "currency": "INR", "quoteSourceName": "Delayed Quote", "currencySymbol": "\u20b9", "fromCurrency": null, "toCurrency": null, "lastMarket": null, "marketCap": 4580395520}, "balanceSheetHistory": {"balanceSheetStatements": [{"maxAge": 1, "endDate": "2020-03-31", "cash": 374789000, "netReceivables": 2688185000, "inventory": 1067058000, "otherCurrentAssets": 97791000, "totalCurrentAssets": 4227823000, "longTermInvestments": 14810000, "propertyPlantEquipment": 1189987000, "intangibleAssets": 3249000, "otherAssets": 4048000, "totalAssets": 5439917000, "accountsPayable": 2031814000, "shortLongTermDebt": 45000000, "otherCurrentLiab": 186218000, "longTermDebt": 119844000, "otherLiab": 59507000, "totalCurrentLiabilities": 2432477000, "totalLiab": 2611828000, "commonStock": 115636000, "retainedEarnings": 2516881000, "treasuryStock": 11707000, "capitalSurplus": 183865000, "otherStockholderEquity": 11707000, "totalStockholderEquity": 2828089000, "netTangibleAssets": 2824840000}, {"maxAge": 1, "endDate": "2019-03-31", "cash": 332336000, "shortTermInvestments": 110650000, "netReceivables": 2954386000, "inventory": 1230531000, "otherCurrentAssets": 118940000, "totalCurrentAssets": 4636193000, "longTermInvestments": 14810000, "propertyPlantEquipment": 1225621000, "intangibleAssets": 7087000, "otherAssets": 14104000, "totalAssets": 5897815000, "accountsPayable": 2674111000, "shortLongTermDebt": 15156000, "otherCurrentLiab": 184397000, "longTermDebt": 164844000, "otherLiab": 63277000, "totalCurrentLiabilities": 3015355000, "totalLiab": 3243476000, "commonStock": 115636000, "retainedEarnings": 2343131000, "treasuryStock": 11707000, "capitalSurplus": 183865000, "otherStockholderEquity": 11707000, "totalStockholderEquity": 2654339000, "netTangibleAssets": 2647252000}, {"maxAge": 1, "endDate": "2018-03-31", "cash": 605735000, "netReceivables": 2545348000, "inventory": 1080464000, "otherCurrentAssets": 138196000, "totalCurrentAssets": 4369743000, "longTermInvestments": 14159000, "propertyPlantEquipment": 887589000, "intangibleAssets": 7075000, "otherAssets": 8431000, "totalAssets": 5286997000, "accountsPayable": 2395128000, "otherCurrentLiab": 103125000, "otherLiab": 52392000, "totalCurrentLiabilities": 2869493000, "totalLiab": 2921885000, "commonStock": 115636000, "retainedEarnings": 2053904000, "treasuryStock": 11707000, "capitalSurplus": 183865000, "otherStockholderEquity": 11707000, "totalStockholderEquity": 2365112000, "netTangibleAssets": 2358037000}, {"maxAge": 1, "endDate": "2017-03-31", "cash": 144963000, "netReceivables": 1829149000, "inventory": 1070008000, "otherCurrentAssets": 94519000, "totalCurrentAssets": 3138639000, "longTermInvestments": 13253000, "propertyPlantEquipment": 861340000, "intangibleAssets": 8537000, "otherAssets": 8473000, "totalAssets": 4030242000, "accountsPayable": 1248758000, "otherCurrentLiab": 164587000, "otherLiab": 57771000, "totalCurrentLiabilities": 1845085000, "totalLiab": 1902856000, "commonStock": 115636000, "retainedEarnings": 1816178000, "treasuryStock": 11707000, "capitalSurplus": 183865000, "otherStockholderEquity": 11707000, "totalStockholderEquity": 2127386000, "netTangibleAssets": 2118849000}], "maxAge": 86400}, "earningsTrend": {"trend": [{"maxAge": 1, "period": "0q", "endDate": "2010-09-30", "growth": {}, "earningsEstimate": {"avg": 0.0, "low": 0.0, "high": 0.0, "yearAgoEps": {}, "numberOfAnalysts": 0, "growth": {}}, "revenueEstimate": {"avg": 17305800000, "low": 17305800000, "high": 17305800000, "numberOfAnalysts": 1, "yearAgoRevenue": 14078300000, "growth": 0.229}, "epsTrend": {"current": 0.0, "7daysAgo": 6.84, "30daysAgo": 6.84, "60daysAgo": 6.84, "90daysAgo": 6.84}, "epsRevisions": {"upLast7days": 0, "upLast30days": 0, "downLast30days": 0, "downLast90days": {}}}, {"maxAge": 1, "period": "+1q", "endDate": "2010-12-31", "growth": {}, "earningsEstimate": {"avg": 0.0, "low": 0.0, "high": 0.0, "yearAgoEps": {}, "numberOfAnalysts": 0, "growth": {}}, "revenueEstimate": {"avg": 17305800000, "low": 17305800000, "high": 17305800000, "numberOfAnalysts": 1, "yearAgoRevenue": 14078300000, "growth": 0.229}, "epsTrend": {"current": 0.0, "7daysAgo": 0.0, "30daysAgo": 0.0, "60daysAgo": 0.0, "90daysAgo": 0.0}, "epsRevisions": {"upLast7days": 0, "upLast30days": 0, "downLast30days": 0, "downLast90days": {}}}, {"maxAge": 1, "period": "0y", "endDate": "2019-03-31", "growth": {}, "earningsEstimate": {"avg": 0.0, "low": 0.0, "high": 0.0, "yearAgoEps": {}, "numberOfAnalysts": 0, "growth": {}}, "revenueEstimate": {"avg": 17305800000, "low": 17305800000, "high": 17305800000, "numberOfAnalysts": 1, "yearAgoRevenue": 14078300000, "growth": 0.229}, "epsTrend": {"current": 0.0, "7daysAgo": 0.0, "30daysAgo": 0.0, "60daysAgo": 0.0, "90daysAgo": 0.0}, "epsRevisions": {"upLast7days": 0, "upLast30days": 0, "downLast30days": 0, "downLast90days": {}}}, {"maxAge": 1, "period": "+1y", "endDate": "2011-03-31", "growth": {}, "earningsEstimate": {"avg": 0.0, "low": 0.0, "high": 0.0, "yearAgoEps": {}, "numberOfAnalysts": 0, "growth": {}}, "revenueEstimate": {"avg": 0, "low": 7907240000, "high": 7907240000, "numberOfAnalysts": 1, "yearAgoRevenue": 17305800000, "growth": {}}, "epsTrend": {"current": 0.0, "7daysAgo": 22.91, "30daysAgo": 22.91, "60daysAgo": 22.91, "90daysAgo": 22.91}, "epsRevisions": {"upLast7days": 0, "upLast30days": 0, "downLast30days": 0, "downLast90days": {}}}, {"maxAge": 1, "period": "+5y", "endDate": null, "growth": {}, "earningsEstimate": {"avg": {}, "low": {}, "high": {}, "yearAgoEps": {}, "numberOfAnalysts": {}, "growth": {}}, "revenueEstimate": {"avg": {}, "low": {}, "high": {}, "numberOfAnalysts": {}, "yearAgoRevenue": {}, "growth": {}}, "epsTrend": {"current": {}, "7daysAgo": {}, "30daysAgo": {}, "60daysAgo": {}, "90daysAgo": {}}, "epsRevisions": {"upLast7days": {}, "upLast30days": {}, "downLast30days": {}, "downLast90days": {}}}, {"maxAge": 1, "period": "-5y", "endDate": null, "growth": {}, "earningsEstimate": {"avg": {}, "low": {}, "high": {}, "yearAgoEps": {}, "numberOfAnalysts": {}, "growth": {}}, "revenueEstimate": {"avg": {}, "low": {}, "high": {}, "numberOfAnalysts": {}, "yearAgoRevenue": {}, "growth": {}}, "epsTrend": {"current": {}, "7daysAgo": {}, "30daysAgo": {}, "60daysAgo": {}, "90daysAgo": {}}, "epsRevisions": {"upLast7days": {}, "upLast30days": {}, "downLast30days": {}, "downLast90days": {}}}], "maxAge": 1}, "financialData": {"maxAge": 86400, "currentPrice": 197.9, "targetHighPrice": 160.0, "targetLowPrice": 160.0, "targetMeanPrice": 160.0, "targetMedianPrice": 160.0, "recommendationKey": "none", "numberOfAnalystOpinions": 1, "grossProfits": 1661221000, "financialCurrency": "INR"}}}