{"PREMCO.BO": {"recommendationTrend": {"trend": [{"period": "0m", "strongBuy": 0, "buy": 0, "hold": 0, "sell": 0, "strongSell": 0}, {"period": "-1m", "strongBuy": 0, "buy": 0, "hold": 0, "sell": 0, "strongSell": 0}, {"period": "-2m", "strongBuy": 0, "buy": 0, "hold": 0, "sell": 0, "strongSell": 0}, {"period": "-3m", "strongBuy": 0, "buy": 0, "hold": 0, "sell": 0, "strongSell": 0}], "maxAge": 86400}, "cashflowStatementHistory": {"cashflowStatements": [{"maxAge": 1, "endDate": "2020-03-31", "netIncome": 45889000, "depreciation": 46137000, "changeToNetincome": 12693000, "changeToAccountReceivables": 115378000, "changeToLiabilities": 8977000, "changeToInventory": 8980000, "changeToOperatingActivities": 81568000, "totalCashFromOperatingActivities": 319657000, "capitalExpenditures": -117433000, "investments": -96335000, "otherCashflowsFromInvestingActivities": 6437000, "totalCashflowsFromInvestingActivities": -207331000, "dividendsPaid": -6609000, "netBorrowings": 43526000, "otherCashflowsFromFinancingActivities": -23636000, "totalCashFromFinancingActivities": 13281000, "changeInCash": 125607000}, {"maxAge": 1, "endDate": "2019-03-31", "netIncome": 26071000, "depreciation": 27066000, "changeToNetincome": 7914000, "changeToAccountReceivables": -6979000, "changeToLiabilities": -12215000, "changeToInventory": -57604000, "changeToOperatingActivities": -5601000, "totalCashFromOperatingActivities": -21313000, "capitalExpenditures": -24011000, "investments": 92766000, "otherCashflowsFromInvestingActivities": 503000, "totalCashflowsFromInvestingActivities": 69905000, "dividendsPaid": -20000, "netBorrowings": -16384000, "otherCashflowsFromFinancingActivities": -15017000, "totalCashFromFinancingActivities": -31421000, "changeInCash": 17171000}, {"maxAge": 1, "endDate": "2018-03-31", "netIncome": 52646000, "depreciation": 27136000, "changeToNetincome": -13673000, "changeToAccountReceivables": -58026000, "changeToLiabilities": 5123000, "changeToInventory": 59819000, "changeToOperatingActivities": -42180000, "totalCashFromOperatingActivities": 31213000, "capitalExpenditures": -33590000, "investments": 61864000, "otherCashflowsFromInvestingActivities": 1357000, "totalCashflowsFromInvestingActivities": 32358000, "dividendsPaid": -9914000, "netBorrowings": -73870000, "otherCashflowsFromFinancingActivities": -12055000, "totalCashFromFinancingActivities": -95839000, "changeInCash": -32268000}, {"maxAge": 1, "endDate": "2017-03-31", "netIncome": 102412000, "depreciation": 28534000, "changeToNetincome": -14167000, "changeToAccountReceivables": -32375000, "changeToLiabilities": 13102000, "changeToInventory": -68266000, "changeToOperatingActivities": 10753000, "totalCashFromOperatingActivities": 40348000, "capitalExpenditures": -60191000, "investments": -19873000, "otherCashflowsFromInvestingActivities": 1503000, "totalCashflowsFromInvestingActivities": -73339000, "dividendsPaid": -9914000, "netBorrowings": 72631000, "otherCashflowsFromFinancingActivities": -14175000, "totalCashFromFinancingActivities": 48542000, "changeInCash": 15551000}], "maxAge": 86400}, "institutionOwnership": {"maxAge": 1, "ownershipList": []}, "balanceSheetHistoryQuarterly": {"balanceSheetStatements": [{"maxAge": 1, "endDate": "2020-06-30", "totalStockholderEquity": 722422000, "netTangibleAssets": 722374000}, {"maxAge": 1, "endDate": "2020-03-31", "cash": 147793000, "netReceivables": 135399000, "inventory": 212885000, "otherCurrentAssets": 15093000, "totalCurrentAssets": 513090000, "longTermInvestments": 223960000, "propertyPlantEquipment": 241272000, "intangibleAssets": 48000, "otherAssets": 16547000, "deferredLongTermAssetCharges": 650000, "totalAssets": 994917000, "accountsPayable": 42216000, "shortLongTermDebt": 8507000, "otherCurrentLiab": 6834000, "longTermDebt": 7764000, "otherLiab": 14551000, "minorityInterest": 24095000, "totalCurrentLiabilities": 159707000, "totalLiab": 248330000, "commonStock": 33048000, "retainedEarnings": 632073000, "treasuryStock": 11379000, "capitalSurplus": 45992000, "otherStockholderEquity": 11379000, "totalStockholderEquity": 722492000, "netTangibleAssets": 722444000}, {"maxAge": 1, "endDate": "2019-12-31", "totalStockholderEquity": 720532000, "netTangibleAssets": 720485000}, {"maxAge": 1, "endDate": "2019-09-30", "cash": 135259000, "shortTermInvestments": 744000, "netReceivables": 78399000, "inventory": 230028000, "otherCurrentAssets": 67536000, "totalCurrentAssets": 511966000, "longTermInvestments": 213535000, "propertyPlantEquipment": 156798000, "intangibleAssets": 47000, "otherAssets": 15414000, "totalAssets": 897760000, "accountsPayable": 52885000, "otherCurrentLiab": 38501000, "longTermDebt": 11447000, "otherLiab": 20109000, "minorityInterest": 19790000, "totalCurrentLiabilities": 125882000, "totalLiab": 157438000, "commonStock": 33048000, "treasuryStock": 687484000, "otherStockholderEquity": 687484000, "totalStockholderEquity": 720532000, "netTangibleAssets": 720485000}], "maxAge": 86400}, "earningsHistory": {"history": [{"maxAge": 1, "epsActual": {}, "epsEstimate": {}, "epsDifference": {}, "surprisePercent": {}, "quarter": {}, "period": "-4q"}, {"maxAge": 1, "epsActual": {}, "epsEstimate": {}, "epsDifference": {}, "surprisePercent": {}, "quarter": {}, "period": "-3q"}, {"maxAge": 1, "epsActual": {}, "epsEstimate": {}, "epsDifference": {}, "surprisePercent": {}, "quarter": {}, "period": "-2q"}, {"maxAge": 1, "epsActual": {}, "epsEstimate": {}, "epsDifference": {}, "surprisePercent": {}, "quarter": {}, "period": "-1q"}], "maxAge": 86400}, "indexTrend": {"maxAge": 1, "symbol": "SP5", "peRatio": 19.7411, "pegRatio": 1.34172, "estimates": [{"period": "0q", "growth": 0.549}, {"period": "+1q", "growth": 0.431}, {"period": "0y", "growth": 0.305}, {"period": "+1y", "growth": 0.109}, {"period": "+5y", "growth": 0.120859005}, {"period": "-5y"}]}, "industryTrend": {"maxAge": 1, "symbol": null, "estimates": []}, "insiderTransactions": {"transactions": [{"maxAge": 1, "shares": 48548, "filerUrl": "", "transactionText": "", "filerName": "Harjani (Prem)", "filerRelation": "Promoter", "moneyText": "", "startDate": "2018-11-16", "ownership": "D"}], "maxAge": 1}, "quoteType": {"exchange": "BSE", "quoteType": "EQUITY", "symbol": "PREMCO.BO", "underlyingSymbol": "PREMCO.BO", "shortName": "PREMCO GLOBAL LTD.", "longName": "Premco Global Limited", "firstTradeDateEpochUtc": "2002-07-09 09:15:00", "timeZoneFullName": "Asia/Kolkata", "timeZoneShortName": "IST", "uuid": "54ac5cf2-1dbb-30a4-8bee-9bd0df26fc44", "messageBoardId": null, "gmtOffSetMilliseconds": 19800000, "maxAge": 1}, "incomeStatementHistory": {"incomeStatementHistory": [{"maxAge": 1, "endDate": "2020-03-31", "totalRevenue": 763216000, "costOfRevenue": 365451000, "grossProfit": 397765000, "researchDevelopment": {}, "sellingGeneralAdministrative": 175895000, "nonRecurring": {}, "otherOperatingExpenses": 138546000, "totalOperatingExpenses": 726064000, "operatingIncome": 37152000, "totalOtherIncomeExpenseNet": 13939000, "ebit": 37152000, "interestExpense": -16419000, "incomeBeforeTax": 51091000, "incomeTaxExpense": -5598000, "minorityInterest": 24095000, "netIncomeFromContinuingOps": 56689000, "discontinuedOperations": {}, "extraordinaryItems": {}, "effectOfAccountingCharges": {}, "otherItems": {}, "netIncome": 45889000, "netIncomeApplicableToCommonShares": 45889000}, {"maxAge": 1, "endDate": "2019-03-31", "totalRevenue": 700869000, "costOfRevenue": 326774000, "grossProfit": 374095000, "researchDevelopment": {}, "sellingGeneralAdministrative": 185137000, "nonRecurring": {}, "otherOperatingExpenses": 129046000, "totalOperatingExpenses": 668141000, "operatingIncome": 32728000, "totalOtherIncomeExpenseNet": -5337000, "ebit": 32728000, "interestExpense": -11801000, "incomeBeforeTax": 27391000, "incomeTaxExpense": -3562000, "minorityInterest": 13294000, "netIncomeFromContinuingOps": 30953000, "discontinuedOperations": {}, "extraordinaryItems": {}, "effectOfAccountingCharges": {}, "otherItems": {}, "netIncome": 26071000, "netIncomeApplicableToCommonShares": 26071000}, {"maxAge": 1, "endDate": "2018-03-31", "totalRevenue": 783944000, "costOfRevenue": 412754000, "grossProfit": 371190000, "researchDevelopment": {}, "sellingGeneralAdministrative": 167286000, "nonRecurring": {}, "otherOperatingExpenses": 124309000, "totalOperatingExpenses": 731739000, "operatingIncome": 52205000, "totalOtherIncomeExpenseNet": 19575000, "ebit": 52205000, "interestExpense": -7563000, "incomeBeforeTax": 71780000, "incomeTaxExpense": 17693000, "minorityInterest": 8413000, "netIncomeFromContinuingOps": 54087000, "discontinuedOperations": {}, "extraordinaryItems": {}, "effectOfAccountingCharges": {}, "otherItems": {}, "netIncome": 52646000, "netIncomeApplicableToCommonShares": 52646000}, {"maxAge": 1, "endDate": "2017-03-31", "totalRevenue": 743371000, "costOfRevenue": 299087000, "grossProfit": 444284000, "researchDevelopment": {}, "sellingGeneralAdministrative": 140045000, "nonRecurring": {}, "otherOperatingExpenses": 132863000, "totalOperatingExpenses": 601517000, "operatingIncome": 141854000, "totalOtherIncomeExpenseNet": 16434000, "ebit": 141854000, "interestExpense": -13270000, "incomeBeforeTax": 158288000, "incomeTaxExpense": 58444000, "minorityInterest": 6971000, "netIncomeFromContinuingOps": 99844000, "discontinuedOperations": {}, "extraordinaryItems": {}, "effectOfAccountingCharges": {}, "otherItems": {}, "netIncome": 102412000, "netIncomeApplicableToCommonShares": 102412000}], "maxAge": 86400}, "fundOwnership": {"maxAge": 1, "ownershipList": []}, "summaryDetail": {"maxAge": 1, "priceHint": 2, "previousClose": 322.1, "open": 329.95, "dayLow": 317.5, "dayHigh": 329.95, "regularMarketPreviousClose": 322.1, "regularMarketOpen": 329.95, "regularMarketDayLow": 317.5, "regularMarketDayHigh": 329.95, "trailingPE": 25.313921, "forwardPE": 9.345848, "volume": 228, "regularMarketVolume": 228, "averageVolume": 2226, "averageVolume10days": 6412, "averageDailyVolume10Day": 6412, "bid": 318.05, "ask": 328.85, "bidSize": 0, "askSize": 0, "marketCap": 1085957248, "fiftyTwoWeekLow": 43.75, "fiftyTwoWeekHigh": 349.0, "fiftyDayAverage": 245.78285, "twoHundredDayAverage": 155.61826, "trailingAnnualDividendRate": 2.0, "trailingAnnualDividendYield": 0.0062092515, "currency": "INR", "fromCurrency": null, "toCurrency": null, "lastMarket": null, "algorithm": null, "tradeable": false}, "sectorTrend": {"maxAge": 1, "symbol": null, "estimates": []}, "incomeStatementHistoryQuarterly": {"incomeStatementHistory": [{"maxAge": 1, "endDate": "2020-06-30", "totalRevenue": 106767000, "costOfRevenue": 44359000, "grossProfit": 62408000, "researchDevelopment": {}, "sellingGeneralAdministrative": 36042000, "nonRecurring": {}, "otherOperatingExpenses": 23649000, "totalOperatingExpenses": 114916000, "operatingIncome": -8149000, "totalOtherIncomeExpenseNet": 10341000, "ebit": -8149000, "interestExpense": -2929000, "incomeBeforeTax": 2192000, "incomeTaxExpense": 607000, "minorityInterest": {}, "netIncomeFromContinuingOps": 1585000, "discontinuedOperations": {}, "extraordinaryItems": {}, "effectOfAccountingCharges": {}, "otherItems": {}, "netIncome": 1354000, "netIncomeApplicableToCommonShares": 1354000}, {"maxAge": 1, "endDate": "2020-03-31", "totalRevenue": 187446000, "costOfRevenue": 93159000, "grossProfit": 94287000, "researchDevelopment": {}, "sellingGeneralAdministrative": 52337000, "nonRecurring": {}, "otherOperatingExpenses": 29108000, "totalOperatingExpenses": 187305000, "operatingIncome": 141000, "totalOtherIncomeExpenseNet": -2683000, "ebit": 141000, "interestExpense": -2929000, "incomeBeforeTax": -2542000, "incomeTaxExpense": -5282000, "minorityInterest": 24095000, "netIncomeFromContinuingOps": 2740000, "discontinuedOperations": {}, "extraordinaryItems": {}, "effectOfAccountingCharges": {}, "otherItems": {}, "netIncome": 147000, "netIncomeApplicableToCommonShares": 147000}, {"maxAge": 1, "endDate": "2019-12-31", "totalRevenue": 183582000, "costOfRevenue": 89567000, "grossProfit": 94015000, "researchDevelopment": {}, "sellingGeneralAdministrative": 43432000, "nonRecurring": {}, "otherOperatingExpenses": 30735000, "totalOperatingExpenses": 183618000, "operatingIncome": -36000, "totalOtherIncomeExpenseNet": 1403000, "ebit": -36000, "interestExpense": -5108000, "incomeBeforeTax": 1367000, "incomeTaxExpense": -3070000, "minorityInterest": 24095000, "netIncomeFromContinuingOps": 4437000, "discontinuedOperations": {}, "extraordinaryItems": {}, "effectOfAccountingCharges": {}, "otherItems": {}, "netIncome": 2725000, "netIncomeApplicableToCommonShares": 2725000}, {"maxAge": 1, "endDate": "2019-09-30", "totalRevenue": 195805000, "costOfRevenue": 79919000, "grossProfit": 115886000, "researchDevelopment": {}, "sellingGeneralAdministrative": 42006000, "nonRecurring": {}, "otherOperatingExpenses": 43278000, "totalOperatingExpenses": 172061000, "operatingIncome": 23744000, "totalOtherIncomeExpenseNet": 7194000, "ebit": 23744000, "interestExpense": -5576000, "incomeBeforeTax": 30938000, "incomeTaxExpense": 2234000, "minorityInterest": 19790000, "netIncomeFromContinuingOps": 28704000, "discontinuedOperations": {}, "extraordinaryItems": {}, "effectOfAccountingCharges": {}, "otherItems": {}, "netIncome": 25068000, "netIncomeApplicableToCommonShares": 25068000}], "maxAge": 86400}, "cashflowStatementHistoryQuarterly": {"cashflowStatements": [{"maxAge": 1, "endDate": "2020-06-30", "netIncome": 1354000, "changeToLiabilities": 0}, {"maxAge": 1, "endDate": "2020-03-31", "netIncome": 147000, "changeToLiabilities": 0}, {"maxAge": 1, "endDate": "2019-12-31", "netIncome": 2725000, "changeToLiabilities": 0}, {"maxAge": 1, "endDate": "2019-09-30", "netIncome": 25068000, "changeToLiabilities": 0}], "maxAge": 86400}, "insiderHolders": {"holders": [{"maxAge": 1, "name": "Harjani (Prem)", "relation": "Promoter", "url": "", "transactionDescription": "Other", "latestTransDate": "2018-11-16", "positionDirect": 228348, "positionDirectDate": "2018-11-16"}], "maxAge": 1}, "earnings": {"maxAge": 86400, "earningsChart": {"quarterly": [], "earningsDate": ["2020-08-13 05:30:S"]}, "financialsChart": {"yearly": [{"date": 2017, "revenue": 743371000, "earnings": 102412000}, {"date": 2018, "revenue": 783944000, "earnings": 52646000}, {"date": 2019, "revenue": 700869000, "earnings": 26071000}, {"date": 2020, "revenue": 763216000, "earnings": 45889000}], "quarterly": [{"date": "3Q2019", "revenue": 195805000, "earnings": 25068000}, {"date": "4Q2019", "revenue": 183582000, "earnings": 2725000}, {"date": "1Q2020", "revenue": 187446000, "earnings": 147000}, {"date": "2Q2020", "revenue": 106767000, "earnings": 1354000}]}, "financialCurrency": "INR"}, "calendarEvents": {"maxAge": 1, "earnings": {"earningsDate": ["2020-08-13 05:30:S"]}}, "price": {"maxAge": 1, "regularMarketChangePercent": 0.020180069, "regularMarketChange": 6.5, "regularMarketTime": "2021-04-30 15:26:58", "priceHint": 2, "regularMarketPrice": 328.6, "regularMarketDayHigh": 329.95, "regularMarketDayLow": 317.5, "regularMarketVolume": 228, "averageDailyVolume10Day": 6412, "averageDailyVolume3Month": 2226, "regularMarketPreviousClose": 322.1, "regularMarketSource": "FREE_REALTIME", "regularMarketOpen": 329.95, "exchange": "BSE", "exchangeName": "BSE", "exchangeDataDelayedBy": 0, "marketState": "CLOSED", "quoteType": "EQUITY", "symbol": "PREMCO.BO", "underlyingSymbol": null, "shortName": "PREMCO GLOBAL LTD.", "longName": "Premco Global Limited", "currency": "INR", "quoteSourceName": "Delayed Quote", "currencySymbol": "\u20b9", "fromCurrency": null, "toCurrency": null, "lastMarket": null, "marketCap": 1085957248}, "balanceSheetHistory": {"balanceSheetStatements": [{"maxAge": 1, "endDate": "2020-03-31", "cash": 147793000, "netReceivables": 135399000, "inventory": 212885000, "otherCurrentAssets": 15093000, "totalCurrentAssets": 513090000, "longTermInvestments": 223960000, "propertyPlantEquipment": 241272000, "intangibleAssets": 48000, "otherAssets": 16547000, "deferredLongTermAssetCharges": 650000, "totalAssets": 994917000, "accountsPayable": 42216000, "shortLongTermDebt": 8507000, "otherCurrentLiab": 6834000, "longTermDebt": 7764000, "otherLiab": 14551000, "minorityInterest": 24095000, "totalCurrentLiabilities": 159707000, "totalLiab": 248330000, "commonStock": 33048000, "retainedEarnings": 632073000, "treasuryStock": 11379000, "capitalSurplus": 45992000, "otherStockholderEquity": 11379000, "totalStockholderEquity": 722492000, "netTangibleAssets": 722444000}, {"maxAge": 1, "endDate": "2019-03-31", "cash": 22186000, "shortTermInvestments": 10012000, "netReceivables": 237236000, "inventory": 221864000, "otherCurrentAssets": 26351000, "totalCurrentAssets": 509011000, "longTermInvestments": 120933000, "propertyPlantEquipment": 166515000, "intangibleAssets": 91000, "otherAssets": 15528000, "totalAssets": 812078000, "accountsPayable": 33239000, "shortLongTermDebt": 10481000, "otherCurrentLiab": 3112000, "longTermDebt": 16287000, "otherLiab": 22919000, "minorityInterest": 13294000, "totalCurrentLiabilities": 73342000, "totalLiab": 112548000, "commonStock": 33048000, "retainedEarnings": 602908000, "treasuryStock": 4288000, "capitalSurplus": 45992000, "otherStockholderEquity": 4288000, "totalStockholderEquity": 686236000, "netTangibleAssets": 686145000}, {"maxAge": 1, "endDate": "2018-03-31", "cash": 5015000, "netReceivables": 236612000, "inventory": 164260000, "otherCurrentAssets": 11962000, "totalCurrentAssets": 419183000, "longTermInvestments": 205285000, "propertyPlantEquipment": 169608000, "intangibleAssets": 135000, "otherAssets": 15684000, "totalAssets": 809895000, "accountsPayable": 45455000, "shortLongTermDebt": 8578000, "otherCurrentLiab": 17017000, "longTermDebt": 17845000, "otherLiab": 24434000, "minorityInterest": 8413000, "totalCurrentLiabilities": 109985000, "totalLiab": 152264000, "commonStock": 33048000, "retainedEarnings": 568939000, "treasuryStock": 1239000, "capitalSurplus": 45992000, "otherStockholderEquity": 1239000, "totalStockholderEquity": 649218000, "netTangibleAssets": 649083000}, {"maxAge": 1, "endDate": "2017-03-31", "cash": 37283000, "netReceivables": 129157000, "inventory": 224080000, "otherCurrentAssets": 23350000, "totalCurrentAssets": 415073000, "longTermInvestments": 249779000, "propertyPlantEquipment": 165449000, "intangibleAssets": 460000, "otherAssets": 17717000, "totalAssets": 848478000, "accountsPayable": 40332000, "shortLongTermDebt": 7723000, "otherCurrentLiab": 25153000, "longTermDebt": 24596000, "otherLiab": 29598000, "minorityInterest": 6971000, "totalCurrentLiabilities": 178889000, "totalLiab": 233083000, "commonStock": 33048000, "retainedEarnings": 528061000, "treasuryStock": 1323000, "capitalSurplus": 45992000, "otherStockholderEquity": 1323000, "totalStockholderEquity": 608424000, "netTangibleAssets": 607964000}], "maxAge": 86400}, "earningsTrend": {"trend": [{"maxAge": 1, "period": "0q", "endDate": null, "growth": {}, "earningsEstimate": {"avg": 0.0, "low": 0.0, "high": 0.0, "yearAgoEps": {}, "numberOfAnalysts": 0, "growth": {}}, "revenueEstimate": {"avg": 0, "low": 0, "high": 0, "numberOfAnalysts": 0, "yearAgoRevenue": {}, "growth": {}}, "epsTrend": {"current": 0.0, "7daysAgo": 0.0, "30daysAgo": 0.0, "60daysAgo": 0.0, "90daysAgo": 0.0}, "epsRevisions": {"upLast7days": 0, "upLast30days": 0, "downLast30days": 0, "downLast90days": {}}}, {"maxAge": 1, "period": "+1q", "endDate": null, "growth": {}, "earningsEstimate": {"avg": 0.0, "low": 0.0, "high": 0.0, "yearAgoEps": {}, "numberOfAnalysts": 0, "growth": {}}, "revenueEstimate": {"avg": 0, "low": 0, "high": 0, "numberOfAnalysts": 0, "yearAgoRevenue": {}, "growth": {}}, "epsTrend": {"current": 0.0, "7daysAgo": 0.0, "30daysAgo": 0.0, "60daysAgo": 0.0, "90daysAgo": 0.0}, "epsRevisions": {"upLast7days": 0, "upLast30days": 0, "downLast30days": 0, "downLast90days": {}}}, {"maxAge": 1, "period": "0y", "endDate": null, "growth": {}, "earningsEstimate": {"avg": 0.0, "low": 0.0, "high": 0.0, "yearAgoEps": {}, "numberOfAnalysts": 0, "growth": {}}, "revenueEstimate": {"avg": 0, "low": 0, "high": 0, "numberOfAnalysts": 0, "yearAgoRevenue": {}, "growth": {}}, "epsTrend": {"current": 0.0, "7daysAgo": 0.0, "30daysAgo": 0.0, "60daysAgo": 0.0, "90daysAgo": 0.0}, "epsRevisions": {"upLast7days": 0, "upLast30days": 0, "downLast30days": 0, "downLast90days": {}}}, {"maxAge": 1, "period": "+1y", "endDate": null, "growth": {}, "earningsEstimate": {"avg": 0.0, "low": 0.0, "high": 0.0, "yearAgoEps": {}, "numberOfAnalysts": 0, "growth": {}}, "revenueEstimate": {"avg": 0, "low": 0, "high": 0, "numberOfAnalysts": 0, "yearAgoRevenue": {}, "growth": {}}, "epsTrend": {"current": 0.0, "7daysAgo": 0.0, "30daysAgo": 0.0, "60daysAgo": 0.0, "90daysAgo": 0.0}, "epsRevisions": {"upLast7days": 0, "upLast30days": 0, "downLast30days": 0, "downLast90days": {}}}, {"maxAge": 1, "period": "+5y", "endDate": null, "growth": {}, "earningsEstimate": {"avg": {}, "low": {}, "high": {}, "yearAgoEps": {}, "numberOfAnalysts": {}, "growth": {}}, "revenueEstimate": {"avg": {}, "low": {}, "high": {}, "numberOfAnalysts": {}, "yearAgoRevenue": {}, "growth": {}}, "epsTrend": {"current": {}, "7daysAgo": {}, "30daysAgo": {}, "60daysAgo": {}, "90daysAgo": {}}, "epsRevisions": {"upLast7days": {}, "upLast30days": {}, "downLast30days": {}, "downLast90days": {}}}, {"maxAge": 1, "period": "-5y", "endDate": null, "growth": {}, "earningsEstimate": {"avg": {}, "low": {}, "high": {}, "yearAgoEps": {}, "numberOfAnalysts": {}, "growth": {}}, "revenueEstimate": {"avg": {}, "low": {}, "high": {}, "numberOfAnalysts": {}, "yearAgoRevenue": {}, "growth": {}}, "epsTrend": {"current": {}, "7daysAgo": {}, "30daysAgo": {}, "60daysAgo": {}, "90daysAgo": {}}, "epsRevisions": {"upLast7days": {}, "upLast30days": {}, "downLast30days": {}, "downLast90days": {}}}], "maxAge": 1}, "financialData": {"maxAge": 86400, "currentPrice": 328.6, "targetHighPrice": 675.0, "targetLowPrice": 675.0, "targetMeanPrice": 675.0, "targetMedianPrice": 675.0, "recommendationKey": "none", "numberOfAnalystOpinions": 1, "grossProfits": 397765000, "financialCurrency": "INR"}}}