{"PREMIERPOL.NS": {"assetProfile": {"address1": "40/1A, Site IV", "address2": "Sahibabad Industrial Area Sahibabad", "city": "Ghaziabad", "zip": "201010", "country": "India", "phone": "91 12 0289 6986", "website": "http://www.premierpoly.com", "industry": "Specialty Chemicals", "sector": "Basic Materials", "longBusinessSummary": "Premier Polyfilm Ltd. manufactures and sells calendared PVC products in India. The company offers PVC flooring products, such as heavy duty flooring; anti-bacterial flooring; safety flooring for buses and transport; anti-skid embossed flooring; anti-static flooring; electro static dissipation flooring; heavy-duty flexible vinyl flooring for electrical substations; and PVC laminated sheets. It also provides industrial floor mats, surface protection sheets or temporary flooring, high voltage insulating mats, PVC geomembranes, artificial/calendared leather cloths, and PVC decor films and sheeting, as well as installation accessories comprising PVC skirting, capping strips, covings, stair noising, and welding cords. The company also exports its products to approximately 25 countries. Premier Polyfilm Ltd. was founded in 1992 and is headquartered in Ghaziabad, India.", "fullTimeEmployees": 308, "companyOfficers": [{"maxAge": 1, "name": "Mr. Amar Nath Goenka", "age": 79, "title": "Exec. Chairman, CEO, MD & CFO", "yearBorn": 1941, "fiscalYear": 2020, "totalPay": 4060000, "exercisedValue": 0, "unexercisedValue": 0}, {"maxAge": 1, "name": "Mr. N. K. Bhandari", "title": "Company Sec. & Compliance Officer", "exercisedValue": 0, "unexercisedValue": 0}, {"maxAge": 1, "name": "Mr. Amitaabh  Goenka", "age": 49, "title": "Exec. Director", "yearBorn": 1971, "fiscalYear": 2020, "totalPay": 5186000, "exercisedValue": 0, "unexercisedValue": 0}, {"maxAge": 1, "name": "Mr. Ram Babu Verma", "age": 57, "title": "Exec. Director", "yearBorn": 1963, "exercisedValue": 0, "unexercisedValue": 0}], "compensationAsOfEpochDate": "2020-12-31 05:30:00", "maxAge": 86400}, "recommendationTrend": {"trend": [{"period": "0m", "strongBuy": 0, "buy": 0, "hold": 0, "sell": 0, "strongSell": 0}, {"period": "-1m", "strongBuy": 0, "buy": 0, "hold": 0, "sell": 0, "strongSell": 0}, {"period": "-2m", "strongBuy": 0, "buy": 0, "hold": 0, "sell": 0, "strongSell": 0}, {"period": "-3m", "strongBuy": 0, "buy": 0, "hold": 0, "sell": 0, "strongSell": 0}], "maxAge": 86400}, "cashflowStatementHistory": {"cashflowStatements": [{"maxAge": 1, "endDate": "2020-03-31", "netIncome": 62141874, "depreciation": 37968533, "changeToNetincome": 22375609, "changeToAccountReceivables": 5847008, "changeToLiabilities": -30368860, "changeToInventory": -21437159, "changeToOperatingActivities": -3198466, "totalCashFromOperatingActivities": 73475989, "capitalExpenditures": -53088463, "investments": -17637512, "otherCashflowsFromInvestingActivities": 2746721, "totalCashflowsFromInvestingActivities": -67909932, "dividendsPaid": -10474248, "netBorrowings": -20320437, "otherCashflowsFromFinancingActivities": -27966536, "totalCashFromFinancingActivities": -58761221, "changeInCash": -53195164}, {"maxAge": 1, "endDate": "2019-03-31", "netIncome": 44617014, "depreciation": 34205009, "changeToNetincome": 19659975, "changeToAccountReceivables": -38544705, "changeToLiabilities": 21490712, "changeToInventory": 63969538, "changeToOperatingActivities": 14775467, "totalCashFromOperatingActivities": 160320460, "capitalExpenditures": -115052520, "investments": 23400121, "otherCashflowsFromInvestingActivities": 5090087, "totalCashflowsFromInvestingActivities": -86217841, "dividendsPaid": -10474248, "netBorrowings": -48863656, "otherCashflowsFromFinancingActivities": -28263476, "totalCashFromFinancingActivities": -87601380, "changeInCash": -13498761}, {"maxAge": 1, "endDate": "2018-03-31", "netIncome": 46944241, "depreciation": 29333425, "changeToNetincome": 22043315, "changeToAccountReceivables": 6638760, "changeToLiabilities": -12128285, "changeToInventory": -65021243, "changeToOperatingActivities": -284517, "totalCashFromOperatingActivities": 27668434, "capitalExpenditures": -68181731, "investments": -14641232, "otherCashflowsFromInvestingActivities": 5676466, "totalCashflowsFromInvestingActivities": -77015305, "dividendsPaid": -10474248, "netBorrowings": 64576743, "otherCashflowsFromFinancingActivities": -27570501, "totalCashFromFinancingActivities": 26531994, "changeInCash": -22814877}, {"maxAge": 1, "endDate": "2017-03-31", "netIncome": 36057349, "depreciation": 21742281, "changeToNetincome": 8758053, "changeToAccountReceivables": -39739519, "changeToLiabilities": 62339333, "changeToInventory": -46657070, "changeToOperatingActivities": -188656, "totalCashFromOperatingActivities": 42451221, "capitalExpenditures": -95662484, "investments": 6928050, "otherCashflowsFromInvestingActivities": 6628537, "totalCashflowsFromInvestingActivities": -77641070, "dividendsPaid": -10474248, "netBorrowings": 9944274, "otherCashflowsFromFinancingActivities": -21050207, "totalCashFromFinancingActivities": -21580181, "changeInCash": -56770030}], "maxAge": 86400}, "indexTrend": {"maxAge": 1, "symbol": "SP5", "peRatio": 19.7411, "pegRatio": 1.34172, "estimates": [{"period": "0q", "growth": 0.549}, {"period": "+1q", "growth": 0.431}, {"period": "0y", "growth": 0.305}, {"period": "+1y", "growth": 0.109}, {"period": "+5y", "growth": 0.120865}, {"period": "-5y"}]}, "defaultKeyStatistics": {"maxAge": 1, "priceHint": 2, "enterpriseValue": 952369792, "profitMargins": 0.03678, "floatShares": 3351991, "sharesOutstanding": 20948500, "heldPercentInsiders": 0.86383003, "heldPercentInstitutions": 0.0, "beta": 0.359068, "category": null, "bookValue": 22.865, "priceToBook": 1.7187841, "fundFamily": null, "legalType": null, "lastFiscalYearEnd": "2020-03-31 05:30:00", "nextFiscalYearEnd": "2022-03-31 05:30:00", "mostRecentQuarter": "2020-12-31 05:30:00", "earningsQuarterlyGrowth": -0.026, "netIncomeToCommon": 57141872, "trailingEps": 2.727, "lastSplitFactor": null, "enterpriseToRevenue": 0.613, "enterpriseToEbitda": 6.878}, "industryTrend": {"maxAge": 1, "symbol": null, "estimates": []}, "quoteType": {"exchange": "NSI", "quoteType": "EQUITY", "symbol": "PREMIERPOL.NS", "underlyingSymbol": "PREMIERPOL.NS", "shortName": "PREMIER POLYFILM L", "longName": "Premier Polyfilm Ltd.", "firstTradeDateEpochUtc": "2012-08-16 09:15:00", "timeZoneFullName": "Asia/Kolkata", "timeZoneShortName": "IST", "uuid": "467a58f2-ab3c-3f44-97ff-e881c088ed9d", "gmtOffSetMilliseconds": 19800000, "maxAge": 1}, "incomeStatementHistory": {"incomeStatementHistory": [{"maxAge": 1, "endDate": "2020-03-31", "totalRevenue": 1680364460, "costOfRevenue": 1110423104, "grossProfit": 569941356, "researchDevelopment": {}, "sellingGeneralAdministrative": 226284995, "nonRecurring": {}, "otherOperatingExpenses": 204068403, "totalOperatingExpenses": 1576897380, "operatingIncome": 103467080, "totalOtherIncomeExpenseNet": -16450523, "ebit": 103467080, "interestExpense": -24167099, "incomeBeforeTax": 87016557, "incomeTaxExpense": 24874683, "minorityInterest": {}, "netIncomeFromContinuingOps": 62141874, "discontinuedOperations": {}, "extraordinaryItems": {}, "effectOfAccountingCharges": {}, "otherItems": {}, "netIncome": 62141874, "netIncomeApplicableToCommonShares": 62141874}, {"maxAge": 1, "endDate": "2019-03-31", "totalRevenue": 1712686637, "costOfRevenue": 1193886980, "grossProfit": 518799657, "researchDevelopment": {}, "sellingGeneralAdministrative": 199876973, "nonRecurring": {}, "otherOperatingExpenses": 203094730, "totalOperatingExpenses": 1631211142, "operatingIncome": 81475495, "totalOtherIncomeExpenseNet": -19522047, "ebit": 81475495, "interestExpense": -28017586, "incomeBeforeTax": 61953448, "incomeTaxExpense": 17336434, "minorityInterest": {}, "netIncomeFromContinuingOps": 44617014, "discontinuedOperations": {}, "extraordinaryItems": {}, "effectOfAccountingCharges": {}, "otherItems": {}, "netIncome": 44617014, "netIncomeApplicableToCommonShares": 44617014}, {"maxAge": 1, "endDate": "2018-03-31", "totalRevenue": 1426550995, "costOfRevenue": 1127851150, "grossProfit": 298699845, "researchDevelopment": {}, "sellingGeneralAdministrative": 193871833, "nonRecurring": {}, "otherOperatingExpenses": -11271671, "totalOperatingExpenses": 1339927475, "operatingIncome": 86623520, "totalOtherIncomeExpenseNet": -14942800, "ebit": 86623520, "interestExpense": -23798649, "incomeBeforeTax": 71680720, "incomeTaxExpense": 24736479, "minorityInterest": {}, "netIncomeFromContinuingOps": 46944241, "discontinuedOperations": {}, "extraordinaryItems": {}, "effectOfAccountingCharges": {}, "otherItems": {}, "netIncome": 46944241, "netIncomeApplicableToCommonShares": 46944241}, {"maxAge": 1, "endDate": "2017-03-31", "totalRevenue": 1037440230, "costOfRevenue": 783870753, "grossProfit": 253569477, "researchDevelopment": {}, "sellingGeneralAdministrative": 166029493, "nonRecurring": {}, "otherOperatingExpenses": -5213669, "totalOperatingExpenses": 966568308, "operatingIncome": 70871922, "totalOtherIncomeExpenseNet": -14400901, "ebit": 70871922, "interestExpense": -22225423, "incomeBeforeTax": 56471021, "incomeTaxExpense": 20413672, "minorityInterest": {}, "netIncomeFromContinuingOps": 36057349, "discontinuedOperations": {}, "extraordinaryItems": {}, "effectOfAccountingCharges": {}, "otherItems": {}, "netIncome": 36057349, "netIncomeApplicableToCommonShares": 36057349}], "maxAge": 86400}, "fundOwnership": {"ownershipList": [], "maxAge": 1}, "summaryDetail": {"maxAge": 1, "priceHint": 2, "previousClose": 39.4, "open": 40.25, "dayLow": 37.15, "dayHigh": 41.0, "regularMarketPreviousClose": 39.4, "regularMarketOpen": 40.25, "regularMarketDayLow": 37.15, "regularMarketDayHigh": 41.0, "exDividendDate": "2019-09-19 05:30:00", "payoutRatio": 0.0, "beta": 0.359068, "trailingPE": 14.411441, "volume": 88415, "regularMarketVolume": 88415, "averageVolume": 32364, "averageVolume10days": 6881, "averageDailyVolume10Day": 6881, "bid": 0.0, "ask": 0.0, "bidSize": 0, "askSize": 0, "marketCap": 841035712, "fiftyTwoWeekLow": 16.9, "fiftyTwoWeekHigh": 56.4, "priceToSalesTrailing12Months": 0.5413239, "fiftyDayAverage": 37.913635, "twoHundredDayAverage": 34.043213, "trailingAnnualDividendRate": 0.5, "trailingAnnualDividendYield": 0.012690355, "currency": "INR", "fromCurrency": null, "lastMarket": null, "algorithm": null, "tradeable": false}, "insiderHolders": {"holders": [{"maxAge": 1, "name": "D L Millar & Co Ltd", "relation": "Promoter", "url": "", "transactionDescription": "Acquisition", "latestTransDate": "2016-03-03", "positionDirect": 2757762, "positionDirectDate": "2016-03-03"}, {"maxAge": 1, "name": "Goenka (Amitabh)", "relation": "Promoter", "url": "", "transactionDescription": "Other", "latestTransDate": "2016-03-03", "positionDirect": 2451575, "positionDirectDate": "2016-03-03"}], "maxAge": 1}, "calendarEvents": {"maxAge": 1, "earnings": {"earningsDate": []}, "exDividendDate": "2019-09-19 05:30:00"}, "upgradeDowngradeHistory": {"history": [], "maxAge": 86400}, "price": {"maxAge": 1, "regularMarketChangePercent": -0.002538129, "regularMarketChange": -0.10000229, "regularMarketTime": "2021-04-30 15:30:00", "priceHint": 2, "regularMarketPrice": 39.3, "regularMarketDayHigh": 41.0, "regularMarketDayLow": 37.15, "regularMarketVolume": 88415, "averageDailyVolume10Day": 6881, "averageDailyVolume3Month": 32364, "regularMarketPreviousClose": 39.4, "regularMarketSource": "FREE_REALTIME", "regularMarketOpen": 40.25, "exchange": "NSI", "exchangeName": "NSE", "exchangeDataDelayedBy": 15, "marketState": "CLOSED", "quoteType": "EQUITY", "symbol": "PREMIERPOL.NS", "underlyingSymbol": null, "shortName": "PREMIER POLYFILM L", "longName": "Premier Polyfilm Ltd.", "currency": "INR", "quoteSourceName": "Delayed Quote", "currencySymbol": "\u20b9", "fromCurrency": null, "lastMarket": null, "marketCap": 841035712}, "balanceSheetHistory": {"balanceSheetStatements": [{"maxAge": 1, "endDate": "2020-03-31", "cash": 7043367, "shortTermInvestments": 19685508, "netReceivables": 219181075, "inventory": 211517968, "otherCurrentAssets": 36723472, "totalCurrentAssets": 494151390, "longTermInvestments": 15849267, "propertyPlantEquipment": 421029202, "intangibleAssets": 73827, "otherAssets": 17082428, "deferredLongTermAssetCharges": 10708349, "totalAssets": 948186114, "accountsPayable": 121138161, "shortLongTermDebt": 18706057, "otherCurrentLiab": 20354947, "longTermDebt": 38244431, "otherLiab": 40042953, "totalCurrentLiabilities": 407039813, "totalLiab": 485327197, "commonStock": 104742475, "retainedEarnings": 265909623, "treasuryStock": 7633179, "capitalSurplus": 84573640, "otherStockholderEquity": 7633179, "totalStockholderEquity": 462858917, "netTangibleAssets": 462785090}, {"maxAge": 1, "endDate": "2019-03-31", "cash": 18969828, "shortTermInvestments": 16276364, "netReceivables": 225504922, "inventory": 190080809, "otherCurrentAssets": 28566034, "totalCurrentAssets": 479397957, "longTermInvestments": 2486000, "propertyPlantEquipment": 406009226, "intangibleAssets": 221276, "otherAssets": 19281427, "deferredLongTermAssetCharges": 9445699, "totalAssets": 907395886, "accountsPayable": 110124624, "shortLongTermDebt": 35596544, "otherCurrentLiab": 48739419, "longTermDebt": 36474998, "otherLiab": 36157284, "totalCurrentLiabilities": 418278189, "totalLiab": 490910471, "commonStock": 104742475, "retainedEarnings": 216395502, "treasuryStock": 10773798, "capitalSurplus": 84573640, "otherStockholderEquity": 10773798, "totalStockholderEquity": 416485415, "netTangibleAssets": 416264139}, {"maxAge": 1, "endDate": "2018-03-31", "cash": 31412917, "shortTermInvestments": 35029249, "netReceivables": 188037632, "inventory": 254050347, "otherCurrentAssets": 47792746, "totalCurrentAssets": 556322891, "longTermInvestments": 3590000, "propertyPlantEquipment": 325573633, "intangibleAssets": 368726, "otherAssets": 21890623, "deferredLongTermAssetCharges": 12004895, "totalAssets": 907745873, "accountsPayable": 100837690, "shortLongTermDebt": 35104557, "otherCurrentLiab": 54893757, "longTermDebt": 71830641, "otherLiab": 39654240, "totalCurrentLiabilities": 413334361, "totalLiab": 524819242, "commonStock": 104742475, "retainedEarnings": 184405748, "treasuryStock": 9204768, "capitalSurplus": 84573640, "otherStockholderEquity": 9204768, "totalStockholderEquity": 382926631, "netTangibleAssets": 382557905}, {"maxAge": 1, "endDate": "2017-03-31", "cash": 47293306, "shortTermInvestments": 25884653, "netReceivables": 195137936, "inventory": 189029104, "otherCurrentAssets": 43581854, "totalCurrentAssets": 500926853, "longTermInvestments": 4960000, "propertyPlantEquipment": 287070128, "intangibleAssets": 471464, "otherAssets": 17744014, "deferredLongTermAssetCharges": 9762401, "totalAssets": 811172459, "accountsPayable": 127657680, "shortLongTermDebt": 23724351, "otherCurrentLiab": 46115576, "longTermDebt": 58684104, "otherLiab": 33707928, "totalCurrentLiabilities": 375129098, "totalLiab": 467521130, "commonStock": 104742475, "retainedEarnings": 150068065, "treasuryStock": 4267149, "capitalSurplus": 84573640, "otherStockholderEquity": 4267149, "totalStockholderEquity": 343651329, "netTangibleAssets": 343179865}], "maxAge": 86400}, "earningsTrend": {"trend": [{"maxAge": 1, "period": "0q", "endDate": null, "growth": {}, "earningsEstimate": {"avg": 0.0, "low": 0.0, "high": 0.0, "yearAgoEps": {}, "numberOfAnalysts": 0, "growth": {}}, "revenueEstimate": {"avg": 0, "low": 0, "high": 0, "numberOfAnalysts": 0, "yearAgoRevenue": {}, "growth": {}}, "epsTrend": {"current": 0.0, "7daysAgo": 0.0, "30daysAgo": 0.0, "60daysAgo": 0.0, "90daysAgo": 0.0}, "epsRevisions": {"upLast7days": 0, "upLast30days": 0, "downLast30days": 0, "downLast90days": {}}}, {"maxAge": 1, "period": "+1q", "endDate": null, "growth": {}, "earningsEstimate": {"avg": 0.0, "low": 0.0, "high": 0.0, "yearAgoEps": {}, "numberOfAnalysts": 0, "growth": {}}, "revenueEstimate": {"avg": 0, "low": 0, "high": 0, "numberOfAnalysts": 0, "yearAgoRevenue": {}, "growth": {}}, "epsTrend": {"current": 0.0, "7daysAgo": 0.0, "30daysAgo": 0.0, "60daysAgo": 0.0, "90daysAgo": 0.0}, "epsRevisions": {"upLast7days": 0, "upLast30days": 0, "downLast30days": 0, "downLast90days": {}}}, {"maxAge": 1, "period": "0y", "endDate": null, "growth": {}, "earningsEstimate": {"avg": 0.0, "low": 0.0, "high": 0.0, "yearAgoEps": {}, "numberOfAnalysts": 0, "growth": {}}, "revenueEstimate": {"avg": 0, "low": 0, "high": 0, "numberOfAnalysts": 0, "yearAgoRevenue": {}, "growth": {}}, "epsTrend": {"current": 0.0, "7daysAgo": 0.0, "30daysAgo": 0.0, "60daysAgo": 0.0, "90daysAgo": 0.0}, "epsRevisions": {"upLast7days": 0, "upLast30days": 0, "downLast30days": 0, "downLast90days": {}}}, {"maxAge": 1, "period": "+1y", "endDate": null, "growth": {}, "earningsEstimate": {"avg": 0.0, "low": 0.0, "high": 0.0, "yearAgoEps": {}, "numberOfAnalysts": 0, "growth": {}}, "revenueEstimate": {"avg": 0, "low": 0, "high": 0, "numberOfAnalysts": 0, "yearAgoRevenue": {}, "growth": {}}, "epsTrend": {"current": 0.0, "7daysAgo": 0.0, "30daysAgo": 0.0, "60daysAgo": 0.0, "90daysAgo": 0.0}, "epsRevisions": {"upLast7days": 0, "upLast30days": 0, "downLast30days": 0, "downLast90days": {}}}, {"maxAge": 1, "period": "+5y", "endDate": null, "growth": {}, "earningsEstimate": {"avg": {}, "low": {}, "high": {}, "yearAgoEps": {}, "numberOfAnalysts": {}, "growth": {}}, "revenueEstimate": {"avg": {}, "low": {}, "high": {}, "numberOfAnalysts": {}, "yearAgoRevenue": {}, "growth": {}}, "epsTrend": {"current": {}, "7daysAgo": {}, "30daysAgo": {}, "60daysAgo": {}, "90daysAgo": {}}, "epsRevisions": {"upLast7days": {}, "upLast30days": {}, "downLast30days": {}, "downLast90days": {}}}, {"maxAge": 1, "period": "-5y", "endDate": null, "growth": {}, "earningsEstimate": {"avg": {}, "low": {}, "high": {}, "yearAgoEps": {}, "numberOfAnalysts": {}, "growth": {}}, "revenueEstimate": {"avg": {}, "low": {}, "high": {}, "numberOfAnalysts": {}, "yearAgoRevenue": {}, "growth": {}}, "epsTrend": {"current": {}, "7daysAgo": {}, "30daysAgo": {}, "60daysAgo": {}, "90daysAgo": {}}, "epsRevisions": {"upLast7days": {}, "upLast30days": {}, "downLast30days": {}, "downLast90days": {}}}], "maxAge": 1}, "institutionOwnership": {"ownershipList": [], "maxAge": 1}, "majorHoldersBreakdown": {"maxAge": 1, "insidersPercentHeld": 0.86383003, "institutionsPercentHeld": 0.0, "institutionsFloatPercentHeld": 0.0, "institutionsCount": 0}, "balanceSheetHistoryQuarterly": {"balanceSheetStatements": [{"maxAge": 1, "endDate": "2020-12-31", "totalStockholderEquity": 476900000, "netTangibleAssets": 476800000}, {"maxAge": 1, "endDate": "2020-09-30", "cash": 65700000, "netReceivables": 189600000, "inventory": 157900000, "otherCurrentAssets": 47600000, "totalCurrentAssets": 460800000, "longTermInvestments": 2100000, "propertyPlantEquipment": 404900000, "intangibleAssets": 100000, "otherAssets": 5600000, "deferredLongTermAssetCharges": 200000, "totalAssets": 873500000, "accountsPayable": 77400000, "otherCurrentLiab": 86200000, "longTermDebt": 33100000, "otherLiab": 31200000, "totalCurrentLiabilities": 332300000, "totalLiab": 396600000, "commonStock": 105900000, "treasuryStock": 371000000, "otherStockholderEquity": 371000000, "totalStockholderEquity": 476900000, "netTangibleAssets": 476800000}, {"maxAge": 1, "endDate": "2020-06-30", "totalStockholderEquity": 462900000, "netTangibleAssets": 462800000}, {"maxAge": 1, "endDate": "2020-03-31", "cash": 7043367, "shortTermInvestments": 19685508, "netReceivables": 219181075, "inventory": 211517968, "otherCurrentAssets": 36723472, "totalCurrentAssets": 494151390, "longTermInvestments": 15849267, "propertyPlantEquipment": 421029202, "intangibleAssets": 73827, "otherAssets": 17082428, "deferredLongTermAssetCharges": 10708349, "totalAssets": 948186114, "accountsPayable": 121138161, "shortLongTermDebt": 18706057, "otherCurrentLiab": 20354947, "longTermDebt": 38244431, "otherLiab": 40042953, "totalCurrentLiabilities": 407039813, "totalLiab": 485327197, "commonStock": 104742475, "retainedEarnings": 265909623, "treasuryStock": 7633179, "capitalSurplus": 84573640, "otherStockholderEquity": 7633179, "totalStockholderEquity": 462858917, "netTangibleAssets": 462785090}], "maxAge": 86400}, "earningsHistory": {"history": [{"maxAge": 1, "epsActual": {}, "epsEstimate": {}, "epsDifference": {}, "surprisePercent": {}, "quarter": {}, "period": "-4q"}, {"maxAge": 1, "epsActual": {}, "epsEstimate": {}, "epsDifference": {}, "surprisePercent": {}, "quarter": {}, "period": "-3q"}, {"maxAge": 1, "epsActual": {}, "epsEstimate": {}, "epsDifference": {}, "surprisePercent": {}, "quarter": {}, "period": "-2q"}, {"maxAge": 1, "epsActual": {}, "epsEstimate": {}, "epsDifference": {}, "surprisePercent": {}, "quarter": {}, "period": "-1q"}], "maxAge": 86400}, "summaryProfile": {"address1": "40/1A, Site IV", "address2": "Sahibabad Industrial Area Sahibabad", "city": "Ghaziabad", "zip": "201010", "country": "India", "phone": "91 12 0289 6986", "website": "http://www.premierpoly.com", "industry": "Specialty Chemicals", "sector": "Basic Materials", "longBusinessSummary": "Premier Polyfilm Ltd. manufactures and sells calendared PVC products in India. The company offers PVC flooring products, such as heavy duty flooring; anti-bacterial flooring; safety flooring for buses and transport; anti-skid embossed flooring; anti-static flooring; electro static dissipation flooring; heavy-duty flexible vinyl flooring for electrical substations; and PVC laminated sheets. It also provides industrial floor mats, surface protection sheets or temporary flooring, high voltage insulating mats, PVC geomembranes, artificial/calendared leather cloths, and PVC decor films and sheeting, as well as installation accessories comprising PVC skirting, capping strips, covings, stair noising, and welding cords. The company also exports its products to approximately 25 countries. Premier Polyfilm Ltd. was founded in 1992 and is headquartered in Ghaziabad, India.", "fullTimeEmployees": 308, "companyOfficers": [], "maxAge": 86400}, "netSharePurchaseActivity": {"maxAge": 1, "period": "6m", "buyInfoCount": 0, "buyInfoShares": 0, "sellInfoCount": 0, "netInfoCount": 0, "netInfoShares": 0, "netPercentInsiderShares": 0.0, "totalInsiderShares": 18091534}, "insiderTransactions": {"transactions": [{"maxAge": 1, "shares": 90000, "filerUrl": "", "transactionText": "", "filerName": "D L Millar & Co Ltd", "filerRelation": "Promoter", "moneyText": "", "startDate": "2016-03-03", "ownership": "D"}, {"maxAge": 1, "shares": 90000, "filerUrl": "", "transactionText": "", "filerName": "Goenka (Amitabh)", "filerRelation": "Promoter", "moneyText": "", "startDate": "2016-03-03", "ownership": "D"}, {"maxAge": 1, "shares": 60000, "filerUrl": "", "transactionText": "", "filerName": "D L Millar & Co Ltd", "filerRelation": "Promoter", "moneyText": "", "startDate": "2016-02-25", "ownership": "D"}, {"maxAge": 1, "shares": 60000, "filerUrl": "", "transactionText": "", "filerName": "Goenka (Amitabh)", "filerRelation": "Promoter", "moneyText": "", "startDate": "2016-02-25", "ownership": "D"}, {"maxAge": 1, "shares": 52578, "filerUrl": "", "transactionText": "", "filerName": "D L Millar & Co Ltd", "filerRelation": "Promoter", "moneyText": "", "startDate": "2016-02-23", "ownership": "D"}, {"maxAge": 1, "shares": 50000, "filerUrl": "", "transactionText": "", "filerName": "Goenka (Amitabh)", "filerRelation": "Promoter", "moneyText": "", "startDate": "2016-02-23", "ownership": "D"}], "maxAge": 1}, "sectorTrend": {"maxAge": 1, "symbol": null, "estimates": []}, "incomeStatementHistoryQuarterly": {"incomeStatementHistory": [{"maxAge": 1, "endDate": "2020-12-31", "totalRevenue": 528900000, "costOfRevenue": 335100000, "grossProfit": 193800000, "researchDevelopment": {}, "sellingGeneralAdministrative": 44700000, "nonRecurring": {}, "otherOperatingExpenses": 105900000, "totalOperatingExpenses": 497300000, "operatingIncome": 31600000, "totalOtherIncomeExpenseNet": -1900000, "ebit": 31600000, "interestExpense": -4500000, "incomeBeforeTax": 29700000, "incomeTaxExpense": 7500000, "minorityInterest": {}, "netIncomeFromContinuingOps": 22200000, "discontinuedOperations": {}, "extraordinaryItems": {}, "effectOfAccountingCharges": {}, "otherItems": {}, "netIncome": 22200000, "netIncomeApplicableToCommonShares": 22200000}, {"maxAge": 1, "endDate": "2020-09-30", "totalRevenue": 394900000, "costOfRevenue": 234300000, "grossProfit": 160600000, "researchDevelopment": {}, "sellingGeneralAdministrative": 39100000, "nonRecurring": {}, "otherOperatingExpenses": 89600000, "totalOperatingExpenses": 371800000, "operatingIncome": 23100000, "totalOtherIncomeExpenseNet": -3500000, "ebit": 23100000, "interestExpense": -7200000, "incomeBeforeTax": 19600000, "incomeTaxExpense": 5000000, "minorityInterest": {}, "netIncomeFromContinuingOps": 14600000, "discontinuedOperations": {}, "extraordinaryItems": {}, "effectOfAccountingCharges": {}, "otherItems": {}, "netIncome": 14600000, "netIncomeApplicableToCommonShares": 14600000}, {"maxAge": 1, "endDate": "2020-06-30", "totalRevenue": 198600000, "costOfRevenue": 105700000, "grossProfit": 92900000, "researchDevelopment": {}, "sellingGeneralAdministrative": 29700000, "nonRecurring": {}, "otherOperatingExpenses": 51100000, "totalOperatingExpenses": 195200000, "operatingIncome": 3400000, "totalOtherIncomeExpenseNet": -4000000, "ebit": 3400000, "interestExpense": -5500000, "incomeBeforeTax": -600000, "incomeTaxExpense": 0, "minorityInterest": {}, "netIncomeFromContinuingOps": -600000, "discontinuedOperations": {}, "extraordinaryItems": {}, "effectOfAccountingCharges": {}, "otherItems": {}, "netIncome": -600000, "netIncomeApplicableToCommonShares": -600000}, {"maxAge": 1, "endDate": "2020-03-31", "totalRevenue": 431264460, "costOfRevenue": 385123104, "grossProfit": 46141356, "researchDevelopment": {}, "sellingGeneralAdministrative": 104184995, "nonRecurring": {}, "otherOperatingExpenses": -106231597, "totalOperatingExpenses": 391697380, "operatingIncome": 39567080, "totalOtherIncomeExpenseNet": -6550523, "ebit": 39567080, "interestExpense": -2567099, "incomeBeforeTax": 33016557, "incomeTaxExpense": 12074683, "minorityInterest": {}, "netIncomeFromContinuingOps": 20941874, "discontinuedOperations": {}, "extraordinaryItems": {}, "effectOfAccountingCharges": {}, "otherItems": {}, "netIncome": 20941874, "netIncomeApplicableToCommonShares": 20941874}], "maxAge": 86400}, "cashflowStatementHistoryQuarterly": {"cashflowStatements": [{"maxAge": 1, "endDate": "2020-12-31", "netIncome": 22200000, "changeToLiabilities": 0}, {"maxAge": 1, "endDate": "2020-09-30", "netIncome": 14600000, "changeToLiabilities": 0}, {"maxAge": 1, "endDate": "2020-06-30", "netIncome": -600000, "changeToLiabilities": 0}, {"maxAge": 1, "endDate": "2020-03-31", "netIncome": 20941874, "changeToLiabilities": 0}], "maxAge": 86400}, "earnings": {"maxAge": 86400, "earningsChart": {"quarterly": [], "earningsDate": []}, "financialsChart": {"yearly": [{"date": 2017, "revenue": 1037440230, "earnings": 36057349}, {"date": 2018, "revenue": 1426550995, "earnings": 46944241}, {"date": 2019, "revenue": 1712686637, "earnings": 44617014}, {"date": 2020, "revenue": 1680364460, "earnings": 62141874}], "quarterly": [{"date": "1Q2020", "revenue": 431264460, "earnings": 20941874}, {"date": "2Q2020", "revenue": 198600000, "earnings": -600000}, {"date": "3Q2020", "revenue": 394900000, "earnings": 14600000}, {"date": "4Q2020", "revenue": 528900000, "earnings": 22200000}]}, "financialCurrency": "INR"}, "financialData": {"maxAge": 86400, "currentPrice": 39.3, "recommendationMean": 2.0, "recommendationKey": "buy", "totalCash": 65700000, "totalCashPerShare": 3.137, "ebitda": 138458256, "totalDebt": 192900000, "totalRevenue": 1553664512, "debtToEquity": 40.449, "revenuePerShare": 74.135, "grossProfits": 569941356, "earningsGrowth": -0.028, "revenueGrowth": 0.205, "grossMargins": 0.3176, "ebitdaMargins": 0.08912, "operatingMargins": 0.06286, "profitMargins": 0.03678, "financialCurrency": "INR"}}}