{"PREMIER.BO": {"recommendationTrend": {"trend": [{"period": "0m", "strongBuy": 0, "buy": 0, "hold": 0, "sell": 0, "strongSell": 0}, {"period": "-1m", "strongBuy": 0, "buy": 0, "hold": 0, "sell": 0, "strongSell": 0}, {"period": "-2m", "strongBuy": 0, "buy": 0, "hold": 0, "sell": 0, "strongSell": 0}, {"period": "-3m", "strongBuy": 0, "buy": 0, "hold": 0, "sell": 0, "strongSell": 0}], "maxAge": 86400}, "cashflowStatementHistory": {"cashflowStatements": [{"maxAge": 1, "endDate": "2020-03-31", "netIncome": -670700000, "depreciation": 210848000, "changeToNetincome": -852752000, "changeToAccountReceivables": 710930000, "changeToLiabilities": 41284000, "changeToInventory": 392152000, "totalCashFromOperatingActivities": -168238000, "capitalExpenditures": -1716000, "otherCashflowsFromInvestingActivities": 1045000, "totalCashflowsFromInvestingActivities": 1701769000, "dividendsPaid": -4048000, "netBorrowings": -1508519000, "otherCashflowsFromFinancingActivities": -20788000, "totalCashFromFinancingActivities": -1533355000, "changeInCash": 176000}, {"maxAge": 1, "endDate": "2019-03-31", "netIncome": -1965990000, "depreciation": 292312000, "changeToNetincome": 840791000, "changeToAccountReceivables": 258292000, "changeToLiabilities": -56401000, "changeToInventory": 354431000, "totalCashFromOperatingActivities": -276450000, "capitalExpenditures": -13622000, "otherCashflowsFromInvestingActivities": 2192000, "totalCashflowsFromInvestingActivities": 341701000, "dividendsPaid": -3521000, "netBorrowings": -36037000, "otherCashflowsFromFinancingActivities": -29080000, "totalCashFromFinancingActivities": -68638000, "changeInCash": -3387000}, {"maxAge": 1, "endDate": "2018-03-31", "netIncome": -1239924000, "depreciation": 281731000, "changeToNetincome": 749577000, "changeToAccountReceivables": 1239852000, "changeToLiabilities": -393828000, "changeToInventory": -86009000, "totalCashFromOperatingActivities": 551562000, "capitalExpenditures": -4139000, "otherCashflowsFromInvestingActivities": 6346000, "totalCashflowsFromInvestingActivities": 218236000, "dividendsPaid": -3611000, "netBorrowings": -646942000, "otherCashflowsFromFinancingActivities": -114653000, "totalCashFromFinancingActivities": -765206000, "changeInCash": 4592000}, {"maxAge": 1, "endDate": "2017-03-31", "netIncome": -1086664000, "depreciation": 293182000, "changeToNetincome": 746222000, "changeToAccountReceivables": 19374000, "changeToLiabilities": -61971000, "changeToInventory": 12552000, "totalCashFromOperatingActivities": -76780000, "capitalExpenditures": -2497000, "otherCashflowsFromInvestingActivities": 19093000, "totalCashflowsFromInvestingActivities": 17914000, "dividendsPaid": -3213000, "netBorrowings": 225247000, "otherCashflowsFromFinancingActivities": -170396000, "totalCashFromFinancingActivities": 51638000, "changeInCash": -7228000}], "maxAge": 86400}, "institutionOwnership": {"maxAge": 1, "ownershipList": []}, "balanceSheetHistoryQuarterly": {"balanceSheetStatements": [{"maxAge": 1, "endDate": "2020-06-30", "totalStockholderEquity": -2003193000, "netTangibleAssets": -2004815000}, {"maxAge": 1, "endDate": "2020-03-31", "cash": 40564000, "netReceivables": 316014000, "inventory": 97452000, "otherCurrentAssets": 208399000, "totalCurrentAssets": 662429000, "longTermInvestments": 25000, "propertyPlantEquipment": 947125000, "intangibleAssets": 1622000, "otherAssets": 1289208000, "totalAssets": 2900409000, "accountsPayable": 232162000, "otherCurrentLiab": 4144589000, "longTermDebt": 150000000, "otherLiab": 49352000, "totalCurrentLiabilities": 4704250000, "totalLiab": 4903602000, "commonStock": 303700000, "treasuryStock": -2306893000, "otherStockholderEquity": -2306893000, "totalStockholderEquity": -2003193000, "netTangibleAssets": -2004815000}, {"maxAge": 1, "endDate": "2019-12-31", "totalStockholderEquity": -1202226000, "netTangibleAssets": -1203848000}, {"maxAge": 1, "endDate": "2019-09-30", "cash": 38245000, "netReceivables": 621093000, "inventory": 174355000, "otherCurrentAssets": 628144000, "totalCurrentAssets": 1461837000, "longTermInvestments": 25000, "propertyPlantEquipment": 1035850000, "intangibleAssets": 1622000, "otherAssets": 1301246000, "totalAssets": 3800580000, "accountsPayable": 220924000, "otherCurrentLiab": 4090000000, "longTermDebt": 300000000, "otherLiab": 47482000, "totalCurrentLiabilities": 4655324000, "totalLiab": 5002806000, "commonStock": 303700000, "treasuryStock": -1505926000, "otherStockholderEquity": -1505926000, "totalStockholderEquity": -1202226000, "netTangibleAssets": -1203848000}], "maxAge": 86400}, "earningsHistory": {"history": [{"maxAge": 1, "epsActual": {}, "epsEstimate": {}, "epsDifference": {}, "surprisePercent": {}, "quarter": {}, "period": "-4q"}, {"maxAge": 1, "epsActual": {}, "epsEstimate": {}, "epsDifference": {}, "surprisePercent": {}, "quarter": {}, "period": "-3q"}, {"maxAge": 1, "epsActual": {}, "epsEstimate": {}, "epsDifference": {}, "surprisePercent": {}, "quarter": {}, "period": "-2q"}, {"maxAge": 1, "epsActual": {}, "epsEstimate": {}, "epsDifference": {}, "surprisePercent": {}, "quarter": {}, "period": "-1q"}], "maxAge": 86400}, "indexTrend": {"maxAge": 1, "symbol": "SP5", "peRatio": 19.7411, "pegRatio": 1.34172, "estimates": [{"period": "0q", "growth": 0.549}, {"period": "+1q", "growth": 0.431}, {"period": "0y", "growth": 0.305}, {"period": "+1y", "growth": 0.109}, {"period": "+5y", "growth": 0.120859005}, {"period": "-5y"}]}, "industryTrend": {"maxAge": 1, "symbol": null, "estimates": []}, "insiderTransactions": {"transactions": [{"maxAge": 1, "shares": 147, "filerUrl": "", "transactionText": "", "filerName": "Doshi Holdings Pvt Ltd", "filerRelation": "Promoter", "moneyText": "", "startDate": "2014-02-17", "ownership": "D"}, {"maxAge": 1, "shares": 5000, "filerUrl": "", "transactionText": "", "filerName": "Doshi Holdings Pvt Ltd", "filerRelation": "Promoter", "moneyText": "", "startDate": "2014-02-14", "ownership": "D"}, {"maxAge": 1, "shares": 50000, "filerUrl": "", "transactionText": "", "filerName": "Doshi Holdings Pvt Ltd", "filerRelation": "Promoter", "moneyText": "", "startDate": "2013-08-19", "ownership": "D"}, {"maxAge": 1, "shares": 50000, "filerUrl": "", "transactionText": "", "filerName": "Doshi Holdings Pvt Ltd", "filerRelation": "Promoter", "moneyText": "", "startDate": "2013-08-13", "ownership": "D"}, {"maxAge": 1, "shares": 50000, "filerUrl": "", "transactionText": "", "filerName": "Doshi Holdings Pvt Ltd", "filerRelation": "Promoter", "moneyText": "", "startDate": "2013-08-08", "ownership": "D"}, {"maxAge": 1, "shares": 8000, "filerUrl": "", "transactionText": "", "filerName": "Doshi Holdings Pvt Ltd", "filerRelation": "Promoter", "moneyText": "", "startDate": "2013-08-07", "ownership": "D"}, {"maxAge": 1, "shares": 10000, "filerUrl": "", "transactionText": "", "filerName": "Doshi Holdings Pvt Ltd", "filerRelation": "Promoter", "moneyText": "", "startDate": "2013-08-07", "ownership": "D"}, {"maxAge": 1, "shares": 10000, "filerUrl": "", "transactionText": "", "filerName": "Doshi Holdings Pvt Ltd", "filerRelation": "Promoter", "moneyText": "", "startDate": "2013-08-05", "ownership": "D"}, {"maxAge": 1, "shares": 7005, "filerUrl": "", "transactionText": "", "filerName": "Doshi Holdings Pvt Ltd", "filerRelation": "Promoter", "moneyText": "", "startDate": "2013-08-02", "ownership": "D"}, {"maxAge": 1, "shares": 7055, "filerUrl": "", "transactionText": "", "filerName": "Doshi Holdings Pvt Ltd", "filerRelation": "Promoter", "moneyText": "", "startDate": "2013-08-01", "ownership": "D"}, {"maxAge": 1, "shares": 7028, "filerUrl": "", "transactionText": "", "filerName": "Doshi Holdings Pvt Ltd", "filerRelation": "Promoter", "moneyText": "", "startDate": "2013-07-31", "ownership": "D"}, {"maxAge": 1, "shares": 1310, "filerUrl": "", "transactionText": "", "filerName": "Doshi Holdings Pvt Ltd", "filerRelation": "Promoter", "moneyText": "", "startDate": "2013-07-30", "ownership": "D"}, {"maxAge": 1, "shares": 10000, "filerUrl": "", "transactionText": "", "filerName": "Doshi Holdings Pvt Ltd", "filerRelation": "Promoter", "moneyText": "", "startDate": "2013-07-29", "ownership": "D"}, {"maxAge": 1, "shares": 10000, "filerUrl": "", "transactionText": "", "filerName": "Doshi Holdings Pvt Ltd", "filerRelation": "Promoter", "moneyText": "", "startDate": "2013-07-25", "ownership": "D"}, {"maxAge": 1, "shares": 17000, "filerUrl": "", "transactionText": "", "filerName": "Doshi Holdings Pvt Ltd", "filerRelation": "Promoter", "moneyText": "", "startDate": "2013-07-24", "ownership": "D"}, {"maxAge": 1, "shares": 5000, "filerUrl": "", "transactionText": "", "filerName": "Doshi Holdings Pvt Ltd", "filerRelation": "Promoter", "moneyText": "", "startDate": "2013-07-19", "ownership": "D"}, {"maxAge": 1, "shares": 5000, "filerUrl": "", "transactionText": "", "filerName": "Doshi Holdings Pvt Ltd", "filerRelation": "Promoter", "moneyText": "", "startDate": "2013-07-17", "ownership": "D"}, {"maxAge": 1, "shares": 3915, "filerUrl": "", "transactionText": "", "filerName": "Doshi Holdings Pvt Ltd", "filerRelation": "Promoter", "moneyText": "", "startDate": "2013-07-16", "ownership": "D"}, {"maxAge": 1, "shares": 0, "filerUrl": "", "transactionText": "", "filerName": "Doshi Holdings Pvt Ltd", "filerRelation": "Promoter", "moneyText": "", "startDate": "2013-07-15", "ownership": "I"}, {"maxAge": 1, "shares": 5767, "filerUrl": "", "transactionText": "", "filerName": "Doshi Holdings Pvt Ltd", "filerRelation": "Promoter", "moneyText": "", "startDate": "2013-07-12", "ownership": "D"}, {"maxAge": 1, "shares": 15090, "filerUrl": "", "transactionText": "", "filerName": "Doshi Holdings Pvt Ltd", "filerRelation": "Promoter", "moneyText": "", "startDate": "2013-07-12", "ownership": "D"}, {"maxAge": 1, "shares": 0, "filerUrl": "", "transactionText": "", "filerName": "Doshi Holdings Pvt Ltd", "filerRelation": "Promoter", "moneyText": "", "startDate": "2013-07-05", "ownership": "I"}, {"maxAge": 1, "shares": 10000, "filerUrl": "", "transactionText": "", "filerName": "Doshi Holdings Pvt Ltd", "filerRelation": "Promoter", "moneyText": "", "startDate": "2013-07-04", "ownership": "D"}, {"maxAge": 1, "shares": 10000, "filerUrl": "", "transactionText": "", "filerName": "Doshi Holdings Pvt Ltd", "filerRelation": "Promoter", "moneyText": "", "startDate": "2013-07-01", "ownership": "D"}, {"maxAge": 1, "shares": 10000, "filerUrl": "", "transactionText": "", "filerName": "Doshi Holdings Pvt Ltd", "filerRelation": "Promoter", "moneyText": "", "startDate": "2013-06-28", "ownership": "D"}, {"maxAge": 1, "shares": 20000, "filerUrl": "", "transactionText": "", "filerName": "Doshi Holdings Pvt Ltd", "filerRelation": "Promoter", "moneyText": "", "startDate": "2013-06-27", "ownership": "D"}, {"maxAge": 1, "shares": 20000, "filerUrl": "", "transactionText": "", "filerName": "Doshi Holdings Pvt Ltd", "filerRelation": "Promoter", "moneyText": "", "startDate": "2013-06-25", "ownership": "D"}, {"maxAge": 1, "shares": 8000, "filerUrl": "", "transactionText": "", "filerName": "Doshi Holdings Pvt Ltd", "filerRelation": "Promoter", "moneyText": "", "startDate": "2013-06-25", "ownership": "D"}, {"maxAge": 1, "shares": 16060, "filerUrl": "", "transactionText": "", "filerName": "Doshi Holdings Pvt Ltd", "filerRelation": "Promoter", "moneyText": "", "startDate": "2013-06-19", "ownership": "D"}, {"maxAge": 1, "shares": 2345, "filerUrl": "", "transactionText": "", "filerName": "Doshi Holdings Pvt Ltd", "filerRelation": "Promoter", "moneyText": "", "startDate": "2011-09-27", "ownership": "D"}, {"maxAge": 1, "shares": 8367, "filerUrl": "", "transactionText": "", "filerName": "Doshi Holdings Pvt Ltd", "filerRelation": "Promoter", "moneyText": "", "startDate": "2011-09-23", "ownership": "D"}, {"maxAge": 1, "shares": 165, "filerUrl": "", "transactionText": "", "filerName": "Doshi Holdings Pvt Ltd", "filerRelation": "Promoter", "moneyText": "", "startDate": "2011-09-21", "ownership": "D"}, {"maxAge": 1, "shares": 1905, "filerUrl": "", "transactionText": "", "filerName": "Doshi Holdings Pvt Ltd", "filerRelation": "Promoter", "moneyText": "", "startDate": "2011-09-20", "ownership": "D"}, {"maxAge": 1, "shares": 1905, "filerUrl": "", "transactionText": "", "filerName": "Doshi Holdings Pvt Ltd", "filerRelation": "Promoter", "moneyText": "", "startDate": "2011-09-16", "ownership": "D"}, {"maxAge": 1, "shares": 1961, "filerUrl": "", "transactionText": "", "filerName": "Doshi Holdings Pvt Ltd", "filerRelation": "Promoter", "moneyText": "", "startDate": "2011-09-13", "ownership": "D"}, {"maxAge": 1, "shares": 12000, "filerUrl": "", "transactionText": "", "filerName": "Doshi Holdings Pvt Ltd", "filerRelation": "Promoter", "moneyText": "", "startDate": "2011-09-09", "ownership": "D"}, {"maxAge": 1, "shares": 2615, "filerUrl": "", "transactionText": "", "filerName": "Doshi Holdings Pvt Ltd", "filerRelation": "Promoter", "moneyText": "", "startDate": "2011-09-07", "ownership": "D"}, {"maxAge": 1, "shares": 1600, "filerUrl": "", "transactionText": "", "filerName": "Doshi Holdings Pvt Ltd", "filerRelation": "Promoter", "moneyText": "", "startDate": "2011-09-06", "ownership": "D"}, {"maxAge": 1, "shares": 13143, "filerUrl": "", "transactionText": "", "filerName": "Doshi Holdings Pvt Ltd", "filerRelation": "Promoter", "moneyText": "", "startDate": "2011-09-05", "ownership": "D"}, {"maxAge": 1, "shares": 5000, "filerUrl": "", "transactionText": "", "filerName": "Doshi Holdings Pvt Ltd", "filerRelation": "Promoter", "moneyText": "", "startDate": "2011-08-30", "ownership": "D"}, {"maxAge": 1, "shares": 21547, "filerUrl": "", "transactionText": "", "filerName": "Doshi Holdings Pvt Ltd", "filerRelation": "Promoter", "moneyText": "", "startDate": "2011-08-29", "ownership": "D"}, {"maxAge": 1, "shares": 40000, "filerUrl": "", "transactionText": "", "filerName": "Doshi (Maitreya V)", "filerRelation": "Executive Chairman", "moneyText": "", "startDate": "2011-08-19", "ownership": "D"}, {"maxAge": 1, "shares": 9000, "filerUrl": "", "transactionText": "", "filerName": "Doshi Holdings Pvt Ltd", "filerRelation": "Promoter", "moneyText": "", "startDate": "2011-03-28", "ownership": "D"}, {"maxAge": 1, "shares": 9934, "filerUrl": "", "transactionText": "", "filerName": "Doshi Holdings Pvt Ltd", "filerRelation": "Promoter", "moneyText": "", "startDate": "2011-01-27", "ownership": "D"}, {"maxAge": 1, "shares": 5500, "filerUrl": "", "transactionText": "", "filerName": "Doshi Holdings Pvt Ltd", "filerRelation": "Promoter", "moneyText": "", "startDate": "2010-12-03", "ownership": "D"}, {"maxAge": 1, "shares": 4000, "filerUrl": "", "transactionText": "", "filerName": "Doshi Holdings Pvt Ltd", "filerRelation": "Promoter", "moneyText": "", "startDate": "2010-12-02", "ownership": "D"}, {"maxAge": 1, "shares": 3000, "filerUrl": "", "transactionText": "", "filerName": "Doshi Holdings Pvt Ltd", "filerRelation": "Promoter", "moneyText": "", "startDate": "2010-12-01", "ownership": "D"}, {"maxAge": 1, "shares": 4068, "filerUrl": "", "transactionText": "", "filerName": "Doshi Holdings Pvt Ltd", "filerRelation": "Promoter", "moneyText": "", "startDate": "2010-11-30", "ownership": "D"}, {"maxAge": 1, "shares": 5000, "filerUrl": "", "transactionText": "", "filerName": "Doshi Holdings Pvt Ltd", "filerRelation": "Promoter", "moneyText": "", "startDate": "2010-11-29", "ownership": "D"}, {"maxAge": 1, "shares": 4000, "filerUrl": "", "transactionText": "", "filerName": "Doshi Holdings Pvt Ltd", "filerRelation": "Promoter", "moneyText": "", "startDate": "2010-11-05", "ownership": "D"}, {"maxAge": 1, "shares": 42508, "filerUrl": "", "transactionText": "", "filerName": "Doshi Holdings Pvt Ltd", "filerRelation": "Promoter", "moneyText": "", "startDate": "2010-10-29", "ownership": "D"}, {"maxAge": 1, "shares": 86000, "filerUrl": "", "transactionText": "", "filerName": "Doshi Holdings Pvt Ltd", "filerRelation": "Promoter", "moneyText": "", "startDate": "2010-10-22", "ownership": "D"}, {"maxAge": 1, "shares": 55000, "filerUrl": "", "transactionText": "", "filerName": "Doshi Holdings Pvt Ltd", "filerRelation": "Promoter", "moneyText": "", "startDate": "2010-10-15", "ownership": "D"}, {"maxAge": 1, "shares": 10000, "filerUrl": "", "transactionText": "", "filerName": "Doshi Holdings Pvt Ltd", "filerRelation": "Promoter", "moneyText": "", "startDate": "2010-09-30", "ownership": "D"}, {"maxAge": 1, "shares": 20000, "filerUrl": "", "transactionText": "", "filerName": "Doshi Holdings Pvt Ltd", "filerRelation": "Promoter", "moneyText": "", "startDate": "2010-09-24", "ownership": "D"}, {"maxAge": 1, "shares": 10000, "filerUrl": "", "transactionText": "", "filerName": "Doshi Holdings Pvt Ltd", "filerRelation": "Promoter", "moneyText": "", "startDate": "2010-09-21", "ownership": "D"}, {"maxAge": 1, "shares": 15000, "filerUrl": "", "transactionText": "", "filerName": "Doshi Holdings Pvt Ltd", "filerRelation": "Promoter", "moneyText": "", "startDate": "2010-09-15", "ownership": "D"}, {"maxAge": 1, "shares": 5000, "filerUrl": "", "transactionText": "", "filerName": "Doshi Holdings Pvt Ltd", "filerRelation": "Promoter", "moneyText": "", "startDate": "2010-09-14", "ownership": "D"}, {"maxAge": 1, "shares": 5000, "filerUrl": "", "transactionText": "", "filerName": "Doshi Holdings Pvt Ltd", "filerRelation": "Promoter", "moneyText": "", "startDate": "2010-09-13", "ownership": "D"}, {"maxAge": 1, "shares": 15000, "filerUrl": "", "transactionText": "", "filerName": "Doshi Holdings Pvt Ltd", "filerRelation": "Promoter", "moneyText": "", "startDate": "2010-09-09", "ownership": "D"}, {"maxAge": 1, "shares": 5000, "filerUrl": "", "transactionText": "", "filerName": "Doshi Holdings Pvt Ltd", "filerRelation": "Promoter", "moneyText": "", "startDate": "2010-09-08", "ownership": "D"}, {"maxAge": 1, "shares": 15000, "filerUrl": "", "transactionText": "", "filerName": "Doshi Holdings Pvt Ltd", "filerRelation": "Promoter", "moneyText": "", "startDate": "2010-09-07", "ownership": "D"}, {"maxAge": 1, "shares": 27000, "filerUrl": "", "transactionText": "", "filerName": "Doshi Holdings Pvt Ltd", "filerRelation": "Promoter", "moneyText": "", "startDate": "2010-09-03", "ownership": "D"}, {"maxAge": 1, "shares": 92799, "filerUrl": "", "transactionText": "", "filerName": "Doshi Holdings Pvt Ltd", "filerRelation": "Promoter", "moneyText": "", "startDate": "2010-09-01", "ownership": "D"}, {"maxAge": 1, "shares": 33604, "filerUrl": "", "transactionText": "", "filerName": "Doshi Holdings Pvt Ltd", "filerRelation": "Promoter", "moneyText": "", "startDate": "2010-08-31", "ownership": "D"}, {"maxAge": 1, "shares": 12000, "filerUrl": "", "transactionText": "", "filerName": "Doshi Holdings Pvt Ltd", "filerRelation": "Promoter", "moneyText": "", "startDate": "2010-02-02", "ownership": "D"}, {"maxAge": 1, "shares": 8600, "filerUrl": "", "transactionText": "", "filerName": "Doshi Holdings Pvt Ltd", "filerRelation": "Promoter", "moneyText": "", "startDate": "2010-01-05", "ownership": "D"}, {"maxAge": 1, "shares": 101000, "filerUrl": "", "transactionText": "", "filerName": "Doshi Holdings Pvt Ltd", "filerRelation": "Promoter", "moneyText": "", "startDate": "2010-01-04", "ownership": "D"}, {"maxAge": 1, "shares": 74458, "filerUrl": "", "transactionText": "", "filerName": "Doshi Holdings Pvt Ltd", "filerRelation": "Promoter", "moneyText": "", "startDate": "2009-12-31", "ownership": "D"}, {"maxAge": 1, "shares": 32600, "filerUrl": "", "transactionText": "", "filerName": "Doshi Holdings Pvt Ltd", "filerRelation": "Promoter", "moneyText": "", "startDate": "2009-12-30", "ownership": "D"}, {"maxAge": 1, "shares": 5000, "filerUrl": "", "transactionText": "", "filerName": "Doshi Holdings Pvt Ltd", "filerRelation": "Promoter", "moneyText": "", "startDate": "2009-09-08", "ownership": "D"}, {"maxAge": 1, "shares": 5000, "filerUrl": "", "transactionText": "", "filerName": "Doshi Holdings Pvt Ltd", "filerRelation": "Promoter", "moneyText": "", "startDate": "2009-09-07", "ownership": "D"}, {"maxAge": 1, "shares": 17088, "filerUrl": "", "transactionText": "", "filerName": "Doshi Holdings Pvt Ltd", "filerRelation": "Promoter", "moneyText": "", "startDate": "2009-09-04", "ownership": "D"}, {"maxAge": 1, "shares": 7000, "filerUrl": "", "transactionText": "", "filerName": "Doshi Holdings Pvt Ltd", "filerRelation": "Promoter", "moneyText": "", "startDate": "2009-09-01", "ownership": "D"}, {"maxAge": 1, "shares": 5000, "filerUrl": "", "transactionText": "", "filerName": "Doshi Holdings Pvt Ltd", "filerRelation": "Promoter", "moneyText": "", "startDate": "2009-08-31", "ownership": "D"}, {"maxAge": 1, "shares": 10000, "filerUrl": "", "transactionText": "", "filerName": "Doshi Holdings Pvt Ltd", "filerRelation": "Promoter", "moneyText": "", "startDate": "2009-08-28", "ownership": "D"}, {"maxAge": 1, "shares": 10000, "filerUrl": "", "transactionText": "", "filerName": "Doshi Holdings Pvt Ltd", "filerRelation": "Promoter", "moneyText": "", "startDate": "2009-08-27", "ownership": "D"}, {"maxAge": 1, "shares": 13670, "filerUrl": "", "transactionText": "", "filerName": "Doshi Holdings Pvt Ltd", "filerRelation": "Promoter", "moneyText": "", "startDate": "2009-08-26", "ownership": "D"}], "maxAge": 1}, "quoteType": {"exchange": "BSE", "quoteType": "EQUITY", "symbol": "PREMIER.BO", "underlyingSymbol": "PREMIER.BO", "shortName": "PREMIER LTD.", "longName": "Premier Limited", "firstTradeDateEpochUtc": "2000-01-03 09:15:00", "timeZoneFullName": "Asia/Kolkata", "timeZoneShortName": "IST", "uuid": "21ebf5bf-8b61-31c3-a2eb-b4c2ded0e3a1", "messageBoardId": null, "gmtOffSetMilliseconds": 19800000, "maxAge": 1}, "incomeStatementHistory": {"incomeStatementHistory": [{"maxAge": 1, "endDate": "2020-03-31", "totalRevenue": 98700000, "costOfRevenue": 108300000, "grossProfit": -9600000, "researchDevelopment": {}, "sellingGeneralAdministrative": 190200000, "nonRecurring": {}, "otherOperatingExpenses": 93200000, "totalOperatingExpenses": 882200000, "operatingIncome": -783500000, "totalOtherIncomeExpenseNet": 571300000, "ebit": -783500000, "interestExpense": -556700000, "incomeBeforeTax": -212200000, "incomeTaxExpense": 458500000, "minorityInterest": {}, "netIncomeFromContinuingOps": -670700000, "discontinuedOperations": {}, "extraordinaryItems": {}, "effectOfAccountingCharges": {}, "otherItems": {}, "netIncome": -670700000, "netIncomeApplicableToCommonShares": -670700000}, {"maxAge": 1, "endDate": "2019-03-31", "totalRevenue": 165020000, "costOfRevenue": 410067000, "grossProfit": -245047000, "researchDevelopment": {}, "sellingGeneralAdministrative": 241238000, "nonRecurring": {}, "otherOperatingExpenses": 376367000, "totalOperatingExpenses": 1320099000, "operatingIncome": -1155079000, "totalOtherIncomeExpenseNet": -800919000, "ebit": -1155079000, "interestExpense": -601340000, "incomeBeforeTax": -1955998000, "incomeTaxExpense": 9992000, "minorityInterest": {}, "netIncomeFromContinuingOps": -1965990000, "discontinuedOperations": {}, "extraordinaryItems": {}, "effectOfAccountingCharges": {}, "otherItems": {}, "netIncome": -1965990000, "netIncomeApplicableToCommonShares": -1965990000}, {"maxAge": 1, "endDate": "2018-03-31", "totalRevenue": 200654000, "costOfRevenue": 81213000, "grossProfit": 119441000, "researchDevelopment": {}, "sellingGeneralAdministrative": 284701000, "nonRecurring": {}, "otherOperatingExpenses": 190685000, "totalOperatingExpenses": 838493000, "operatingIncome": -637839000, "totalOtherIncomeExpenseNet": -606746000, "ebit": -637839000, "interestExpense": -630716000, "incomeBeforeTax": -1244585000, "incomeTaxExpense": -4661000, "minorityInterest": {}, "netIncomeFromContinuingOps": -1239924000, "discontinuedOperations": {}, "extraordinaryItems": {}, "effectOfAccountingCharges": {}, "otherItems": {}, "netIncome": -1239924000, "netIncomeApplicableToCommonShares": -1239924000}, {"maxAge": 1, "endDate": "2017-03-31", "totalRevenue": 355365000, "costOfRevenue": 175497000, "grossProfit": 179868000, "researchDevelopment": {}, "sellingGeneralAdministrative": 312570000, "nonRecurring": {}, "otherOperatingExpenses": 151952000, "totalOperatingExpenses": 933726000, "operatingIncome": -578361000, "totalOtherIncomeExpenseNet": -502759000, "ebit": -578361000, "interestExpense": -649837000, "incomeBeforeTax": -1081120000, "incomeTaxExpense": 5544000, "minorityInterest": {}, "netIncomeFromContinuingOps": -1086664000, "discontinuedOperations": {}, "extraordinaryItems": {}, "effectOfAccountingCharges": {}, "otherItems": {}, "netIncome": -1086664000, "netIncomeApplicableToCommonShares": -1086664000}], "maxAge": 86400}, "fundOwnership": {"maxAge": 1, "ownershipList": []}, "summaryDetail": {"maxAge": 1, "priceHint": 4, "previousClose": 1.98, "open": 2.07, "dayLow": 2.07, "dayHigh": 2.07, "regularMarketPreviousClose": 1.98, "regularMarketOpen": 2.07, "regularMarketDayLow": 2.07, "regularMarketDayHigh": 2.07, "volume": 5500, "regularMarketVolume": 5500, "averageVolume": 3581, "averageVolume10days": 1713, "averageDailyVolume10Day": 1713, "bid": 1.89, "ask": 0.0, "bidSize": 0, "askSize": 0, "marketCap": 62871280, "fiftyTwoWeekLow": 1.18, "fiftyTwoWeekHigh": 6.13, "fiftyDayAverage": 4.706, "twoHundredDayAverage": 3.5886233, "currency": "INR", "fromCurrency": null, "toCurrency": null, "lastMarket": null, "algorithm": null, "tradeable": false}, "sectorTrend": {"maxAge": 1, "symbol": null, "estimates": []}, "incomeStatementHistoryQuarterly": {"incomeStatementHistory": [{"maxAge": 1, "endDate": "2020-06-30", "totalRevenue": 0, "costOfRevenue": 0, "grossProfit": 0, "researchDevelopment": {}, "sellingGeneralAdministrative": 44900000, "nonRecurring": {}, "otherOperatingExpenses": -5900000, "totalOperatingExpenses": 87600000, "operatingIncome": -87600000, "totalOtherIncomeExpenseNet": -119600000, "ebit": -87600000, "interestExpense": -119600000, "incomeBeforeTax": -207200000, "incomeTaxExpense": 0, "minorityInterest": {}, "netIncomeFromContinuingOps": -207200000, "discontinuedOperations": {}, "extraordinaryItems": {}, "effectOfAccountingCharges": {}, "otherItems": {}, "netIncome": -207200000, "netIncomeApplicableToCommonShares": -207200000}, {"maxAge": 1, "endDate": "2020-03-31", "totalRevenue": 500000, "costOfRevenue": 1200000, "grossProfit": -700000, "researchDevelopment": {}, "sellingGeneralAdministrative": 45900000, "nonRecurring": {}, "otherOperatingExpenses": 6100000, "totalOperatingExpenses": 97500000, "operatingIncome": -97000000, "totalOtherIncomeExpenseNet": -152900000, "ebit": -97000000, "interestExpense": -83100000, "incomeBeforeTax": -249900000, "incomeTaxExpense": 0, "minorityInterest": {}, "netIncomeFromContinuingOps": -249900000, "discontinuedOperations": {}, "extraordinaryItems": {}, "effectOfAccountingCharges": {}, "otherItems": {}, "netIncome": -249900000, "netIncomeApplicableToCommonShares": -249900000}, {"maxAge": 1, "endDate": "2019-12-31", "totalRevenue": 71200000, "costOfRevenue": 75000000, "grossProfit": -3800000, "researchDevelopment": {}, "sellingGeneralAdministrative": 48400000, "nonRecurring": {}, "otherOperatingExpenses": 30100000, "totalOperatingExpenses": 483500000, "operatingIncome": -412300000, "totalOtherIncomeExpenseNet": -138400000, "ebit": -412300000, "interestExpense": -138400000, "incomeBeforeTax": -550700000, "incomeTaxExpense": 0, "minorityInterest": {}, "netIncomeFromContinuingOps": -550700000, "discontinuedOperations": {}, "extraordinaryItems": {}, "effectOfAccountingCharges": {}, "otherItems": {}, "netIncome": -550700000, "netIncomeApplicableToCommonShares": -550700000}, {"maxAge": 1, "endDate": "2019-09-30", "totalRevenue": 10100000, "costOfRevenue": 324600000, "grossProfit": -314500000, "researchDevelopment": {}, "sellingGeneralAdministrative": 48300000, "nonRecurring": {}, "otherOperatingExpenses": 31800000, "totalOperatingExpenses": 462900000, "operatingIncome": -452800000, "totalOtherIncomeExpenseNet": 1330100000, "ebit": -452800000, "interestExpense": -170600000, "incomeBeforeTax": 877300000, "incomeTaxExpense": 458500000, "minorityInterest": {}, "netIncomeFromContinuingOps": 418800000, "discontinuedOperations": {}, "extraordinaryItems": {}, "effectOfAccountingCharges": {}, "otherItems": {}, "netIncome": 418800000, "netIncomeApplicableToCommonShares": 418800000}], "maxAge": 86400}, "cashflowStatementHistoryQuarterly": {"cashflowStatements": [{"maxAge": 1, "endDate": "2020-06-30", "netIncome": -207200000, "changeToLiabilities": 0}, {"maxAge": 1, "endDate": "2020-03-31", "netIncome": -249900000, "changeToLiabilities": 0}, {"maxAge": 1, "endDate": "2019-12-31", "netIncome": -550700000, "changeToLiabilities": 0}, {"maxAge": 1, "endDate": "2019-09-30", "netIncome": 418800000, "changeToLiabilities": 0}], "maxAge": 86400}, "insiderHolders": {"holders": [{"maxAge": 1, "name": "Doshi (Maitreya V)", "relation": "Executive Chairman", "url": "", "transactionDescription": "Acquisition", "latestTransDate": "2011-08-19", "positionDirect": 40100, "positionDirectDate": "2011-08-19"}, {"maxAge": 1, "name": "Doshi Holdings Pvt Ltd", "relation": "Promoter", "url": "", "transactionDescription": "Acquisition", "latestTransDate": "2014-02-17", "positionDirect": 13612702, "positionDirectDate": "2014-02-17"}], "maxAge": 1}, "earnings": {"maxAge": 86400, "earningsChart": {"quarterly": [], "earningsDate": ["2020-09-15 05:30:S"]}, "financialsChart": {"yearly": [{"date": 2017, "revenue": 355365000, "earnings": -1086664000}, {"date": 2018, "revenue": 200654000, "earnings": -1239924000}, {"date": 2019, "revenue": 165020000, "earnings": -1965990000}, {"date": 2020, "revenue": 98700000, "earnings": -670700000}], "quarterly": [{"date": "3Q2019", "revenue": 10100000, "earnings": 418800000}, {"date": "4Q2019", "revenue": 71200000, "earnings": -550700000}, {"date": "1Q2020", "revenue": 500000, "earnings": -249900000}, {"date": "2Q2020", "revenue": 0, "earnings": -207200000}]}, "financialCurrency": "INR"}, "calendarEvents": {"maxAge": 1, "earnings": {"earningsDate": ["2020-09-15 05:30:S"]}}, "price": {"maxAge": 1, "regularMarketChangePercent": 0.045454502, "regularMarketChange": 0.089999914, "regularMarketTime": "2021-04-30 15:27:05", "priceHint": 4, "regularMarketPrice": 2.07, "regularMarketDayHigh": 2.07, "regularMarketDayLow": 2.07, "regularMarketVolume": 5500, "averageDailyVolume10Day": 1713, "averageDailyVolume3Month": 3581, "regularMarketPreviousClose": 1.98, "regularMarketSource": "FREE_REALTIME", "regularMarketOpen": 2.07, "exchange": "BSE", "exchangeName": "BSE", "exchangeDataDelayedBy": 0, "marketState": "CLOSED", "quoteType": "EQUITY", "symbol": "PREMIER.BO", "underlyingSymbol": null, "shortName": "PREMIER LTD.", "longName": "Premier Limited", "currency": "INR", "quoteSourceName": "Delayed Quote", "currencySymbol": "\u20b9", "fromCurrency": null, "toCurrency": null, "lastMarket": null, "marketCap": 62871280}, "balanceSheetHistory": {"balanceSheetStatements": [{"maxAge": 1, "endDate": "2020-03-31", "cash": 40564000, "netReceivables": 316014000, "inventory": 97452000, "otherCurrentAssets": 208399000, "totalCurrentAssets": 662429000, "longTermInvestments": 25000, "propertyPlantEquipment": 947125000, "intangibleAssets": 1622000, "otherAssets": 1289208000, "totalAssets": 2900409000, "accountsPayable": 232162000, "otherCurrentLiab": 4144589000, "longTermDebt": 150000000, "otherLiab": 49352000, "totalCurrentLiabilities": 4704250000, "totalLiab": 4903602000, "commonStock": 303700000, "treasuryStock": -2306893000, "otherStockholderEquity": -2306893000, "totalStockholderEquity": -2003193000, "netTangibleAssets": -2004815000}, {"maxAge": 1, "endDate": "2019-03-31", "cash": 44133000, "netReceivables": 973582000, "inventory": 489604000, "otherCurrentAssets": 1459215000, "totalCurrentAssets": 2971690000, "longTermInvestments": 25000, "propertyPlantEquipment": 1690122000, "intangibleAssets": 1737000, "otherAssets": 1770893000, "deferredLongTermAssetCharges": 458515000, "totalAssets": 6434467000, "accountsPayable": 213594000, "shortLongTermDebt": 2222046000, "otherCurrentLiab": 766850000, "longTermDebt": 469003000, "otherLiab": 49040000, "totalCurrentLiabilities": 6014960000, "totalLiab": 6533003000, "commonStock": 303726000, "retainedEarnings": -2720704000, "treasuryStock": 1999554000, "capitalSurplus": 318888000, "otherStockholderEquity": 1999554000, "totalStockholderEquity": -98536000, "netTangibleAssets": -100273000}, {"maxAge": 1, "endDate": "2018-03-31", "cash": 58169000, "netReceivables": 1298543000, "inventory": 844035000, "otherCurrentAssets": 177833000, "totalCurrentAssets": 2382197000, "longTermInvestments": 25000, "propertyPlantEquipment": 3507972000, "intangibleAssets": 5733000, "otherAssets": 1748529000, "deferredLongTermAssetCharges": 458515000, "totalAssets": 7644456000, "accountsPayable": 213703000, "shortLongTermDebt": 1791037000, "otherCurrentLiab": 405366000, "longTermDebt": 915471000, "otherLiab": 52603000, "totalCurrentLiabilities": 4833134000, "totalLiab": 5801208000, "commonStock": 303726000, "retainedEarnings": -754714000, "treasuryStock": 1975348000, "capitalSurplus": 318888000, "otherStockholderEquity": 1975348000, "totalStockholderEquity": 1843248000, "netTangibleAssets": 1837515000}, {"maxAge": 1, "endDate": "2017-03-31", "cash": 79776000, "netReceivables": 2786241000, "inventory": 972654000, "otherCurrentAssets": 114681000, "totalCurrentAssets": 3957320000, "longTermInvestments": 25000, "propertyPlantEquipment": 3561308000, "intangibleAssets": 15524000, "otherAssets": 1644880000, "deferredLongTermAssetCharges": 458515000, "totalAssets": 9179057000, "accountsPayable": 338148000, "shortLongTermDebt": 1223433000, "otherCurrentLiab": 389226000, "longTermDebt": 1516203000, "otherLiab": 57492000, "totalCurrentLiabilities": 4532613000, "totalLiab": 6106308000, "commonStock": 303726000, "retainedEarnings": 485210000, "treasuryStock": 1964925000, "capitalSurplus": 318888000, "otherStockholderEquity": 1964925000, "totalStockholderEquity": 3072749000, "netTangibleAssets": 3057225000}], "maxAge": 86400}, "earningsTrend": {"trend": [{"maxAge": 1, "period": "0q", "endDate": null, "growth": {}, "earningsEstimate": {"avg": 0.0, "low": 0.0, "high": 0.0, "yearAgoEps": {}, "numberOfAnalysts": 0, "growth": {}}, "revenueEstimate": {"avg": 0, "low": 0, "high": 0, "numberOfAnalysts": 0, "yearAgoRevenue": {}, "growth": {}}, "epsTrend": {"current": 0.0, "7daysAgo": 0.0, "30daysAgo": 0.0, "60daysAgo": 0.0, "90daysAgo": 0.0}, "epsRevisions": {"upLast7days": 0, "upLast30days": 0, "downLast30days": 0, "downLast90days": {}}}, {"maxAge": 1, "period": "+1q", "endDate": null, "growth": {}, "earningsEstimate": {"avg": 0.0, "low": 0.0, "high": 0.0, "yearAgoEps": {}, "numberOfAnalysts": 0, "growth": {}}, "revenueEstimate": {"avg": 0, "low": 0, "high": 0, "numberOfAnalysts": 0, "yearAgoRevenue": {}, "growth": {}}, "epsTrend": {"current": 0.0, "7daysAgo": 0.0, "30daysAgo": 0.0, "60daysAgo": 0.0, "90daysAgo": 0.0}, "epsRevisions": {"upLast7days": 0, "upLast30days": 0, "downLast30days": 0, "downLast90days": {}}}, {"maxAge": 1, "period": "0y", "endDate": null, "growth": {}, "earningsEstimate": {"avg": 0.0, "low": 0.0, "high": 0.0, "yearAgoEps": {}, "numberOfAnalysts": 0, "growth": {}}, "revenueEstimate": {"avg": 0, "low": 0, "high": 0, "numberOfAnalysts": 0, "yearAgoRevenue": {}, "growth": {}}, "epsTrend": {"current": 0.0, "7daysAgo": 0.0, "30daysAgo": 0.0, "60daysAgo": 0.0, "90daysAgo": 0.0}, "epsRevisions": {"upLast7days": 0, "upLast30days": 0, "downLast30days": 0, "downLast90days": {}}}, {"maxAge": 1, "period": "+1y", "endDate": null, "growth": {}, "earningsEstimate": {"avg": 0.0, "low": 0.0, "high": 0.0, "yearAgoEps": {}, "numberOfAnalysts": 0, "growth": {}}, "revenueEstimate": {"avg": 0, "low": 0, "high": 0, "numberOfAnalysts": 0, "yearAgoRevenue": {}, "growth": {}}, "epsTrend": {"current": 0.0, "7daysAgo": 0.0, "30daysAgo": 0.0, "60daysAgo": 0.0, "90daysAgo": 0.0}, "epsRevisions": {"upLast7days": 0, "upLast30days": 0, "downLast30days": 0, "downLast90days": {}}}, {"maxAge": 1, "period": "+5y", "endDate": null, "growth": {}, "earningsEstimate": {"avg": {}, "low": {}, "high": {}, "yearAgoEps": {}, "numberOfAnalysts": {}, "growth": {}}, "revenueEstimate": {"avg": {}, "low": {}, "high": {}, "numberOfAnalysts": {}, "yearAgoRevenue": {}, "growth": {}}, "epsTrend": {"current": {}, "7daysAgo": {}, "30daysAgo": {}, "60daysAgo": {}, "90daysAgo": {}}, "epsRevisions": {"upLast7days": {}, "upLast30days": {}, "downLast30days": {}, "downLast90days": {}}}, {"maxAge": 1, "period": "-5y", "endDate": null, "growth": {}, "earningsEstimate": {"avg": {}, "low": {}, "high": {}, "yearAgoEps": {}, "numberOfAnalysts": {}, "growth": {}}, "revenueEstimate": {"avg": {}, "low": {}, "high": {}, "numberOfAnalysts": {}, "yearAgoRevenue": {}, "growth": {}}, "epsTrend": {"current": {}, "7daysAgo": {}, "30daysAgo": {}, "60daysAgo": {}, "90daysAgo": {}}, "epsRevisions": {"upLast7days": {}, "upLast30days": {}, "downLast30days": {}, "downLast90days": {}}}], "maxAge": 1}, "financialData": {"maxAge": 86400, "currentPrice": 2.07, "targetHighPrice": 113.0, "targetLowPrice": 113.0, "targetMeanPrice": 113.0, "targetMedianPrice": 113.0, "recommendationKey": "none", "numberOfAnalystOpinions": 1, "grossProfits": -9600000, "financialCurrency": "INR"}}}