{"PRESOFI.BO": {"cashflowStatementHistory": {"cashflowStatements": [{"maxAge": 1, "endDate": "2020-03-31", "netIncome": -2853387, "depreciation": 27854, "changeToNetincome": 2026591, "changeToLiabilities": 0, "changeToOperatingActivities": -5644, "totalCashFromOperatingActivities": -804586, "investments": 268567, "totalCashflowsFromInvestingActivities": 1080807, "changeInCash": 276221}, {"maxAge": 1, "endDate": "2019-03-31", "netIncome": -6791658, "depreciation": 26939, "changeToNetincome": -137525, "changeToLiabilities": 0, "changeToOperatingActivities": 67747, "totalCashFromOperatingActivities": -6834497, "capitalExpenditures": -8500, "investments": 268567, "totalCashflowsFromInvestingActivities": 6066842, "changeInCash": -767655}, {"maxAge": 1, "endDate": "2018-03-31", "netIncome": -7400945, "depreciation": 32336, "changeToNetincome": 6641690, "changeToLiabilities": 0, "changeToOperatingActivities": -488665, "totalCashFromOperatingActivities": -1215584, "capitalExpenditures": -123350, "investments": 1615696, "totalCashflowsFromInvestingActivities": 1012159, "changeInCash": -203425}, {"maxAge": 1, "endDate": "2017-03-31", "netIncome": -1352548, "depreciation": 25845, "changeToNetincome": 1448268, "changeToLiabilities": 0, "changeToOperatingActivities": 217657, "totalCashFromOperatingActivities": 339222, "capitalExpenditures": -123350, "investments": -1000526, "totalCashflowsFromInvestingActivities": -539349, "changeInCash": -200127}], "maxAge": 86400}, "institutionOwnership": {"maxAge": 1, "ownershipList": []}, "balanceSheetHistoryQuarterly": {"balanceSheetStatements": [{"maxAge": 1, "endDate": "2020-03-31", "cash": 269165, "netReceivables": 2453502, "otherCurrentAssets": 58518, "totalCurrentAssets": 2781185, "longTermInvestments": 5919349, "propertyPlantEquipment": 35220, "otherAssets": 296947, "totalAssets": 9032701, "accountsPayable": 12520, "otherCurrentLiab": 82563, "totalCurrentLiabilities": 142754, "totalLiab": 142754, "commonStock": 33034000, "retainedEarnings": -25487796, "treasuryStock": 593743, "capitalSurplus": 750000, "otherStockholderEquity": 593743, "totalStockholderEquity": 8889947, "netTangibleAssets": 8889947}, {"maxAge": 1, "endDate": "2019-12-31", "totalStockholderEquity": 11150000, "netTangibleAssets": 11150000}, {"maxAge": 1, "endDate": "2019-09-30", "cash": 152000, "netReceivables": 2663000, "otherCurrentAssets": 114000, "totalCurrentAssets": 2929000, "longTermInvestments": 8038000, "propertyPlantEquipment": 42000, "otherAssets": 297000, "totalAssets": 11306000, "otherCurrentLiab": 156000, "totalCurrentLiabilities": 156000, "totalLiab": 156000, "commonStock": 33034000, "treasuryStock": -21884000, "otherStockholderEquity": -21884000, "totalStockholderEquity": 11150000, "netTangibleAssets": 11150000}, {"maxAge": 1, "endDate": "2019-06-30", "totalStockholderEquity": 11743000, "netTangibleAssets": 11743000}], "maxAge": 86400}, "indexTrend": {"maxAge": 1, "symbol": "SP5", "peRatio": 19.7411, "pegRatio": 1.34172, "estimates": [{"period": "0q", "growth": 0.549}, {"period": "+1q", "growth": 0.431}, {"period": "0y", "growth": 0.305}, {"period": "+1y", "growth": 0.109}, {"period": "+5y", "growth": 0.120859005}, {"period": "-5y"}]}, "quoteType": {"exchange": "BSE", "quoteType": "EQUITY", "symbol": "PRESOFI.BO", "underlyingSymbol": "PRESOFI.BO", "shortName": "PREM SOMANI FINANCIAL SERVICES", "longName": "Prem Somani Financial Services Limited", "firstTradeDateEpochUtc": "1995-07-10 09:15:00", "timeZoneFullName": "Asia/Kolkata", "timeZoneShortName": "IST", "uuid": "298dbc8e-675f-331b-a7de-a7160c969702", "messageBoardId": null, "gmtOffSetMilliseconds": 19800000, "maxAge": 1}, "incomeStatementHistory": {"incomeStatementHistory": [{"maxAge": 1, "endDate": "2020-03-31", "totalRevenue": 394840, "costOfRevenue": 13500, "grossProfit": 381340, "researchDevelopment": {}, "sellingGeneralAdministrative": 352329, "nonRecurring": {}, "otherOperatingExpenses": 2854545, "totalOperatingExpenses": 3248228, "operatingIncome": -2853388, "totalOtherIncomeExpenseNet": 1, "ebit": 0, "interestExpense": {}, "incomeBeforeTax": -2853387, "incomeTaxExpense": 0, "minorityInterest": {}, "netIncomeFromContinuingOps": -2853387, "discontinuedOperations": {}, "extraordinaryItems": {}, "effectOfAccountingCharges": {}, "otherItems": {}, "netIncome": -2853387, "netIncomeApplicableToCommonShares": -2853387}, {"maxAge": 1, "endDate": "2019-03-31", "totalRevenue": 591321, "costOfRevenue": 12000, "grossProfit": 579321, "researchDevelopment": {}, "sellingGeneralAdministrative": 205925, "nonRecurring": {}, "otherOperatingExpenses": 7143220, "totalOperatingExpenses": 7388084, "operatingIncome": -6796763, "totalOtherIncomeExpenseNet": 5105, "ebit": 0, "interestExpense": {}, "incomeBeforeTax": -6791658, "incomeTaxExpense": 0, "minorityInterest": {}, "netIncomeFromContinuingOps": -6791658, "discontinuedOperations": {}, "extraordinaryItems": {}, "effectOfAccountingCharges": {}, "otherItems": {}, "netIncome": -6791658, "netIncomeApplicableToCommonShares": -6791658}, {"maxAge": 1, "endDate": "2018-03-31", "totalRevenue": 920313, "costOfRevenue": 12000, "grossProfit": 908313, "researchDevelopment": {}, "sellingGeneralAdministrative": 443286, "nonRecurring": {}, "otherOperatingExpenses": 1191341, "totalOperatingExpenses": 1678963, "operatingIncome": -758650, "totalOtherIncomeExpenseNet": -6642295, "ebit": 0, "interestExpense": {}, "incomeBeforeTax": -7400945, "incomeTaxExpense": 0, "minorityInterest": {}, "netIncomeFromContinuingOps": -7400945, "discontinuedOperations": {}, "extraordinaryItems": {}, "effectOfAccountingCharges": {}, "otherItems": {}, "netIncome": -7400945, "netIncomeApplicableToCommonShares": -7400945}, {"maxAge": 1, "endDate": "2017-03-31", "totalRevenue": 1188851, "costOfRevenue": 16037, "grossProfit": 1172814, "researchDevelopment": {}, "sellingGeneralAdministrative": 622932, "nonRecurring": {}, "otherOperatingExpenses": 432904, "totalOperatingExpenses": 1097718, "operatingIncome": 91133, "totalOtherIncomeExpenseNet": -1469818, "ebit": 0, "interestExpense": {}, "incomeBeforeTax": -1378685, "incomeTaxExpense": -26137, "minorityInterest": {}, "netIncomeFromContinuingOps": -1352548, "discontinuedOperations": {}, "extraordinaryItems": {}, "effectOfAccountingCharges": {}, "otherItems": {}, "netIncome": -1352548, "netIncomeApplicableToCommonShares": -1352548}], "maxAge": 86400}, "fundOwnership": {"maxAge": 1, "ownershipList": []}, "summaryDetail": {"maxAge": 1, "priceHint": 2, "previousClose": 6.8, "open": 7.14, "dayLow": 7.14, "dayHigh": 7.14, "regularMarketPreviousClose": 6.8, "regularMarketOpen": 7.14, "regularMarketDayLow": 7.14, "regularMarketDayHigh": 7.14, "volume": 250, "regularMarketVolume": 250, "averageVolume": 21, "averageVolume10days": 0, "averageDailyVolume10Day": 0, "bid": 3.46, "ask": 0.0, "marketCap": 23590560, "fiftyTwoWeekLow": 1.42, "fiftyTwoWeekHigh": 7.14, "fiftyDayAverage": 3.1997142, "twoHundredDayAverage": 2.6127737, "currency": "INR", "fromCurrency": null, "toCurrency": null, "lastMarket": null, "algorithm": null, "tradeable": false}, "incomeStatementHistoryQuarterly": {"incomeStatementHistory": [{"maxAge": 1, "endDate": "2020-03-31", "totalRevenue": -43160, "costOfRevenue": 13500, "grossProfit": -56660, "researchDevelopment": {}, "sellingGeneralAdministrative": 171329, "nonRecurring": {}, "otherOperatingExpenses": 2014545, "totalOperatingExpenses": 2206228, "operatingIncome": -2249388, "totalOtherIncomeExpenseNet": 1, "ebit": 0, "interestExpense": {}, "incomeBeforeTax": -2249387, "incomeTaxExpense": 0, "minorityInterest": {}, "netIncomeFromContinuingOps": -2249387, "discontinuedOperations": {}, "extraordinaryItems": {}, "effectOfAccountingCharges": {}, "otherItems": {}, "netIncome": -2249387, "netIncomeApplicableToCommonShares": -2249387}, {"maxAge": 1, "endDate": "2019-12-31", "totalRevenue": 130000, "costOfRevenue": 0, "grossProfit": 130000, "researchDevelopment": {}, "sellingGeneralAdministrative": 84000, "nonRecurring": {}, "otherOperatingExpenses": 49000, "totalOperatingExpenses": 140000, "operatingIncome": -10000, "totalOtherIncomeExpenseNet": 0, "ebit": 0, "interestExpense": {}, "incomeBeforeTax": -10000, "incomeTaxExpense": 0, "minorityInterest": {}, "netIncomeFromContinuingOps": -10000, "discontinuedOperations": {}, "extraordinaryItems": {}, "effectOfAccountingCharges": {}, "otherItems": {}, "netIncome": -10000, "netIncomeApplicableToCommonShares": -10000}, {"maxAge": 1, "endDate": "2019-09-30", "totalRevenue": 150000, "costOfRevenue": 0, "grossProfit": 150000, "researchDevelopment": {}, "sellingGeneralAdministrative": 68000, "nonRecurring": {}, "otherOperatingExpenses": 272000, "totalOperatingExpenses": 347000, "operatingIncome": -197000, "totalOtherIncomeExpenseNet": 0, "ebit": 0, "interestExpense": {}, "incomeBeforeTax": -197000, "incomeTaxExpense": 0, "minorityInterest": {}, "netIncomeFromContinuingOps": -197000, "discontinuedOperations": {}, "extraordinaryItems": {}, "effectOfAccountingCharges": {}, "otherItems": {}, "netIncome": -197000, "netIncomeApplicableToCommonShares": -197000}, {"maxAge": 1, "endDate": "2019-06-30", "totalRevenue": 170000, "costOfRevenue": 0, "grossProfit": 170000, "researchDevelopment": {}, "sellingGeneralAdministrative": 30000, "nonRecurring": {}, "otherOperatingExpenses": 530000, "totalOperatingExpenses": 570000, "operatingIncome": -400000, "totalOtherIncomeExpenseNet": 0, "ebit": 0, "interestExpense": {}, "incomeBeforeTax": -400000, "incomeTaxExpense": 0, "minorityInterest": {}, "netIncomeFromContinuingOps": -400000, "discontinuedOperations": {}, "extraordinaryItems": {}, "effectOfAccountingCharges": {}, "otherItems": {}, "netIncome": -400000, "netIncomeApplicableToCommonShares": -400000}], "maxAge": 86400}, "cashflowStatementHistoryQuarterly": {"cashflowStatements": [{"maxAge": 1, "endDate": "2020-03-31", "netIncome": -2249387, "changeToLiabilities": 0}, {"maxAge": 1, "endDate": "2019-12-31", "netIncome": -10000, "changeToLiabilities": 0}, {"maxAge": 1, "endDate": "2019-09-30", "netIncome": -197000, "changeToLiabilities": 0}, {"maxAge": 1, "endDate": "2019-06-30", "netIncome": -400000, "changeToLiabilities": 0}], "maxAge": 86400}, "insiderHolders": {"holders": [], "maxAge": 1}, "calendarEvents": {"maxAge": 1, "earnings": {"earningsDate": ["2020-06-11 05:30:S"]}}, "price": {"maxAge": 1, "regularMarketChangePercent": 0.049999952, "regularMarketChange": 0.33999968, "regularMarketTime": "2021-04-30 09:31:55", "priceHint": 2, "regularMarketPrice": 7.14, "regularMarketDayHigh": 7.14, "regularMarketDayLow": 7.14, "regularMarketVolume": 250, "averageDailyVolume10Day": 0, "averageDailyVolume3Month": 21, "regularMarketPreviousClose": 6.8, "regularMarketSource": "FREE_REALTIME", "regularMarketOpen": 7.14, "exchange": "BSE", "exchangeName": "BSE", "exchangeDataDelayedBy": 0, "marketState": "CLOSED", "quoteType": "EQUITY", "symbol": "PRESOFI.BO", "underlyingSymbol": null, "shortName": "PREM SOMANI FINANCIAL SERVICES", "longName": "Prem Somani Financial Services Limited", "currency": "INR", "quoteSourceName": "Delayed Quote", "currencySymbol": "\u20b9", "fromCurrency": null, "toCurrency": null, "lastMarket": null, "marketCap": 23590560}, "balanceSheetHistory": {"balanceSheetStatements": [{"maxAge": 1, "endDate": "2020-03-31", "cash": 269165, "netReceivables": 2453502, "otherCurrentAssets": 58518, "totalCurrentAssets": 2781185, "longTermInvestments": 5919349, "propertyPlantEquipment": 35220, "otherAssets": 296947, "totalAssets": 9032701, "accountsPayable": 12520, "otherCurrentLiab": 82563, "totalCurrentLiabilities": 142754, "totalLiab": 142754, "commonStock": 33034000, "retainedEarnings": -25487796, "treasuryStock": 593743, "capitalSurplus": 750000, "otherStockholderEquity": 593743, "totalStockholderEquity": 8889947, "netTangibleAssets": 8889947}, {"maxAge": 1, "endDate": "2019-03-31", "cash": -7058, "netReceivables": 3273727, "otherCurrentAssets": 35455, "totalCurrentAssets": 3302124, "longTermInvestments": 6227720, "propertyPlantEquipment": 47547, "otherAssets": 2299263, "totalAssets": 11876654, "otherCurrentLiab": 61820, "totalCurrentLiabilities": 133320, "totalLiab": 133320, "commonStock": 33034000, "retainedEarnings": -22634409, "treasuryStock": 593743, "capitalSurplus": 750000, "otherStockholderEquity": 593743, "totalStockholderEquity": 11743334, "netTangibleAssets": 11743334}, {"maxAge": 1, "endDate": "2018-03-31", "cash": 760597, "netReceivables": 9344318, "otherCurrentAssets": 136664, "totalCurrentAssets": 10241579, "longTermInvestments": 6127533, "propertyPlantEquipment": 50459, "otherAssets": 2314789, "totalAssets": 18734360, "otherCurrentLiab": 4000, "otherLiab": 37339, "totalCurrentLiabilities": 162031, "totalLiab": 199370, "commonStock": 33034000, "retainedEarnings": -15842736, "treasuryStock": 593726, "capitalSurplus": 750000, "otherStockholderEquity": 593726, "totalStockholderEquity": 18534990, "netTangibleAssets": 18534990}, {"maxAge": 1, "endDate": "2017-03-31", "cash": 1317672, "netReceivables": 10856187, "otherCurrentAssets": 88280, "totalCurrentAssets": 12262139, "longTermInvestments": 15643909, "propertyPlantEquipment": 279946, "otherAssets": 7500, "totalAssets": 28193494, "otherLiab": 3656711, "totalCurrentLiabilities": 607580, "totalLiab": 4264291, "commonStock": 33034000, "retainedEarnings": -9854797, "capitalSurplus": 750000, "totalStockholderEquity": 23929203, "netTangibleAssets": 23929203}], "maxAge": 86400}, "financialData": {"maxAge": 86400, "currentPrice": 7.14, "recommendationKey": "none", "grossProfits": 381340, "financialCurrency": "INR"}}}