{"PRESTIGE.NS": {"assetProfile": {"address1": "Prestige Falcon Tower", "address2": "19, Brunton Rd Craig Park Layout Ashok Nagar", "city": "Bengaluru", "zip": "560025", "country": "India", "phone": "91 80 2559 1080", "fax": "91 80 2559 1945", "website": "http://www.prestigeconstructions.com", "industry": "Real Estate\u2014Diversified", "sector": "Real Estate", "longBusinessSummary": "Prestige Estates Projects Limited, together with its subsidiaries, engages in the development, construction, and leasing of real estate properties in India. The company develops a range of residential projects, including townships, apartments, luxury villas, mansions, row houses, town homes and golf developments; commercial projects comprising office spaces, built-to-suit campuses, special economic zones, and IT parks; and retail properties, such as malls. It also develops and owns hospitality properties, which include resorts, convention centers and serviced apartments, and hotels. In addition, Prestige Estates Projects Limited provides real estate services that comprise fit-out services, interior design and execution, facilities and property management, and project and construction management services. The company was founded in 1986 and is headquartered in Bengaluru, India. Prestige Estates Projects Limited is a subsidiary of Razack Family Trust.", "fullTimeEmployees": 8766, "companyOfficers": [{"maxAge": 1, "name": "Mr. Irfan  Razack", "age": 67, "title": "Chairman & MD", "yearBorn": 1953, "fiscalYear": 2020, "totalPay": 70787273, "exercisedValue": 0, "unexercisedValue": 0}, {"maxAge": 1, "name": "Mr. Rezwan  Razack", "age": 65, "title": "Joint MD & Exec. Director", "yearBorn": 1955, "fiscalYear": 2020, "totalPay": 70787273, "exercisedValue": 0, "unexercisedValue": 0}, {"maxAge": 1, "name": "Ms. Uzma  Irfan", "age": 41, "title": "Director of Corp. Communications & Exec. Director", "yearBorn": 1979, "fiscalYear": 2020, "totalPay": 6000000, "exercisedValue": 0, "unexercisedValue": 0}, {"maxAge": 1, "name": "Mr. Noaman  Razack", "age": 63, "title": "Whole Time Exec. Director", "yearBorn": 1957, "fiscalYear": 2020, "totalPay": 5400000, "exercisedValue": 0, "unexercisedValue": 0}, {"maxAge": 1, "name": "Mr. Nawabzada Omer Bin Jung", "title": "Managing Director of Hospitality", "exercisedValue": 0, "unexercisedValue": 0}, {"maxAge": 1, "name": "Mr. Konanki Venkata Narayana", "age": 41, "title": "Chief Exec. Officer", "yearBorn": 1979, "exercisedValue": 0, "unexercisedValue": 0}, {"maxAge": 1, "name": "Mr. V. V. B. S. Sarma", "age": 64, "title": "Chief Financial Officer", "yearBorn": 1956, "exercisedValue": 0, "unexercisedValue": 0}, {"maxAge": 1, "name": "Lieutenant Colonel Milan  Khurana", "age": 52, "title": "Exec. Director of HR, IT & Admin", "yearBorn": 1968, "exercisedValue": 0, "unexercisedValue": 0}, {"maxAge": 1, "name": "Mr. T. Arvind Pai", "age": 45, "title": "Exec. Director of Legal", "yearBorn": 1975, "exercisedValue": 0, "unexercisedValue": 0}, {"maxAge": 1, "name": "Mr. Manoj  Krishna J.V.", "title": "Company Sec. & Compliance Officer", "exercisedValue": 0, "unexercisedValue": 0}], "compensationAsOfEpochDate": "2020-12-31 05:30:00", "maxAge": 86400}, "recommendationTrend": {"trend": [{"period": "0m", "strongBuy": 0, "buy": 0, "hold": 0, "sell": 0, "strongSell": 0}, {"period": "-1m", "strongBuy": 0, "buy": 0, "hold": 0, "sell": 0, "strongSell": 0}, {"period": "-2m", "strongBuy": 0, "buy": 0, "hold": 0, "sell": 0, "strongSell": 0}, {"period": "-3m", "strongBuy": 0, "buy": 0, "hold": 0, "sell": 0, "strongSell": 0}], "maxAge": 86400}, "cashflowStatementHistory": {"cashflowStatements": [{"maxAge": 1, "endDate": "2020-03-31", "netIncome": 4031000000, "depreciation": 6607000000, "changeToNetincome": 10132000000, "changeToAccountReceivables": 1842000000, "changeToLiabilities": -346000000, "changeToInventory": 18197000000, "changeToOperatingActivities": -18260000000, "totalCashFromOperatingActivities": 22263000000, "capitalExpenditures": -15451000000, "investments": -360000000, "otherCashflowsFromInvestingActivities": -1145000000, "totalCashflowsFromInvestingActivities": -23496000000, "dividendsPaid": -1164000000, "netBorrowings": 5622000000, "otherCashflowsFromFinancingActivities": -10877000000, "totalCashFromFinancingActivities": 2520000000, "changeInCash": 1327000000, "issuanceOfStock": 8939000000}, {"maxAge": 1, "endDate": "2019-03-31", "netIncome": 4156000000, "depreciation": 3186000000, "changeToNetincome": 5040000000, "changeToAccountReceivables": -6685000000, "changeToLiabilities": -1401000000, "changeToInventory": -15073000000, "changeToOperatingActivities": 18355000000, "totalCashFromOperatingActivities": 7621000000, "capitalExpenditures": -7652000000, "investments": 3889000000, "otherCashflowsFromInvestingActivities": -319000000, "totalCashflowsFromInvestingActivities": -6276000000, "dividendsPaid": -450000000, "netBorrowings": 8930000000, "otherCashflowsFromFinancingActivities": -7610000000, "totalCashFromFinancingActivities": 870000000, "changeInCash": 2998000000, "issuanceOfStock": 8939000000}, {"maxAge": 1, "endDate": "2018-03-31", "netIncome": 3713000000, "depreciation": 1516000000, "changeToNetincome": 4792000000, "changeToAccountReceivables": 412000000, "changeToLiabilities": 4312000000, "changeToInventory": 2754000000, "changeToOperatingActivities": -6814000000, "totalCashFromOperatingActivities": 10716000000, "capitalExpenditures": -5853000000, "investments": -3968000000, "otherCashflowsFromInvestingActivities": -1840000000, "totalCashflowsFromInvestingActivities": -20054000000, "dividendsPaid": -450000000, "netBorrowings": 16761000000, "otherCashflowsFromFinancingActivities": -6715000000, "totalCashFromFinancingActivities": 9596000000, "changeInCash": 261000000, "issuanceOfStock": 8939000000}, {"maxAge": 1, "endDate": "2017-03-31", "netIncome": 2649000000, "depreciation": 1614000000, "changeToNetincome": 1822000000, "changeToAccountReceivables": 1358000000, "changeToLiabilities": 104000000, "changeToInventory": 306000000, "changeToOperatingActivities": -2735000000, "totalCashFromOperatingActivities": 5141000000, "capitalExpenditures": -8672000000, "investments": 1501000000, "otherCashflowsFromInvestingActivities": 1952000000, "totalCashflowsFromInvestingActivities": -5218000000, "dividendsPaid": -450000000, "netBorrowings": 3654000000, "otherCashflowsFromFinancingActivities": -4451000000, "totalCashFromFinancingActivities": -797000000, "changeInCash": -874000000, "issuanceOfStock": 8939000000}], "maxAge": 86400}, "indexTrend": {"maxAge": 1, "symbol": "SP5", "peRatio": 19.7411, "pegRatio": 1.34172, "estimates": [{"period": "0q", "growth": 0.549}, {"period": "+1q", "growth": 0.431}, {"period": "0y", "growth": 0.305}, {"period": "+1y", "growth": 0.109}, {"period": "+5y", "growth": 0.120865}, {"period": "-5y"}]}, "defaultKeyStatistics": {"maxAge": 1, "priceHint": 2, "enterpriseValue": 203187224576, "forwardPE": 22.11961, "profitMargins": 0.01939, "floatShares": 119691712, "sharesOutstanding": 400862016, "heldPercentInsiders": 0.70058995, "heldPercentInstitutions": 0.23521, "beta": 0.905436, "category": null, "bookValue": 135.535, "priceToBook": 2.005755, "fundFamily": null, "legalType": null, "lastFiscalYearEnd": "2020-03-31 05:30:00", "nextFiscalYearEnd": "2022-03-31 05:30:00", "mostRecentQuarter": "2020-12-31 05:30:00", "earningsQuarterlyGrowth": -0.637, "netIncomeToCommon": 1352999936, "trailingEps": 3.392, "forwardEps": 12.29, "pegRatio": 2.21, "lastSplitFactor": null, "enterpriseToRevenue": 2.912, "enterpriseToEbitda": 11.618}, "industryTrend": {"maxAge": 1, "symbol": null, "estimates": []}, "quoteType": {"exchange": "NSI", "quoteType": "EQUITY", "symbol": "PRESTIGE.NS", "underlyingSymbol": "PRESTIGE.NS", "shortName": "PRESTIGE ESTATES P", "longName": "Prestige Estates Projects Limited", "firstTradeDateEpochUtc": "2010-10-27 09:15:00", "timeZoneFullName": "Asia/Kolkata", "timeZoneShortName": "IST", "uuid": "32b120df-a869-335f-8fc5-eb731e05450a", "gmtOffSetMilliseconds": 19800000, "maxAge": 1}, "incomeStatementHistory": {"incomeStatementHistory": [{"maxAge": 1, "endDate": "2020-03-31", "totalRevenue": 81248000000, "costOfRevenue": 44579000000, "grossProfit": 36669000000, "researchDevelopment": {}, "sellingGeneralAdministrative": 5523000000, "nonRecurring": {}, "otherOperatingExpenses": 7552000000, "totalOperatingExpenses": 64321000000, "operatingIncome": 16927000000, "totalOtherIncomeExpenseNet": -8658000000, "ebit": 16927000000, "interestExpense": -9784000000, "incomeBeforeTax": 8269000000, "incomeTaxExpense": 2783000000, "minorityInterest": 2284000000, "netIncomeFromContinuingOps": 5486000000, "discontinuedOperations": {}, "extraordinaryItems": {}, "effectOfAccountingCharges": {}, "otherItems": {}, "netIncome": 4031000000, "netIncomeApplicableToCommonShares": 4031000000}, {"maxAge": 1, "endDate": "2019-03-31", "totalRevenue": 51719000000, "costOfRevenue": 26336000000, "grossProfit": 25383000000, "researchDevelopment": {}, "sellingGeneralAdministrative": 4789000000, "nonRecurring": {}, "otherOperatingExpenses": 5993000000, "totalOperatingExpenses": 40347000000, "operatingIncome": 11372000000, "totalOtherIncomeExpenseNet": -4968000000, "ebit": 11372000000, "interestExpense": -6888000000, "incomeBeforeTax": 6404000000, "incomeTaxExpense": 1985000000, "minorityInterest": 1120000000, "netIncomeFromContinuingOps": 4419000000, "discontinuedOperations": {}, "extraordinaryItems": {}, "effectOfAccountingCharges": {}, "otherItems": {}, "netIncome": 4156000000, "netIncomeApplicableToCommonShares": 4156000000}, {"maxAge": 1, "endDate": "2018-03-31", "totalRevenue": 54986000000, "costOfRevenue": 34380000000, "grossProfit": 20606000000, "researchDevelopment": {}, "sellingGeneralAdministrative": 3591000000, "nonRecurring": {}, "otherOperatingExpenses": 4211000000, "totalOperatingExpenses": 43729000000, "operatingIncome": 11257000000, "totalOtherIncomeExpenseNet": -4876000000, "ebit": 11257000000, "interestExpense": -5444000000, "incomeBeforeTax": 6381000000, "incomeTaxExpense": 2135000000, "minorityInterest": 2300000000, "netIncomeFromContinuingOps": 4246000000, "discontinuedOperations": {}, "extraordinaryItems": {}, "effectOfAccountingCharges": {}, "otherItems": {}, "netIncome": 3713000000, "netIncomeApplicableToCommonShares": 3713000000}, {"maxAge": 1, "endDate": "2017-03-31", "totalRevenue": 47745000000, "costOfRevenue": 33716000000, "grossProfit": 14029000000, "researchDevelopment": {}, "sellingGeneralAdministrative": 3663000000, "nonRecurring": {}, "otherOperatingExpenses": 1168000000, "totalOperatingExpenses": 40184000000, "operatingIncome": 7561000000, "totalOtherIncomeExpenseNet": -2167000000, "ebit": 7561000000, "interestExpense": -2803000000, "incomeBeforeTax": 5394000000, "incomeTaxExpense": 1660000000, "minorityInterest": 2027000000, "netIncomeFromContinuingOps": 3734000000, "discontinuedOperations": {}, "extraordinaryItems": {}, "effectOfAccountingCharges": {}, "otherItems": {}, "netIncome": 2649000000, "netIncomeApplicableToCommonShares": 2649000000}], "maxAge": 86400}, "fundOwnership": {"ownershipList": [{"maxAge": 1, "reportDate": "2020-12-31", "organization": "India Fund, Inc., The", "pctHeld": 0.0075, "position": 2997469, "value": 797626500}, {"maxAge": 1, "reportDate": "2021-02-28", "organization": "Aberdeen Standard SICAV I-Asian Smaller Companies Fd", "pctHeld": 0.0064, "position": 2552000, "value": 760751200}, {"maxAge": 1, "reportDate": "2021-01-31", "organization": "Vanguard International Stock Index-Emerging Markets Stk", "pctHeld": 0.0041, "position": 1635409, "value": 437471907}, {"maxAge": 1, "reportDate": "2021-01-31", "organization": "Vanguard International Stock Index-Total Intl Stock Indx", "pctHeld": 0.0039, "position": 1566415, "value": 419016012}, {"maxAge": 1, "reportDate": "2020-12-31", "organization": "Janus Henderson Global Real Estate Fund", "pctHeld": 0.0034999999, "position": 1420634, "value": 378030707}, {"maxAge": 1, "reportDate": "2021-03-31", "organization": "iShares Core MSCI Emerging Markets ETF", "pctHeld": 0.0033000002, "position": 1323672, "value": 404514163}, {"maxAge": 1, "reportDate": "2021-01-31", "organization": "Goldman Sachs Emerging Markets Equity Fund", "pctHeld": 0.0033000002, "position": 1314554, "value": 351643195}, {"maxAge": 1, "reportDate": "2021-02-28", "organization": "Aberdeen Standard SICAV I-Emerging Markets Smaller Companies Fd", "pctHeld": 0.0031, "position": 1249000, "value": 372326900}, {"maxAge": 1, "reportDate": "2021-01-31", "organization": "DFA Emerging Markets Core Equity Portfolio", "pctHeld": 0.0021, "position": 858342, "value": 229606485}, {"maxAge": 1, "reportDate": "2021-01-31", "organization": "DFA Emerging Markets Small Cap Series", "pctHeld": 0.0019, "position": 746864, "value": 199786120}], "maxAge": 1}, "summaryDetail": {"maxAge": 1, "priceHint": 2, "previousClose": 276.05, "open": 273.15, "dayLow": 271.0, "dayHigh": 275.95, "regularMarketPreviousClose": 276.05, "regularMarketOpen": 273.15, "regularMarketDayLow": 271.0, "regularMarketDayHigh": 275.95, "exDividendDate": "2020-03-19 05:30:00", "payoutRatio": 0.4573, "beta": 0.905436, "trailingPE": 80.14446, "forwardPE": 22.11961, "volume": 349936, "regularMarketVolume": 349936, "averageVolume": 705766, "averageVolume10days": 466319, "averageDailyVolume10Day": 466319, "bid": 0.0, "ask": 0.0, "bidSize": 0, "askSize": 0, "marketCap": 108934643712, "fiftyTwoWeekLow": 133.65, "fiftyTwoWeekHigh": 315.0, "priceToSalesTrailing12Months": 1.5609813, "fiftyDayAverage": 296.71765, "twoHundredDayAverage": 275.30426, "trailingAnnualDividendRate": 0.0, "trailingAnnualDividendYield": 0.0, "currency": "INR", "fromCurrency": null, "lastMarket": null, "algorithm": null, "tradeable": false}, "insiderHolders": {"holders": [{"maxAge": 1, "name": "Gamnat Pte. Ltd.", "relation": "Promoter", "url": "", "transactionDescription": "Acquisition", "latestTransDate": "2020-01-24", "positionDirect": 13441654, "positionDirectDate": "2020-01-24"}, {"maxAge": 1, "name": "Government of Singapore Investment Corp. (UK)", "relation": "Promoter", "url": "", "transactionDescription": "Other", "latestTransDate": "2020-01-24", "positionDirect": 17081713, "positionDirectDate": "2020-01-24"}, {"maxAge": 1, "name": "Irfan (Badrunissa)", "relation": "Promoter", "url": "", "transactionDescription": "Sale", "latestTransDate": "2017-03-31", "positionDirect": 2343750, "positionDirectDate": "2017-03-31"}, {"maxAge": 1, "name": "Irfan (Uzma)", "relation": "Additonal Director", "url": "", "transactionDescription": "Sale", "latestTransDate": "2017-03-31", "positionDirect": 782250, "positionDirectDate": "2017-03-31"}, {"maxAge": 1, "name": "Monetary Authority of Singapore", "relation": "Promoter", "url": "", "transactionDescription": "Other", "latestTransDate": "2020-01-24", "positionDirect": 4436381, "positionDirectDate": "2020-01-24"}, {"maxAge": 1, "name": "Noaman (Sameera)", "relation": "Promoter", "url": "", "transactionDescription": "Sale", "latestTransDate": "2017-03-31", "positionDirect": 2343750, "positionDirectDate": "2017-03-31"}, {"maxAge": 1, "name": "Noaman (Zayd)", "relation": "Promoter", "url": "", "transactionDescription": "Sale", "latestTransDate": "2017-03-31", "positionDirect": 780750, "positionDirectDate": "2017-03-31"}, {"maxAge": 1, "name": "Razack (Ifran)", "relation": "Executive Chairman", "url": "", "transactionDescription": "Sale", "latestTransDate": "2017-03-31", "positionDirect": 9375000, "positionDirectDate": "2017-03-31"}, {"maxAge": 1, "name": "Razack (Noaman)", "relation": "Wholetime Director", "url": "", "transactionDescription": "Sale", "latestTransDate": "2017-03-31", "positionDirect": 9375000, "positionDirectDate": "2017-03-31"}, {"maxAge": 1, "name": "Razack (Rezwan)", "relation": "Director (Executive)", "url": "", "transactionDescription": "Sale", "latestTransDate": "2017-03-31", "positionDirect": 9375000, "positionDirectDate": "2017-03-31"}], "maxAge": 1}, "calendarEvents": {"maxAge": 1, "earnings": {"earningsDate": [], "earningsAverage": 2.49, "earningsLow": 2.49, "earningsHigh": 2.49, "revenueAverage": 12310000000, "revenueLow": 12310000000, "revenueHigh": 12310000000}, "exDividendDate": "2020-03-19 05:30:00"}, "upgradeDowngradeHistory": {"history": [], "maxAge": 86400}, "price": {"maxAge": 1, "regularMarketChangePercent": -0.015214568, "regularMarketChange": -4.1999817, "regularMarketTime": "2021-04-30 15:30:02", "priceHint": 2, "regularMarketPrice": 271.85, "regularMarketDayHigh": 275.95, "regularMarketDayLow": 271.0, "regularMarketVolume": 349936, "averageDailyVolume10Day": 466319, "averageDailyVolume3Month": 705766, "regularMarketPreviousClose": 276.05, "regularMarketSource": "FREE_REALTIME", "regularMarketOpen": 273.15, "exchange": "NSI", "exchangeName": "NSE", "exchangeDataDelayedBy": 15, "marketState": "CLOSED", "quoteType": "EQUITY", "symbol": "PRESTIGE.NS", "underlyingSymbol": null, "shortName": "PRESTIGE ESTATES P", "longName": "Prestige Estates Projects Limited", "currency": "INR", "quoteSourceName": "Delayed Quote", "currencySymbol": "\u20b9", "fromCurrency": null, "lastMarket": null, "marketCap": 108934643712}, "balanceSheetHistory": {"balanceSheetStatements": [{"maxAge": 1, "endDate": "2020-03-31", "cash": 7857000000, "shortTermInvestments": 153000000, "netReceivables": 20559000000, "inventory": 115698000000, "otherCurrentAssets": 4970000000, "totalCurrentAssets": 150676000000, "longTermInvestments": 7835000000, "propertyPlantEquipment": 44193000000, "goodWill": 5167000000, "intangibleAssets": 72000000, "otherAssets": 89773000000, "deferredLongTermAssetCharges": 5640000000, "totalAssets": 297716000000, "accountsPayable": 12249000000, "shortLongTermDebt": 6446000000, "otherCurrentLiab": 120244000000, "longTermDebt": 62180000000, "otherLiab": 5686000000, "minorityInterest": 2284000000, "totalCurrentLiabilities": 166533000000, "totalLiab": 241830000000, "commonStock": 4009000000, "retainedEarnings": 18373000000, "treasuryStock": 2657000000, "capitalSurplus": 28563000000, "otherStockholderEquity": 2657000000, "totalStockholderEquity": 53602000000, "netTangibleAssets": 48363000000}, {"maxAge": 1, "endDate": "2019-03-31", "cash": 6530000000, "shortTermInvestments": 65000000, "netReceivables": 24776000000, "inventory": 133359000000, "otherCurrentAssets": 4786000000, "totalCurrentAssets": 171060000000, "longTermInvestments": 7726000000, "propertyPlantEquipment": 36781000000, "goodWill": 3069000000, "intangibleAssets": 116000000, "otherAssets": 68230000000, "deferredLongTermAssetCharges": 6374000000, "totalAssets": 286982000000, "accountsPayable": 12530000000, "shortLongTermDebt": 2761000000, "otherCurrentLiab": 141299000000, "longTermDebt": 47194000000, "otherLiab": 4395000000, "minorityInterest": 1120000000, "totalCurrentLiabilities": 192007000000, "totalLiab": 243596000000, "commonStock": 3750000000, "retainedEarnings": 15888000000, "treasuryStock": 2745000000, "capitalSurplus": 19883000000, "otherStockholderEquity": 2745000000, "totalStockholderEquity": 42266000000, "netTangibleAssets": 39081000000}, {"maxAge": 1, "endDate": "2018-03-31", "cash": 3532000000, "netReceivables": 16980000000, "inventory": 61106000000, "otherCurrentAssets": 8136000000, "totalCurrentAssets": 90430000000, "longTermInvestments": 4182000000, "propertyPlantEquipment": 37844000000, "goodWill": 3069000000, "intangibleAssets": 103000000, "otherAssets": 54088000000, "deferredLongTermAssetCharges": 691000000, "totalAssets": 189716000000, "accountsPayable": 13542000000, "shortLongTermDebt": 5077000000, "otherCurrentLiab": 47693000000, "longTermDebt": 39743000000, "otherLiab": 4297000000, "minorityInterest": 2300000000, "totalCurrentLiabilities": 96049000000, "totalLiab": 140089000000, "commonStock": 3750000000, "retainedEarnings": 22570000000, "treasuryStock": 1124000000, "capitalSurplus": 19883000000, "otherStockholderEquity": 1124000000, "totalStockholderEquity": 47327000000, "netTangibleAssets": 44155000000}, {"maxAge": 1, "endDate": "2017-03-31", "cash": 3271000000, "netReceivables": 16708000000, "inventory": 69571000000, "otherCurrentAssets": 4701000000, "totalCurrentAssets": 94907000000, "longTermInvestments": 3395000000, "propertyPlantEquipment": 24046000000, "goodWill": 3069000000, "intangibleAssets": 47000000, "otherAssets": 43852000000, "deferredLongTermAssetCharges": 1014000000, "totalAssets": 169316000000, "accountsPayable": 9230000000, "shortLongTermDebt": 984000000, "otherCurrentLiab": 51699000000, "longTermDebt": 35002000000, "otherLiab": 4507000000, "minorityInterest": 2027000000, "totalCurrentLiabilities": 83632000000, "totalLiab": 123141000000, "commonStock": 3750000000, "retainedEarnings": 19817000000, "treasuryStock": 698000000, "capitalSurplus": 19883000000, "otherStockholderEquity": 698000000, "totalStockholderEquity": 44148000000, "netTangibleAssets": 41032000000}], "maxAge": 86400}, "earningsTrend": {"trend": [{"maxAge": 1, "period": "0q", "endDate": "2018-06-30", "growth": -0.004, "earningsEstimate": {"avg": 2.49, "low": 2.49, "high": 2.49, "yearAgoEps": 2.5, "numberOfAnalysts": 1, "growth": -0.004}, "revenueEstimate": {"avg": 12310000000, "low": 12310000000, "high": 12310000000, "numberOfAnalysts": 1, "yearAgoRevenue": 12796000000, "growth": -0.038}, "epsTrend": {"current": 2.49, "7daysAgo": 2.49, "30daysAgo": 2.49, "60daysAgo": 2.49, "90daysAgo": 2.49}, "epsRevisions": {"upLast7days": 0, "upLast30days": 0, "downLast30days": 0, "downLast90days": {}}}, {"maxAge": 1, "period": "+1q", "endDate": "2018-09-30", "growth": 0.36099997, "earningsEstimate": {"avg": 2.94, "low": 2.94, "high": 2.94, "yearAgoEps": 2.16, "numberOfAnalysts": 1, "growth": 0.36099997}, "revenueEstimate": {"avg": 0, "low": 0, "high": 0, "numberOfAnalysts": 0, "yearAgoRevenue": {}, "growth": {}}, "epsTrend": {"current": 2.94, "7daysAgo": 2.94, "30daysAgo": 2.94, "60daysAgo": 2.94, "90daysAgo": 2.94}, "epsRevisions": {"upLast7days": 0, "upLast30days": 0, "downLast30days": 0, "downLast90days": {}}}, {"maxAge": 1, "period": "0y", "endDate": "2019-03-31", "growth": 0.126, "earningsEstimate": {"avg": 11.15, "low": 8.9, "high": 17.13, "yearAgoEps": 9.9, "numberOfAnalysts": 18, "growth": 0.126}, "revenueEstimate": {"avg": 53528700000, "low": 42400700000, "high": 62507000000, "numberOfAnalysts": 17, "yearAgoRevenue": 54986000000, "growth": -0.027}, "epsTrend": {"current": 11.15, "7daysAgo": 11.07, "30daysAgo": 11.13, "60daysAgo": 11.17, "90daysAgo": 11.18}, "epsRevisions": {"upLast7days": 1, "upLast30days": 1, "downLast30days": 0, "downLast90days": {}}}, {"maxAge": 1, "period": "+1y", "endDate": "2020-03-31", "growth": 0.102, "earningsEstimate": {"avg": 12.29, "low": 8.0, "high": 20.26, "yearAgoEps": 11.15, "numberOfAnalysts": 18, "growth": 0.102}, "revenueEstimate": {"avg": 55999900000, "low": 44010800000, "high": 68358600000, "numberOfAnalysts": 17, "yearAgoRevenue": 53528700000, "growth": 0.046}, "epsTrend": {"current": 12.29, "7daysAgo": 12.19, "30daysAgo": 12.19, "60daysAgo": 12.24, "90daysAgo": 12.33}, "epsRevisions": {"upLast7days": 0, "upLast30days": 0, "downLast30days": 0, "downLast90days": {}}}, {"maxAge": 1, "period": "+5y", "endDate": null, "growth": 0.106000006, "earningsEstimate": {"avg": {}, "low": {}, "high": {}, "yearAgoEps": {}, "numberOfAnalysts": {}, "growth": {}}, "revenueEstimate": {"avg": {}, "low": {}, "high": {}, "numberOfAnalysts": {}, "yearAgoRevenue": {}, "growth": {}}, "epsTrend": {"current": {}, "7daysAgo": {}, "30daysAgo": {}, "60daysAgo": {}, "90daysAgo": {}}, "epsRevisions": {"upLast7days": {}, "upLast30days": {}, "downLast30days": {}, "downLast90days": {}}}, {"maxAge": 1, "period": "-5y", "endDate": null, "growth": 0.00168, "earningsEstimate": {"avg": {}, "low": {}, "high": {}, "yearAgoEps": {}, "numberOfAnalysts": {}, "growth": {}}, "revenueEstimate": {"avg": {}, "low": {}, "high": {}, "numberOfAnalysts": {}, "yearAgoRevenue": {}, "growth": {}}, "epsTrend": {"current": {}, "7daysAgo": {}, "30daysAgo": {}, "60daysAgo": {}, "90daysAgo": {}}, "epsRevisions": {"upLast7days": {}, "upLast30days": {}, "downLast30days": {}, "downLast90days": {}}}], "maxAge": 1}, "institutionOwnership": {"ownershipList": [], "maxAge": 1}, "majorHoldersBreakdown": {"maxAge": 1, "insidersPercentHeld": 0.70058995, "institutionsPercentHeld": 0.23521, "institutionsFloatPercentHeld": 0.78558, "institutionsCount": 59}, "balanceSheetHistoryQuarterly": {"balanceSheetStatements": [{"maxAge": 1, "endDate": "2020-12-31", "totalStockholderEquity": 54214000000, "netTangibleAssets": 48979000000}, {"maxAge": 1, "endDate": "2020-09-30", "cash": 6900000000, "shortTermInvestments": 5000000, "netReceivables": 26119000000, "inventory": 107479000000, "otherCurrentAssets": 6474000000, "totalCurrentAssets": 146977000000, "longTermInvestments": 9609000000, "propertyPlantEquipment": 45691000000, "goodWill": 5167000000, "intangibleAssets": 68000000, "otherAssets": 84403000000, "deferredLongTermAssetCharges": 5778000000, "totalAssets": 291915000000, "accountsPayable": 9702000000, "otherCurrentLiab": 125025000000, "longTermDebt": 67118000000, "otherLiab": 3869000000, "minorityInterest": 2183000000, "totalCurrentLiabilities": 155993000000, "totalLiab": 235518000000, "commonStock": 4009000000, "treasuryStock": 50205000000, "otherStockholderEquity": 50205000000, "totalStockholderEquity": 54214000000, "netTangibleAssets": 48979000000}, {"maxAge": 1, "endDate": "2020-06-30", "totalStockholderEquity": 53602000000, "netTangibleAssets": 48363000000}, {"maxAge": 1, "endDate": "2020-03-31", "cash": 7857000000, "shortTermInvestments": 153000000, "netReceivables": 20559000000, "inventory": 115698000000, "otherCurrentAssets": 4970000000, "totalCurrentAssets": 150676000000, "longTermInvestments": 7835000000, "propertyPlantEquipment": 44193000000, "goodWill": 5167000000, "intangibleAssets": 72000000, "otherAssets": 89773000000, "deferredLongTermAssetCharges": 5640000000, "totalAssets": 297716000000, "accountsPayable": 12249000000, "shortLongTermDebt": 6446000000, "otherCurrentLiab": 120244000000, "longTermDebt": 62180000000, "otherLiab": 5686000000, "minorityInterest": 2284000000, "totalCurrentLiabilities": 166533000000, "totalLiab": 241830000000, "commonStock": 4009000000, "retainedEarnings": 18373000000, "treasuryStock": 2657000000, "capitalSurplus": 28563000000, "otherStockholderEquity": 2657000000, "totalStockholderEquity": 53602000000, "netTangibleAssets": 48363000000}], "maxAge": 86400}, "earningsHistory": {"history": [{"maxAge": 1, "epsActual": 2.5, "epsEstimate": 1.51, "epsDifference": 0.99, "surprisePercent": 0.65599996, "quarter": "2017-06-30", "period": "-4q"}, {"maxAge": 1, "epsActual": 2.16, "epsEstimate": 2.6, "epsDifference": -0.44, "surprisePercent": -0.169, "quarter": "2017-09-30", "period": "-3q"}, {"maxAge": 1, "epsActual": 2.38, "epsEstimate": 2.23, "epsDifference": 0.15, "surprisePercent": 0.067, "quarter": "2017-12-31", "period": "-2q"}, {"maxAge": 1, "epsActual": 2.86, "epsEstimate": 2.2, "epsDifference": 0.66, "surprisePercent": 0.3, "quarter": "2018-03-31", "period": "-1q"}], "maxAge": 86400}, "summaryProfile": {"address1": "Prestige Falcon Tower", "address2": "19, Brunton Rd Craig Park Layout Ashok Nagar", "city": "Bengaluru", "zip": "560025", "country": "India", "phone": "91 80 2559 1080", "fax": "91 80 2559 1945", "website": "http://www.prestigeconstructions.com", "industry": "Real Estate\u2014Diversified", "sector": "Real Estate", "longBusinessSummary": "Prestige Estates Projects Limited, together with its subsidiaries, engages in the development, construction, and leasing of real estate properties in India. The company develops a range of residential projects, including townships, apartments, luxury villas, mansions, row houses, town homes and golf developments; commercial projects comprising office spaces, built-to-suit campuses, special economic zones, and IT parks; and retail properties, such as malls. It also develops and owns hospitality properties, which include resorts, convention centers and serviced apartments, and hotels. In addition, Prestige Estates Projects Limited provides real estate services that comprise fit-out services, interior design and execution, facilities and property management, and project and construction management services. The company was founded in 1986 and is headquartered in Bengaluru, India. Prestige Estates Projects Limited is a subsidiary of Razack Family Trust.", "fullTimeEmployees": 8766, "companyOfficers": [], "maxAge": 86400}, "netSharePurchaseActivity": {"maxAge": 1, "period": "6m", "buyInfoCount": 0, "buyInfoShares": 0, "sellInfoCount": 0, "netInfoCount": 0, "netInfoShares": 0, "netPercentInsiderShares": 0.0, "totalInsiderShares": 281675552}, "insiderTransactions": {"transactions": [{"maxAge": 1, "shares": 4436381, "filerUrl": "", "transactionText": "", "filerName": "Monetary Authority of Singapore", "filerRelation": "Promoter", "moneyText": "", "startDate": "2020-01-24", "ownership": "D"}, {"maxAge": 1, "shares": 17081713, "filerUrl": "", "transactionText": "", "filerName": "Government of Singapore Investment Corp. (UK)", "filerRelation": "Promoter", "moneyText": "", "startDate": "2020-01-24", "ownership": "D"}, {"maxAge": 1, "shares": 13441654, "filerUrl": "", "transactionText": "", "filerName": "Gamnat Pte. Ltd.", "filerRelation": "Promoter", "moneyText": "", "startDate": "2020-01-24", "ownership": "D"}, {"maxAge": 1, "shares": 14062500, "filerUrl": "", "transactionText": "", "filerName": "Noaman (Sameera)", "filerRelation": "Promoter", "moneyText": "", "startDate": "2017-03-31", "ownership": "D"}, {"maxAge": 1, "shares": 4684500, "filerUrl": "", "transactionText": "", "filerName": "Noaman (Zayd)", "filerRelation": "Promoter", "moneyText": "", "startDate": "2017-03-31", "ownership": "D"}, {"maxAge": 1, "shares": 56250000, "filerUrl": "", "transactionText": "", "filerName": "Razack (Ifran)", "filerRelation": "Executive Chairman", "moneyText": "", "startDate": "2017-03-31", "ownership": "D"}, {"maxAge": 1, "shares": 4693500, "filerUrl": "", "transactionText": "", "filerName": "Irfan (Uzma)", "filerRelation": "Additonal Director", "moneyText": "", "startDate": "2017-03-31", "ownership": "D"}, {"maxAge": 1, "shares": 56250000, "filerUrl": "", "transactionText": "", "filerName": "Razack (Noaman)", "filerRelation": "Wholetime Director", "moneyText": "", "startDate": "2017-03-31", "ownership": "D"}, {"maxAge": 1, "shares": 56250000, "filerUrl": "", "transactionText": "", "filerName": "Razack (Rezwan)", "filerRelation": "Director (Executive)", "moneyText": "", "startDate": "2017-03-31", "ownership": "D"}, {"maxAge": 1, "shares": 14062500, "filerUrl": "", "transactionText": "", "filerName": "Irfan (Badrunissa)", "filerRelation": "Promoter", "moneyText": "", "startDate": "2017-03-31", "ownership": "D"}, {"maxAge": 1, "shares": 14062500, "filerUrl": "", "transactionText": "", "filerName": "Rezwan (Almas)", "filerRelation": "Promoter", "moneyText": "", "startDate": "2017-03-31", "ownership": "D"}, {"maxAge": 1, "shares": 4684500, "filerUrl": "", "transactionText": "", "filerName": "Rezwan (Fiaz)", "filerRelation": "Divisional Officer", "moneyText": "", "startDate": "2017-03-31", "ownership": "D"}, {"maxAge": 1, "shares": 14000, "filerUrl": "", "transactionText": "", "filerName": "Narayana (Venkat N)", "filerRelation": "Director (Executive)", "moneyText": "", "startDate": "2012-09-03", "ownership": "D"}], "maxAge": 1}, "sectorTrend": {"maxAge": 1, "symbol": null, "estimates": []}, "incomeStatementHistoryQuarterly": {"incomeStatementHistory": [{"maxAge": 1, "endDate": "2020-12-31", "totalRevenue": 18476000000, "costOfRevenue": 11703000000, "grossProfit": 6773000000, "researchDevelopment": {}, "sellingGeneralAdministrative": 1071000000, "nonRecurring": {}, "otherOperatingExpenses": 1226000000, "totalOperatingExpenses": 15405000000, "operatingIncome": 3071000000, "totalOtherIncomeExpenseNet": -1713000000, "ebit": 3071000000, "interestExpense": -2407000000, "incomeBeforeTax": 1358000000, "incomeTaxExpense": 480000000, "minorityInterest": {}, "netIncomeFromContinuingOps": 878000000, "discontinuedOperations": {}, "extraordinaryItems": {}, "effectOfAccountingCharges": {}, "otherItems": {}, "netIncome": 587000000, "netIncomeApplicableToCommonShares": 587000000}, {"maxAge": 1, "endDate": "2020-09-30", "totalRevenue": 18750000000, "costOfRevenue": 11005000000, "grossProfit": 7745000000, "researchDevelopment": {}, "sellingGeneralAdministrative": 980000000, "nonRecurring": {}, "otherOperatingExpenses": 1414000000, "totalOperatingExpenses": 15062000000, "operatingIncome": 3688000000, "totalOtherIncomeExpenseNet": -2145000000, "ebit": 3688000000, "interestExpense": -2441000000, "incomeBeforeTax": 1543000000, "incomeTaxExpense": 605000000, "minorityInterest": 2183000000, "netIncomeFromContinuingOps": 938000000, "discontinuedOperations": {}, "extraordinaryItems": {}, "effectOfAccountingCharges": {}, "otherItems": {}, "netIncome": 596000000, "netIncomeApplicableToCommonShares": 596000000}, {"maxAge": 1, "endDate": "2020-06-30", "totalRevenue": 12737000000, "costOfRevenue": 6399000000, "grossProfit": 6338000000, "researchDevelopment": {}, "sellingGeneralAdministrative": 926000000, "nonRecurring": {}, "otherOperatingExpenses": 1021000000, "totalOperatingExpenses": 9983000000, "operatingIncome": 2754000000, "totalOtherIncomeExpenseNet": -2255000000, "ebit": 2754000000, "interestExpense": -2469000000, "incomeBeforeTax": 499000000, "incomeTaxExpense": 299000000, "minorityInterest": 2183000000, "netIncomeFromContinuingOps": 200000000, "discontinuedOperations": {}, "extraordinaryItems": {}, "effectOfAccountingCharges": {}, "otherItems": {}, "netIncome": 16000000, "netIncomeApplicableToCommonShares": 16000000}, {"maxAge": 1, "endDate": "2020-03-31", "totalRevenue": 19823000000, "costOfRevenue": 10342000000, "grossProfit": 9481000000, "researchDevelopment": {}, "sellingGeneralAdministrative": 2174000000, "nonRecurring": {}, "otherOperatingExpenses": 2277000000, "totalOperatingExpenses": 16564000000, "operatingIncome": 3259000000, "totalOtherIncomeExpenseNet": -2356000000, "ebit": 3259000000, "interestExpense": -2135000000, "incomeBeforeTax": 903000000, "incomeTaxExpense": 392000000, "minorityInterest": 2284000000, "netIncomeFromContinuingOps": 511000000, "discontinuedOperations": {}, "extraordinaryItems": {}, "effectOfAccountingCharges": {}, "otherItems": {}, "netIncome": 154000000, "netIncomeApplicableToCommonShares": 154000000}], "maxAge": 86400}, "cashflowStatementHistoryQuarterly": {"cashflowStatements": [{"maxAge": 1, "endDate": "2020-12-31", "netIncome": 587000000, "changeToLiabilities": 0}, {"maxAge": 1, "endDate": "2020-09-30", "netIncome": 596000000, "changeToLiabilities": 0}, {"maxAge": 1, "endDate": "2020-06-30", "netIncome": 16000000, "changeToLiabilities": 0}, {"maxAge": 1, "endDate": "2020-03-31", "netIncome": 154000000, "changeToLiabilities": 0}], "maxAge": 86400}, "earnings": {"maxAge": 86400, "earningsChart": {"quarterly": [{"date": "2Q2017", "actual": 2.5, "estimate": 1.51}, {"date": "3Q2017", "actual": 2.16, "estimate": 2.6}, {"date": "4Q2017", "actual": 2.38, "estimate": 2.23}, {"date": "1Q2018", "actual": 2.86, "estimate": 2.2}], "currentQuarterEstimate": 2.49, "currentQuarterEstimateDate": "2Q", "currentQuarterEstimateYear": 2018, "earningsDate": []}, "financialsChart": {"yearly": [{"date": 2017, "revenue": 47745000000, "earnings": 2649000000}, {"date": 2018, "revenue": 54986000000, "earnings": 3713000000}, {"date": 2019, "revenue": 51719000000, "earnings": 4156000000}, {"date": 2020, "revenue": 81248000000, "earnings": 4031000000}], "quarterly": [{"date": "1Q2020", "revenue": 19823000000, "earnings": 154000000}, {"date": "2Q2020", "revenue": 12737000000, "earnings": 16000000}, {"date": "3Q2020", "revenue": 18750000000, "earnings": 596000000}, {"date": "4Q2020", "revenue": 18476000000, "earnings": 587000000}]}, "financialCurrency": "INR"}, "financialData": {"maxAge": 86400, "currentPrice": 271.85, "targetHighPrice": 404.0, "targetLowPrice": 230.0, "targetMeanPrice": 347.47, "targetMedianPrice": 352.0, "recommendationMean": 1.9, "recommendationKey": "buy", "numberOfAnalystOpinions": 17, "totalCash": 6904999936, "totalCashPerShare": 17.174, "ebitda": 17489250304, "totalDebt": 96922001408, "totalRevenue": 69786001408, "debtToEquity": 171.857, "revenuePerShare": 174.956, "grossProfits": 36669000000, "earningsGrowth": -0.661, "revenueGrowth": -0.311, "grossMargins": 0.43471, "ebitdaMargins": 0.25061, "operatingMargins": 0.18302, "profitMargins": 0.01939, "financialCurrency": "INR"}}}