{"PRESSMN.NS": {"assetProfile": {"address1": "Pressman House", "address2": "10A Lee Road", "city": "Kolkata", "zip": "700020", "country": "India", "phone": "91 33 4031 0810", "fax": "91 33 4031 0813", "website": "http://www.pressmanadvertising.in", "industry": "Advertising Agencies", "sector": "Communication Services", "longBusinessSummary": "Pressman Advertising Limited operates as an advertising agency in India. The company offers advertising, design, media planning and buying, market research, and digital and public relations services, as well as sells space for print media and public relations. It serves various sectors, which include banking, insurance, and financial services; construction and real estate, consumer and lifestyle, CSR, education, food and drink, government, cement and engineering, infrastructure and mining, media and entertainment, pharma and healthcare, technology, and trade organization; and hotels, and travel and tourism. The company was incorporated in 1983 and is based in Kolkata, India.", "fullTimeEmployees": 42, "companyOfficers": [{"maxAge": 1, "name": "Mr. B. G. Pasari", "age": 55, "title": "Chief Financial Officer", "yearBorn": 1965, "fiscalYear": 2020, "totalPay": 2275000, "exercisedValue": 0, "unexercisedValue": 0}, {"maxAge": 1, "name": "Ms. Paulami  Mukherjee A.C.S.", "title": "Company Sec. & Compliance Officer", "fiscalYear": 2020, "totalPay": 382448, "exercisedValue": 0, "unexercisedValue": 0}, {"maxAge": 1, "name": "Dr. Niren Chand Suchanti", "age": 71, "title": "Exec. Chairman & MD", "yearBorn": 1949, "fiscalYear": 2016, "exercisedValue": 0, "unexercisedValue": 0}], "compensationAsOfEpochDate": "2020-12-31 05:30:00", "maxAge": 86400}, "recommendationTrend": {"trend": [{"period": "0m", "strongBuy": 0, "buy": 0, "hold": 0, "sell": 0, "strongSell": 0}, {"period": "-1m", "strongBuy": 0, "buy": 1, "hold": 0, "sell": 0, "strongSell": 0}, {"period": "-2m", "strongBuy": 0, "buy": 1, "hold": 0, "sell": 0, "strongSell": 0}, {"period": "-3m", "strongBuy": 0, "buy": 1, "hold": 0, "sell": 0, "strongSell": 0}], "maxAge": 86400}, "cashflowStatementHistory": {"cashflowStatements": [{"maxAge": 1, "endDate": "2020-03-31", "netIncome": 53224000, "depreciation": 36000, "changeToNetincome": -13897000, "changeToAccountReceivables": 19571000, "changeToLiabilities": -21203000, "changeToOperatingActivities": 222000, "totalCashFromOperatingActivities": 37953000, "capitalExpenditures": -27000, "investments": -4138000, "otherCashflowsFromInvestingActivities": 4642000, "totalCashflowsFromInvestingActivities": 477000, "dividendsPaid": -32876000, "otherCashflowsFromFinancingActivities": -6758000, "totalCashFromFinancingActivities": -39634000, "changeInCash": -1204000}, {"maxAge": 1, "endDate": "2019-03-31", "netIncome": 65496000, "depreciation": 118000, "changeToNetincome": -21769000, "changeToAccountReceivables": 5359000, "changeToLiabilities": 4582000, "changeToOperatingActivities": 350000, "totalCashFromOperatingActivities": 54136000, "capitalExpenditures": -27000, "investments": -19122000, "otherCashflowsFromInvestingActivities": 2410000, "totalCashflowsFromInvestingActivities": -16712000, "dividendsPaid": -32875000, "otherCashflowsFromFinancingActivities": -6758000, "totalCashFromFinancingActivities": -39633000, "changeInCash": -2209000}, {"maxAge": 1, "endDate": "2018-03-31", "netIncome": 83203000, "depreciation": 199000, "changeToNetincome": -37636000, "changeToAccountReceivables": -19447000, "changeToLiabilities": 3698000, "changeToOperatingActivities": 619000, "totalCashFromOperatingActivities": 30636000, "capitalExpenditures": -234000, "investments": 7935000, "otherCashflowsFromInvestingActivities": 688000, "totalCashflowsFromInvestingActivities": 8389000, "dividendsPaid": -30528000, "otherCashflowsFromFinancingActivities": -6215000, "totalCashFromFinancingActivities": -36743000, "changeInCash": 2282000}, {"maxAge": 1, "endDate": "2017-03-31", "netIncome": 68660000, "depreciation": 237000, "changeToNetincome": -4670000, "changeToAccountReceivables": -10939000, "changeToLiabilities": 7720000, "changeToOperatingActivities": 349000, "totalCashFromOperatingActivities": 61357000, "capitalExpenditures": -15000, "investments": -68424000, "otherCashflowsFromInvestingActivities": 6133000, "totalCashflowsFromInvestingActivities": -61306000, "dividendsPaid": -30528000, "otherCashflowsFromFinancingActivities": -6215000, "totalCashFromFinancingActivities": -36743000, "changeInCash": 51000}], "maxAge": 86400}, "indexTrend": {"maxAge": 1, "symbol": "SP5", "peRatio": 19.7411, "pegRatio": 1.34172, "estimates": [{"period": "0q", "growth": 0.549}, {"period": "+1q", "growth": 0.431}, {"period": "0y", "growth": 0.305}, {"period": "+1y", "growth": 0.109}, {"period": "+5y", "growth": 0.120865}, {"period": "-5y"}]}, "defaultKeyStatistics": {"maxAge": 1, "priceHint": 2, "enterpriseValue": 274087104, "profitMargins": 0.27957, "floatShares": 10459582, "sharesOutstanding": 23482800, "heldPercentInsiders": 0.56423, "heldPercentInstitutions": 0.0, "beta": 1.224303, "category": null, "bookValue": 17.038, "priceToBook": 1.3645967, "fundFamily": null, "legalType": null, "lastFiscalYearEnd": "2020-03-31 05:30:00", "nextFiscalYearEnd": "2022-03-31 05:30:00", "mostRecentQuarter": "2020-12-31 05:30:00", "earningsQuarterlyGrowth": 0.124, "netIncomeToCommon": 52694000, "trailingEps": 2.246, "forwardEps": 3.65, "lastSplitFactor": null, "enterpriseToRevenue": 1.454, "enterpriseToEbitda": 6.234}, "industryTrend": {"maxAge": 1, "symbol": null, "estimates": []}, "quoteType": {"exchange": "NSI", "quoteType": "EQUITY", "symbol": "PRESSMN.NS", "underlyingSymbol": "PRESSMN.NS", "shortName": "PRESSMAN ADVERTISI", "longName": "Pressman Advertising Limited", "firstTradeDateEpochUtc": "2005-01-05 09:15:00", "timeZoneFullName": "Asia/Kolkata", "timeZoneShortName": "IST", "uuid": "4fe0e8b4-5261-35c0-937c-1d914d35e545", "gmtOffSetMilliseconds": 19800000, "maxAge": 1}, "incomeStatementHistory": {"incomeStatementHistory": [{"maxAge": 1, "endDate": "2020-03-31", "totalRevenue": 326852000, "costOfRevenue": 256532000, "grossProfit": 70320000, "researchDevelopment": {}, "sellingGeneralAdministrative": 4602000, "nonRecurring": {}, "otherOperatingExpenses": 11684000, "totalOperatingExpenses": 272854000, "operatingIncome": 53998000, "totalOtherIncomeExpenseNet": 15789000, "ebit": 53998000, "interestExpense": {}, "incomeBeforeTax": 69787000, "incomeTaxExpense": 16563000, "minorityInterest": {}, "netIncomeFromContinuingOps": 53224000, "discontinuedOperations": {}, "extraordinaryItems": {}, "effectOfAccountingCharges": {}, "otherItems": {}, "netIncome": 53224000, "netIncomeApplicableToCommonShares": 53224000}, {"maxAge": 1, "endDate": "2019-03-31", "totalRevenue": 420331000, "costOfRevenue": 337277000, "grossProfit": 83054000, "researchDevelopment": {}, "sellingGeneralAdministrative": 4967000, "nonRecurring": {}, "otherOperatingExpenses": 13085000, "totalOperatingExpenses": 355447000, "operatingIncome": 64884000, "totalOtherIncomeExpenseNet": 41112000, "ebit": 64884000, "interestExpense": {}, "incomeBeforeTax": 84996000, "incomeTaxExpense": 19500000, "minorityInterest": {}, "netIncomeFromContinuingOps": 65496000, "discontinuedOperations": {}, "extraordinaryItems": {}, "effectOfAccountingCharges": {}, "otherItems": {}, "netIncome": 65496000, "netIncomeApplicableToCommonShares": 65496000}, {"maxAge": 1, "endDate": "2018-03-31", "totalRevenue": 460983000, "costOfRevenue": 364590000, "grossProfit": 96393000, "researchDevelopment": {}, "sellingGeneralAdministrative": 5788000, "nonRecurring": {}, "otherOperatingExpenses": 12714000, "totalOperatingExpenses": 383291000, "operatingIncome": 77692000, "totalOtherIncomeExpenseNet": 32877000, "ebit": 77692000, "interestExpense": {}, "incomeBeforeTax": 110569000, "incomeTaxExpense": 27366000, "minorityInterest": {}, "netIncomeFromContinuingOps": 83203000, "discontinuedOperations": {}, "extraordinaryItems": {}, "effectOfAccountingCharges": {}, "otherItems": {}, "netIncome": 83203000, "netIncomeApplicableToCommonShares": 83203000}, {"maxAge": 1, "endDate": "2017-03-31", "totalRevenue": 501220000, "costOfRevenue": 394516000, "grossProfit": 106704000, "researchDevelopment": {}, "sellingGeneralAdministrative": 5652000, "nonRecurring": {}, "otherOperatingExpenses": 16003000, "totalOperatingExpenses": 416408000, "operatingIncome": 84812000, "totalOtherIncomeExpenseNet": 16029000, "ebit": 84812000, "interestExpense": {}, "incomeBeforeTax": 100841000, "incomeTaxExpense": 32181000, "minorityInterest": {}, "netIncomeFromContinuingOps": 68660000, "discontinuedOperations": {}, "extraordinaryItems": {}, "effectOfAccountingCharges": {}, "otherItems": {}, "netIncome": 68660000, "netIncomeApplicableToCommonShares": 68660000}], "maxAge": 86400}, "fundOwnership": {"ownershipList": [], "maxAge": 1}, "summaryDetail": {"maxAge": 1, "priceHint": 2, "previousClose": 22.65, "open": 22.8, "dayLow": 22.0, "dayHigh": 24.9, "regularMarketPreviousClose": 22.65, "regularMarketOpen": 22.8, "regularMarketDayLow": 22.0, "regularMarketDayHigh": 24.9, "dividendRate": 1.0, "dividendYield": 0.0437, "exDividendDate": "2020-08-18 05:30:00", "payoutRatio": 0.44439998, "beta": 1.224303, "trailingPE": 10.351736, "forwardPE": 6.369863, "volume": 154003, "regularMarketVolume": 154003, "averageVolume": 52365, "averageVolume10days": 89352, "averageDailyVolume10Day": 89352, "bid": 0.0, "ask": 0.0, "bidSize": 0, "askSize": 0, "marketCap": 545975104, "fiftyTwoWeekLow": 13.2, "fiftyTwoWeekHigh": 29.4, "priceToSalesTrailing12Months": 2.8967118, "fiftyDayAverage": 23.507353, "twoHundredDayAverage": 21.311703, "trailingAnnualDividendRate": 1.0, "trailingAnnualDividendYield": 0.04415011, "currency": "INR", "fromCurrency": null, "lastMarket": null, "algorithm": null, "tradeable": false}, "insiderHolders": {"holders": [{"maxAge": 1, "name": "Pressman Properties Ltd", "relation": "Promoter", "url": "", "transactionDescription": "Other", "latestTransDate": "2017-09-01", "positionDirect": 0, "positionDirectDate": "2017-09-01"}, {"maxAge": 1, "name": "Pressman Realty, Ltd", "relation": "Promoter", "url": "", "transactionDescription": "Sale", "latestTransDate": "2020-12-24", "positionDirect": 39427, "positionDirectDate": "2020-12-24"}, {"maxAge": 1, "name": "Prima Communications Ltd", "relation": "Promoter", "url": "", "transactionDescription": "Sale", "latestTransDate": "2015-01-28", "positionDirect": 0, "positionDirectDate": "2015-01-28"}, {"maxAge": 1, "name": "Suchanti (Navin)", "relation": "Promoter", "url": "", "transactionDescription": "Acquisition", "latestTransDate": "2020-12-17", "positionDirect": 795354, "positionDirectDate": "2020-12-17"}, {"maxAge": 1, "name": "Suchanti (Niren Chand)", "relation": "Managing Director", "url": "", "transactionDescription": "Acquisition", "latestTransDate": "2020-12-24", "positionDirect": 5241154, "positionDirectDate": "2020-12-24"}, {"maxAge": 1, "name": "Suchanti (Pramina)", "relation": "Promoter", "url": "", "transactionDescription": "Acquisition", "latestTransDate": "2020-12-24", "positionDirect": 550000, "positionDirectDate": "2020-12-24"}, {"maxAge": 1, "name": "Suchanti (Sujata)", "relation": "Promoter", "url": "", "transactionDescription": "Acquisition", "latestTransDate": "2020-12-22", "positionDirect": 800000, "positionDirectDate": "2020-12-22"}, {"maxAge": 1, "name": "Warren Tea Ltd", "relation": "Institution- Corporation", "url": "", "transactionDescription": "Sale", "latestTransDate": "2015-04-10", "positionDirect": 1417047, "positionDirectDate": "2015-04-10"}], "maxAge": 1}, "calendarEvents": {"maxAge": 1, "earnings": {"earningsDate": ["2019-08-13 05:30:S", "2019-08-17 05:30:S"]}, "exDividendDate": "2020-08-18 05:30:00"}, "upgradeDowngradeHistory": {"history": [], "maxAge": 86400}, "price": {"maxAge": 1, "regularMarketChangePercent": 0.026490083, "regularMarketChange": 0.6000004, "regularMarketTime": "2021-04-30 15:30:01", "priceHint": 2, "regularMarketPrice": 23.25, "regularMarketDayHigh": 24.9, "regularMarketDayLow": 22.0, "regularMarketVolume": 154003, "averageDailyVolume10Day": 89352, "averageDailyVolume3Month": 52365, "regularMarketPreviousClose": 22.65, "regularMarketSource": "FREE_REALTIME", "regularMarketOpen": 22.8, "exchange": "NSI", "exchangeName": "NSE", "exchangeDataDelayedBy": 15, "marketState": "CLOSED", "quoteType": "EQUITY", "symbol": "PRESSMN.NS", "underlyingSymbol": null, "shortName": "PRESSMAN ADVERTISI", "longName": "Pressman Advertising Limited", "currency": "INR", "quoteSourceName": "Delayed Quote", "currencySymbol": "\u20b9", "fromCurrency": null, "lastMarket": null, "marketCap": 545975104}, "balanceSheetHistory": {"balanceSheetStatements": [{"maxAge": 1, "endDate": "2020-03-31", "cash": 2518000, "netReceivables": 77254000, "otherCurrentAssets": 28037000, "totalCurrentAssets": 364345000, "longTermInvestments": 67312000, "propertyPlantEquipment": 448000, "otherAssets": 5574000, "deferredLongTermAssetCharges": 595000, "totalAssets": 437679000, "accountsPayable": 25573000, "otherCurrentLiab": 15053000, "totalCurrentLiabilities": 43192000, "totalLiab": 43192000, "commonStock": 46966000, "retainedEarnings": 343306000, "treasuryStock": 4215000, "otherStockholderEquity": 4215000, "totalStockholderEquity": 394487000, "netTangibleAssets": 394487000}, {"maxAge": 1, "endDate": "2019-03-31", "cash": 3722000, "shortTermInvestments": 286273000, "netReceivables": 96825000, "otherCurrentAssets": 27204000, "totalCurrentAssets": 414077000, "longTermInvestments": 21664000, "propertyPlantEquipment": 538000, "otherAssets": 6709000, "deferredLongTermAssetCharges": 1579000, "totalAssets": 442988000, "accountsPayable": 46776000, "otherCurrentLiab": 12355000, "totalCurrentLiabilities": 62017000, "totalLiab": 62017000, "commonStock": 46966000, "retainedEarnings": 329790000, "treasuryStock": 4215000, "otherStockholderEquity": 4215000, "totalStockholderEquity": 380971000, "netTangibleAssets": 380971000}, {"maxAge": 1, "endDate": "2018-03-31", "cash": 5931000, "shortTermInvestments": 134732000, "netReceivables": 102516000, "otherCurrentAssets": 20806000, "totalCurrentAssets": 400802000, "longTermInvestments": 693000, "propertyPlantEquipment": 1544000, "otherAssets": 7114000, "deferredLongTermAssetCharges": 777000, "totalAssets": 410153000, "accountsPayable": 42194000, "otherCurrentLiab": 9405000, "totalCurrentLiabilities": 54898000, "totalLiab": 54898000, "commonStock": 46966000, "retainedEarnings": 304074000, "treasuryStock": 4215000, "otherStockholderEquity": 4215000, "totalStockholderEquity": 355255000, "netTangibleAssets": 355255000}, {"maxAge": 1, "endDate": "2017-03-31", "cash": 3649000, "shortTermInvestments": 84849000, "netReceivables": 82966000, "otherCurrentAssets": 29175000, "totalCurrentAssets": 200789000, "longTermInvestments": 164600000, "propertyPlantEquipment": 1509000, "otherAssets": 6628000, "deferredLongTermAssetCharges": 879000, "totalAssets": 373526000, "accountsPayable": 38496000, "otherCurrentLiab": 6901000, "totalCurrentLiabilities": 48180000, "totalLiab": 48180000, "commonStock": 46966000, "retainedEarnings": 274165000, "treasuryStock": 4215000, "otherStockholderEquity": 4215000, "totalStockholderEquity": 325346000, "netTangibleAssets": 325346000}], "maxAge": 86400}, "earningsTrend": {"trend": [{"maxAge": 1, "period": "0q", "endDate": "2017-06-30", "growth": {}, "earningsEstimate": {"avg": 0.0, "low": 0.0, "high": 0.0, "yearAgoEps": {}, "numberOfAnalysts": 0, "growth": {}}, "revenueEstimate": {"avg": 0, "low": 0, "high": 0, "numberOfAnalysts": 0, "yearAgoRevenue": {}, "growth": {}}, "epsTrend": {"current": 0.0, "7daysAgo": 0.0, "30daysAgo": 0.0, "60daysAgo": 0.0, "90daysAgo": 0.0}, "epsRevisions": {"upLast7days": 0, "upLast30days": 0, "downLast30days": 0, "downLast90days": {}}}, {"maxAge": 1, "period": "+1q", "endDate": "2017-09-30", "growth": {}, "earningsEstimate": {"avg": 0.0, "low": 0.0, "high": 0.0, "yearAgoEps": {}, "numberOfAnalysts": 0, "growth": {}}, "revenueEstimate": {"avg": 0, "low": 0, "high": 0, "numberOfAnalysts": 0, "yearAgoRevenue": {}, "growth": {}}, "epsTrend": {"current": 0.0, "7daysAgo": 0.0, "30daysAgo": 0.0, "60daysAgo": 0.0, "90daysAgo": 0.0}, "epsRevisions": {"upLast7days": 0, "upLast30days": 0, "downLast30days": 0, "downLast90days": {}}}, {"maxAge": 1, "period": "0y", "endDate": "2018-03-31", "growth": {}, "earningsEstimate": {"avg": 0.0, "low": 0.0, "high": 0.0, "yearAgoEps": {}, "numberOfAnalysts": 0, "growth": {}}, "revenueEstimate": {"avg": 672450000, "low": 672450000, "high": 672450000, "numberOfAnalysts": 1, "yearAgoRevenue": 501220000, "growth": 0.342}, "epsTrend": {"current": 0.0, "7daysAgo": 5.01, "30daysAgo": 5.01, "60daysAgo": 5.01, "90daysAgo": 5.01}, "epsRevisions": {"upLast7days": 0, "upLast30days": 0, "downLast30days": 0, "downLast90days": {}}}, {"maxAge": 1, "period": "+1y", "endDate": "2019-03-31", "growth": {}, "earningsEstimate": {"avg": 0.0, "low": 0.0, "high": 0.0, "yearAgoEps": {}, "numberOfAnalysts": 0, "growth": {}}, "revenueEstimate": {"avg": 614220000, "low": 614220000, "high": 614220000, "numberOfAnalysts": 1, "yearAgoRevenue": 672450000, "growth": -0.087}, "epsTrend": {"current": 0.0, "7daysAgo": 3.65, "30daysAgo": 3.65, "60daysAgo": 3.65, "90daysAgo": 3.65}, "epsRevisions": {"upLast7days": 0, "upLast30days": 0, "downLast30days": 0, "downLast90days": {}}}, {"maxAge": 1, "period": "+5y", "endDate": null, "growth": {}, "earningsEstimate": {"avg": {}, "low": {}, "high": {}, "yearAgoEps": {}, "numberOfAnalysts": {}, "growth": {}}, "revenueEstimate": {"avg": {}, "low": {}, "high": {}, "numberOfAnalysts": {}, "yearAgoRevenue": {}, "growth": {}}, "epsTrend": {"current": {}, "7daysAgo": {}, "30daysAgo": {}, "60daysAgo": {}, "90daysAgo": {}}, "epsRevisions": {"upLast7days": {}, "upLast30days": {}, "downLast30days": {}, "downLast90days": {}}}, {"maxAge": 1, "period": "-5y", "endDate": null, "growth": {}, "earningsEstimate": {"avg": {}, "low": {}, "high": {}, "yearAgoEps": {}, "numberOfAnalysts": {}, "growth": {}}, "revenueEstimate": {"avg": {}, "low": {}, "high": {}, "numberOfAnalysts": {}, "yearAgoRevenue": {}, "growth": {}}, "epsTrend": {"current": {}, "7daysAgo": {}, "30daysAgo": {}, "60daysAgo": {}, "90daysAgo": {}}, "epsRevisions": {"upLast7days": {}, "upLast30days": {}, "downLast30days": {}, "downLast90days": {}}}], "maxAge": 1}, "institutionOwnership": {"ownershipList": [], "maxAge": 1}, "majorHoldersBreakdown": {"maxAge": 1, "insidersPercentHeld": 0.56423, "institutionsPercentHeld": 0.0, "institutionsFloatPercentHeld": 0.0, "institutionsCount": 0}, "balanceSheetHistoryQuarterly": {"balanceSheetStatements": [{"maxAge": 1, "endDate": "2020-12-31", "totalStockholderEquity": 401103000, "netTangibleAssets": 401103000}, {"maxAge": 1, "endDate": "2020-09-30", "cash": 19530000, "shortTermInvestments": 240011000, "netReceivables": 57002000, "otherCurrentAssets": 5676000, "totalCurrentAssets": 322219000, "longTermInvestments": 114136000, "propertyPlantEquipment": 519000, "totalAssets": 436874000, "accountsPayable": 16155000, "otherCurrentLiab": 16886000, "otherLiab": 2430000, "totalCurrentLiabilities": 33341000, "totalLiab": 35771000, "commonStock": 46966000, "treasuryStock": 354137000, "otherStockholderEquity": 354137000, "totalStockholderEquity": 401103000, "netTangibleAssets": 401103000}, {"maxAge": 1, "endDate": "2020-06-30", "totalStockholderEquity": 394487000, "netTangibleAssets": 394487000}, {"maxAge": 1, "endDate": "2020-03-31", "cash": 2518000, "netReceivables": 77254000, "otherCurrentAssets": 28037000, "totalCurrentAssets": 364345000, "longTermInvestments": 67312000, "propertyPlantEquipment": 448000, "otherAssets": 5574000, "deferredLongTermAssetCharges": 595000, "totalAssets": 437679000, "accountsPayable": 25573000, "otherCurrentLiab": 15053000, "totalCurrentLiabilities": 43192000, "totalLiab": 43192000, "commonStock": 46966000, "retainedEarnings": 343306000, "treasuryStock": 4215000, "otherStockholderEquity": 4215000, "totalStockholderEquity": 394487000, "netTangibleAssets": 394487000}], "maxAge": 86400}, "earningsHistory": {"history": [{"maxAge": 1, "epsActual": {}, "epsEstimate": {}, "epsDifference": {}, "surprisePercent": {}, "quarter": {}, "period": "-4q"}, {"maxAge": 1, "epsActual": {}, "epsEstimate": {}, "epsDifference": {}, "surprisePercent": {}, "quarter": {}, "period": "-3q"}, {"maxAge": 1, "epsActual": {}, "epsEstimate": {}, "epsDifference": {}, "surprisePercent": {}, "quarter": {}, "period": "-2q"}, {"maxAge": 1, "epsActual": 0.15, "epsEstimate": 1.31, "epsDifference": -1.16, "surprisePercent": -0.885, "quarter": "2017-03-31", "period": "-1q"}], "maxAge": 86400}, "summaryProfile": {"address1": "Pressman House", "address2": "10A Lee Road", "city": "Kolkata", "zip": "700020", "country": "India", "phone": "91 33 4031 0810", "fax": "91 33 4031 0813", "website": "http://www.pressmanadvertising.in", "industry": "Advertising Agencies", "sector": "Communication Services", "longBusinessSummary": "Pressman Advertising Limited operates as an advertising agency in India. The company offers advertising, design, media planning and buying, market research, and digital and public relations services, as well as sells space for print media and public relations. It serves various sectors, which include banking, insurance, and financial services; construction and real estate, consumer and lifestyle, CSR, education, food and drink, government, cement and engineering, infrastructure and mining, media and entertainment, pharma and healthcare, technology, and trade organization; and hotels, and travel and tourism. The company was incorporated in 1983 and is based in Kolkata, India.", "fullTimeEmployees": 42, "companyOfficers": [], "maxAge": 86400}, "netSharePurchaseActivity": {"maxAge": 1, "period": "6m", "buyInfoCount": 0, "buyInfoShares": 0, "sellInfoCount": 0, "netInfoCount": 0, "netInfoShares": 0, "netPercentInsiderShares": 0.0, "totalInsiderShares": 13293113}, "insiderTransactions": {"transactions": [{"maxAge": 1, "shares": 4699441, "value": 1519329, "filerUrl": "", "transactionText": "Acquisition at price 0.32 per share.", "filerName": "Suchanti (Niren Chand)", "filerRelation": "Managing Director", "moneyText": "", "startDate": "2020-12-24", "ownership": "D"}, {"maxAge": 1, "shares": 791154, "filerUrl": "", "transactionText": "", "filerName": "Suchanti (Niren Chand)", "filerRelation": "Managing Director", "moneyText": "", "startDate": "2020-12-24", "ownership": "D"}, {"maxAge": 1, "shares": 550000, "value": 171545, "filerUrl": "", "transactionText": "Acquisition at price 0.31 per share.", "filerName": "Suchanti (Pramina)", "filerRelation": "Promoter", "moneyText": "", "startDate": "2020-12-24", "ownership": "D"}, {"maxAge": 1, "shares": 4458287, "value": 1343727, "filerUrl": "", "transactionText": "Sale at price 0.30 per share.", "filerName": "Pressman Realty, Ltd", "filerRelation": "Promoter", "moneyText": "", "startDate": "2020-12-24", "ownership": "D"}, {"maxAge": 1, "shares": 800000, "value": 217680, "filerUrl": "", "transactionText": "Sale at price 0.27 per share.", "filerName": "Pressman Realty, Ltd", "filerRelation": "Promoter", "moneyText": "", "startDate": "2020-12-22", "ownership": "D"}, {"maxAge": 1, "shares": 800000, "value": 218480, "filerUrl": "", "transactionText": "Acquisition at price 0.27 per share.", "filerName": "Suchanti (Sujata)", "filerRelation": "Promoter", "moneyText": "", "startDate": "2020-12-22", "ownership": "D"}, {"maxAge": 1, "shares": 795354, "value": 274397, "filerUrl": "", "transactionText": "Sale at price 0.34 per share.", "filerName": "Suchanti (Sujata)", "filerRelation": "Promoter", "moneyText": "", "startDate": "2020-12-17", "ownership": "D"}, {"maxAge": 1, "shares": 795354, "value": 275272, "filerUrl": "", "transactionText": "Acquisition at price 0.35 per share.", "filerName": "Suchanti (Navin)", "filerRelation": "Promoter", "moneyText": "", "startDate": "2020-12-17", "ownership": "D"}, {"maxAge": 1, "shares": 541713, "value": 173889, "filerUrl": "", "transactionText": "Acquisition at price 0.32 per share.", "filerName": "Suchanti (Niren Chand)", "filerRelation": "Managing Director", "moneyText": "", "startDate": "2020-12-14", "ownership": "D"}, {"maxAge": 1, "shares": 4445800, "filerUrl": "", "transactionText": "", "filerName": "Suchanti (Navin)", "filerRelation": "Director (Non-Executive)", "moneyText": "", "startDate": "2020-12-14", "ownership": "D"}, {"maxAge": 1, "shares": 541713, "value": 173293, "filerUrl": "", "transactionText": "Sale at price 0.32 per share.", "filerName": "Suchanti (Pramina)", "filerRelation": "Promoter", "moneyText": "", "startDate": "2020-12-14", "ownership": "D"}, {"maxAge": 1, "shares": 5297714, "filerUrl": "", "transactionText": "", "filerName": "Suchanti (Niren Chand)", "filerRelation": "Managing Director", "moneyText": "", "startDate": "2020-12-09", "ownership": "D"}, {"maxAge": 1, "shares": 5258287, "filerUrl": "", "transactionText": "", "filerName": "Pressman Realty, Ltd", "filerRelation": "Promoter", "moneyText": "", "startDate": "2020-12-09", "ownership": "D"}, {"maxAge": 1, "shares": 248662, "filerUrl": "", "transactionText": "", "filerName": "Suchanti (Sujata)", "filerRelation": "Promoter", "moneyText": "", "startDate": "2020-12-08", "ownership": "D"}, {"maxAge": 1, "shares": 235729, "filerUrl": "", "transactionText": "", "filerName": "Suchanti (Pramina)", "filerRelation": "Promoter", "moneyText": "", "startDate": "2020-12-08", "ownership": "D"}, {"maxAge": 1, "shares": 4200, "filerUrl": "", "transactionText": "", "filerName": "Suchanti (Navin)", "filerRelation": "Promoter", "moneyText": "", "startDate": "2020-12-08", "ownership": "D"}, {"maxAge": 1, "shares": 39427, "filerUrl": "", "transactionText": "", "filerName": "Pressman Realty, Ltd", "filerRelation": "Promoter", "moneyText": "", "startDate": "2020-12-08", "ownership": "D"}, {"maxAge": 1, "shares": 2541262, "filerUrl": "", "transactionText": "", "filerName": "Suchanti (Niren Chand)", "filerRelation": "Promoter", "moneyText": "", "startDate": "2020-12-08", "ownership": "D"}, {"maxAge": 1, "shares": 661844, "filerUrl": "", "transactionText": "", "filerName": "Pressman Realty, Ltd", "filerRelation": "Promoter", "moneyText": "", "startDate": "2017-09-01", "ownership": "D"}, {"maxAge": 1, "shares": 914901, "filerUrl": "", "transactionText": "", "filerName": "Pressman Properties Ltd", "filerRelation": "Promoter", "moneyText": "", "startDate": "2017-09-01", "ownership": "D"}, {"maxAge": 1, "shares": 1760602, "filerUrl": "", "transactionText": "", "filerName": "Suchanti (Navin)", "filerRelation": "Director (Non-Executive)", "moneyText": "", "startDate": "2017-03-30", "ownership": "D"}, {"maxAge": 1, "shares": 580000, "filerUrl": "", "transactionText": "", "filerName": "Suchanti (Sujata)", "filerRelation": "Director (Non-Executive)", "moneyText": "", "startDate": "2017-02-14", "ownership": "D"}, {"maxAge": 1, "shares": 580000, "filerUrl": "", "transactionText": "", "filerName": "Suchanti (Pramina)", "filerRelation": "Promoter", "moneyText": "", "startDate": "2017-02-14", "ownership": "D"}, {"maxAge": 1, "shares": 575000, "filerUrl": "", "transactionText": "", "filerName": "Suchanti (Pramina)", "filerRelation": "Promoter", "moneyText": "", "startDate": "2016-08-03", "ownership": "D"}, {"maxAge": 1, "shares": 575000, "filerUrl": "", "transactionText": "", "filerName": "Suchanti (Sujata)", "filerRelation": "Promoter", "moneyText": "", "startDate": "2016-08-03", "ownership": "D"}, {"maxAge": 1, "shares": 525653, "filerUrl": "", "transactionText": "", "filerName": "Warren Tea Ltd", "filerRelation": "Institution- Corporation", "moneyText": "", "startDate": "2015-04-10", "ownership": "D"}, {"maxAge": 1, "shares": 200, "filerUrl": "", "transactionText": "", "filerName": "Warren Tea Ltd", "filerRelation": "Institution- Corporation", "moneyText": "", "startDate": "2015-04-09", "ownership": "D"}, {"maxAge": 1, "shares": 57100, "filerUrl": "", "transactionText": "", "filerName": "Warren Tea Ltd", "filerRelation": "Institution- Corporation", "moneyText": "", "startDate": "2015-04-08", "ownership": "D"}, {"maxAge": 1, "shares": 1000000, "filerUrl": "", "transactionText": "", "filerName": "Suchanti (Sujata)", "filerRelation": "Promoter", "moneyText": "", "startDate": "2015-02-04", "ownership": "D"}, {"maxAge": 1, "shares": 2000000, "filerUrl": "", "transactionText": "", "filerName": "Warren Tea Ltd", "filerRelation": "Institution- Corporation", "moneyText": "", "startDate": "2015-02-04", "ownership": "D"}, {"maxAge": 1, "shares": 1000000, "filerUrl": "", "transactionText": "", "filerName": "Suchanti (Pramina)", "filerRelation": "Promoter", "moneyText": "", "startDate": "2015-02-04", "ownership": "D"}, {"maxAge": 1, "shares": 290377, "filerUrl": "", "transactionText": "", "filerName": "Prima Communications Ltd", "filerRelation": "Promoter", "moneyText": "", "startDate": "2015-01-28", "ownership": "D"}, {"maxAge": 1, "shares": 140377, "filerUrl": "", "transactionText": "", "filerName": "Suchanti (Pramina)", "filerRelation": "Promoter", "moneyText": "", "startDate": "2015-01-28", "ownership": "D"}, {"maxAge": 1, "shares": 150000, "filerUrl": "", "transactionText": "", "filerName": "Suchanti (Sujata)", "filerRelation": "Promoter", "moneyText": "", "startDate": "2015-01-28", "ownership": "D"}, {"maxAge": 1, "shares": 2625000, "filerUrl": "", "transactionText": "", "filerName": "Suchanti (Niren Chand)", "filerRelation": "Promoter", "moneyText": "", "startDate": "2012-03-29", "ownership": "D"}, {"maxAge": 1, "shares": 5250000, "filerUrl": "", "transactionText": "", "filerName": "Pressman Realty, Ltd", "filerRelation": "Promoter", "moneyText": "", "startDate": "2012-03-29", "ownership": "D"}, {"maxAge": 1, "shares": 2625000, "filerUrl": "", "transactionText": "", "filerName": "Suchanti (Navin)", "filerRelation": "Promoter", "moneyText": "", "startDate": "2012-03-29", "ownership": "D"}], "maxAge": 1}, "sectorTrend": {"maxAge": 1, "symbol": null, "estimates": []}, "incomeStatementHistoryQuarterly": {"incomeStatementHistory": [{"maxAge": 1, "endDate": "2020-12-31", "totalRevenue": 45524000, "costOfRevenue": 28952000, "grossProfit": 16572000, "researchDevelopment": {}, "sellingGeneralAdministrative": {}, "nonRecurring": {}, "otherOperatingExpenses": 2204000, "totalOperatingExpenses": 31166000, "operatingIncome": 14358000, "totalOtherIncomeExpenseNet": 8758000, "ebit": 14358000, "interestExpense": {}, "incomeBeforeTax": 23116000, "incomeTaxExpense": 4975000, "minorityInterest": {}, "netIncomeFromContinuingOps": 18141000, "discontinuedOperations": {}, "extraordinaryItems": {}, "effectOfAccountingCharges": {}, "otherItems": {}, "netIncome": 18141000, "netIncomeApplicableToCommonShares": 18141000}, {"maxAge": 1, "endDate": "2020-09-30", "totalRevenue": 40521000, "costOfRevenue": 27939000, "grossProfit": 12582000, "researchDevelopment": {}, "sellingGeneralAdministrative": {}, "nonRecurring": {}, "otherOperatingExpenses": 1909000, "totalOperatingExpenses": 29860000, "operatingIncome": 10661000, "totalOtherIncomeExpenseNet": 8018000, "ebit": 10661000, "interestExpense": {}, "incomeBeforeTax": 18679000, "incomeTaxExpense": 5025000, "minorityInterest": {}, "netIncomeFromContinuingOps": 13654000, "discontinuedOperations": {}, "extraordinaryItems": {}, "effectOfAccountingCharges": {}, "otherItems": {}, "netIncome": 13654000, "netIncomeApplicableToCommonShares": 13654000}, {"maxAge": 1, "endDate": "2020-06-30", "totalRevenue": 21389000, "costOfRevenue": 13408000, "grossProfit": 7981000, "researchDevelopment": {}, "sellingGeneralAdministrative": {}, "nonRecurring": {}, "otherOperatingExpenses": 1426000, "totalOperatingExpenses": 14842000, "operatingIncome": 6547000, "totalOtherIncomeExpenseNet": 13974000, "ebit": 6547000, "interestExpense": {}, "incomeBeforeTax": 20521000, "incomeTaxExpense": 4000000, "minorityInterest": {}, "netIncomeFromContinuingOps": 16521000, "discontinuedOperations": {}, "extraordinaryItems": {}, "effectOfAccountingCharges": {}, "otherItems": {}, "netIncome": 16521000, "netIncomeApplicableToCommonShares": 16521000}, {"maxAge": 1, "endDate": "2020-03-31", "totalRevenue": 81047000, "costOfRevenue": 63288000, "grossProfit": 17759000, "researchDevelopment": {}, "sellingGeneralAdministrative": 4602000, "nonRecurring": {}, "otherOperatingExpenses": 767000, "totalOperatingExpenses": 68621000, "operatingIncome": 12426000, "totalOtherIncomeExpenseNet": -5685000, "ebit": 12426000, "interestExpense": {}, "incomeBeforeTax": 6741000, "incomeTaxExpense": 2363000, "minorityInterest": {}, "netIncomeFromContinuingOps": 4378000, "discontinuedOperations": {}, "extraordinaryItems": {}, "effectOfAccountingCharges": {}, "otherItems": {}, "netIncome": 4378000, "netIncomeApplicableToCommonShares": 4378000}], "maxAge": 86400}, "cashflowStatementHistoryQuarterly": {"cashflowStatements": [{"maxAge": 1, "endDate": "2020-12-31", "netIncome": 18141000, "changeToLiabilities": 0}, {"maxAge": 1, "endDate": "2020-09-30", "netIncome": 13654000, "changeToLiabilities": 0}, {"maxAge": 1, "endDate": "2020-06-30", "netIncome": 16521000, "changeToLiabilities": 0}, {"maxAge": 1, "endDate": "2020-03-31", "netIncome": 4378000, "changeToLiabilities": 0}], "maxAge": 86400}, "earnings": {"maxAge": 86400, "earningsChart": {"quarterly": [{"date": "1Q2017", "actual": 0.15, "estimate": 1.31}], "currentQuarterEstimateDate": "2Q", "currentQuarterEstimateYear": 2017, "earningsDate": ["2019-08-13 05:30:S", "2019-08-17 05:30:S"]}, "financialsChart": {"yearly": [{"date": 2017, "revenue": 501220000, "earnings": 68660000}, {"date": 2018, "revenue": 460983000, "earnings": 83203000}, {"date": 2019, "revenue": 420331000, "earnings": 65496000}, {"date": 2020, "revenue": 326852000, "earnings": 53224000}], "quarterly": [{"date": "1Q2020", "revenue": 81047000, "earnings": 4378000}, {"date": "2Q2020", "revenue": 21389000, "earnings": 16521000}, {"date": "3Q2020", "revenue": 40521000, "earnings": 13654000}, {"date": "4Q2020", "revenue": 45524000, "earnings": 18141000}]}, "financialCurrency": "INR"}, "financialData": {"maxAge": 86400, "currentPrice": 23.25, "recommendationMean": 2.0, "recommendationKey": "buy", "totalCash": 259540992, "totalCashPerShare": 11.016, "ebitda": 43966500, "totalDebt": 0, "totalRevenue": 188480992, "revenuePerShare": 8.034, "grossProfits": 70320000, "earningsGrowth": 0.116, "revenueGrowth": -0.386, "grossMargins": 0.29124, "ebitdaMargins": 0.23326999, "operatingMargins": 0.2334, "profitMargins": 0.27957, "financialCurrency": "INR"}}}