{"PRESTIGE.BO": {"recommendationTrend": {"trend": [{"period": "0m", "strongBuy": 0, "buy": 0, "hold": 0, "sell": 0, "strongSell": 0}, {"period": "-1m", "strongBuy": 0, "buy": 0, "hold": 0, "sell": 0, "strongSell": 0}, {"period": "-2m", "strongBuy": 0, "buy": 0, "hold": 0, "sell": 0, "strongSell": 0}, {"period": "-3m", "strongBuy": 0, "buy": 0, "hold": 0, "sell": 0, "strongSell": 0}], "maxAge": 86400}, "cashflowStatementHistory": {"cashflowStatements": [{"maxAge": 1, "endDate": "2020-03-31", "netIncome": 4031000000, "depreciation": 6607000000, "changeToNetincome": 10132000000, "changeToAccountReceivables": 1842000000, "changeToLiabilities": -346000000, "changeToInventory": 18197000000, "changeToOperatingActivities": -18260000000, "totalCashFromOperatingActivities": 22263000000, "capitalExpenditures": -15451000000, "investments": -360000000, "otherCashflowsFromInvestingActivities": -1145000000, "totalCashflowsFromInvestingActivities": -23496000000, "dividendsPaid": -1164000000, "netBorrowings": 5622000000, "otherCashflowsFromFinancingActivities": -10877000000, "totalCashFromFinancingActivities": 2520000000, "changeInCash": 1327000000, "issuanceOfStock": 8939000000}, {"maxAge": 1, "endDate": "2019-03-31", "netIncome": 4156000000, "depreciation": 3186000000, "changeToNetincome": 5040000000, "changeToAccountReceivables": -6685000000, "changeToLiabilities": -1401000000, "changeToInventory": -15073000000, "changeToOperatingActivities": 18355000000, "totalCashFromOperatingActivities": 7621000000, "capitalExpenditures": -7652000000, "investments": 3889000000, "otherCashflowsFromInvestingActivities": -319000000, "totalCashflowsFromInvestingActivities": -6276000000, "dividendsPaid": -450000000, "netBorrowings": 8930000000, "otherCashflowsFromFinancingActivities": -7610000000, "totalCashFromFinancingActivities": 870000000, "changeInCash": 2998000000, "issuanceOfStock": 8939000000}, {"maxAge": 1, "endDate": "2018-03-31", "netIncome": 3713000000, "depreciation": 1516000000, "changeToNetincome": 4792000000, "changeToAccountReceivables": 412000000, "changeToLiabilities": 4312000000, "changeToInventory": 2754000000, "changeToOperatingActivities": -6814000000, "totalCashFromOperatingActivities": 10716000000, "capitalExpenditures": -5853000000, "investments": -3968000000, "otherCashflowsFromInvestingActivities": -1840000000, "totalCashflowsFromInvestingActivities": -20054000000, "dividendsPaid": -450000000, "netBorrowings": 16761000000, "otherCashflowsFromFinancingActivities": -6715000000, "totalCashFromFinancingActivities": 9596000000, "changeInCash": 261000000, "issuanceOfStock": 8939000000}, {"maxAge": 1, "endDate": "2017-03-31", "netIncome": 2649000000, "depreciation": 1614000000, "changeToNetincome": 1822000000, "changeToAccountReceivables": 1358000000, "changeToLiabilities": 104000000, "changeToInventory": 306000000, "changeToOperatingActivities": -2735000000, "totalCashFromOperatingActivities": 5141000000, "capitalExpenditures": -8672000000, "investments": 1501000000, "otherCashflowsFromInvestingActivities": 1952000000, "totalCashflowsFromInvestingActivities": -5218000000, "dividendsPaid": -450000000, "netBorrowings": 3654000000, "otherCashflowsFromFinancingActivities": -4451000000, "totalCashFromFinancingActivities": -797000000, "changeInCash": -874000000, "issuanceOfStock": 8939000000}], "maxAge": 86400}, "institutionOwnership": {"maxAge": 1, "ownershipList": []}, "balanceSheetHistoryQuarterly": {"balanceSheetStatements": [{"maxAge": 1, "endDate": "2020-06-30", "totalStockholderEquity": 53602000000, "netTangibleAssets": 48363000000}, {"maxAge": 1, "endDate": "2020-03-31", "cash": 7857000000, "shortTermInvestments": 153000000, "netReceivables": 20559000000, "inventory": 115698000000, "otherCurrentAssets": 4970000000, "totalCurrentAssets": 150676000000, "longTermInvestments": 7835000000, "propertyPlantEquipment": 44193000000, "goodWill": 5167000000, "intangibleAssets": 72000000, "otherAssets": 89773000000, "deferredLongTermAssetCharges": 5640000000, "totalAssets": 297716000000, "accountsPayable": 12249000000, "shortLongTermDebt": 6446000000, "otherCurrentLiab": 120244000000, "longTermDebt": 62180000000, "otherLiab": 5686000000, "minorityInterest": 2284000000, "totalCurrentLiabilities": 166533000000, "totalLiab": 241830000000, "commonStock": 4009000000, "retainedEarnings": 18373000000, "treasuryStock": 2657000000, "capitalSurplus": 28563000000, "otherStockholderEquity": 2657000000, "totalStockholderEquity": 53602000000, "netTangibleAssets": 48363000000}, {"maxAge": 1, "endDate": "2019-12-31", "totalStockholderEquity": 43845000000, "netTangibleAssets": 28185000000}, {"maxAge": 1, "endDate": "2019-09-30", "cash": 8325000000, "shortTermInvestments": 5000000, "netReceivables": 19651000000, "inventory": 127210000000, "otherCurrentAssets": 8155000000, "totalCurrentAssets": 163346000000, "longTermInvestments": 7906000000, "propertyPlantEquipment": 39104000000, "goodWill": 5166000000, "intangibleAssets": 10494000000, "otherAssets": 74060000000, "deferredLongTermAssetCharges": 6012000000, "totalAssets": 300076000000, "accountsPayable": 11263000000, "otherCurrentLiab": 148330000000, "longTermDebt": 53612000000, "otherLiab": 12410000000, "minorityInterest": 430000000, "totalCurrentLiabilities": 189779000000, "totalLiab": 255801000000, "commonStock": 3750000000, "treasuryStock": 40095000000, "otherStockholderEquity": 40095000000, "totalStockholderEquity": 43845000000, "netTangibleAssets": 28185000000}], "maxAge": 86400}, "earningsHistory": {"history": [{"maxAge": 1, "epsActual": 2.38, "epsEstimate": 2.23, "epsDifference": 0.15, "surprisePercent": 0.067, "quarter": "2017-12-31", "period": "-4q"}, {"maxAge": 1, "epsActual": 2.86, "epsEstimate": 2.2, "epsDifference": 0.66, "surprisePercent": 0.3, "quarter": "2018-03-31", "period": "-3q"}, {"maxAge": 1, "epsActual": 0.86, "epsEstimate": 2.49, "epsDifference": -1.63, "surprisePercent": -0.655, "quarter": "2018-06-30", "period": "-2q"}, {"maxAge": 1, "epsActual": 2.58, "epsEstimate": 2.49, "epsDifference": 0.09, "surprisePercent": 0.036, "quarter": "2018-09-30", "period": "-1q"}], "maxAge": 86400}, "indexTrend": {"maxAge": 1, "symbol": "SP5", "peRatio": 19.7411, "pegRatio": 1.34172, "estimates": [{"period": "0q", "growth": 0.549}, {"period": "+1q", "growth": 0.431}, {"period": "0y", "growth": 0.305}, {"period": "+1y", "growth": 0.109}, {"period": "+5y", "growth": 0.120865}, {"period": "-5y"}]}, "industryTrend": {"maxAge": 1, "symbol": null, "estimates": []}, "insiderTransactions": {"transactions": [{"maxAge": 1, "shares": 14062500, "filerUrl": "", "transactionText": "", "filerName": "Irfan (Badrunissa)", "filerRelation": "Promoter", "moneyText": "", "startDate": "2017-03-31", "ownership": "D"}, {"maxAge": 1, "shares": 4684500, "filerUrl": "", "transactionText": "", "filerName": "Rezwan (Fiaz)", "filerRelation": "Divisional Officer", "moneyText": "", "startDate": "2017-03-31", "ownership": "D"}, {"maxAge": 1, "shares": 14062500, "filerUrl": "", "transactionText": "", "filerName": "Rezwan (Almas)", "filerRelation": "Promoter", "moneyText": "", "startDate": "2017-03-31", "ownership": "D"}, {"maxAge": 1, "shares": 56250000, "filerUrl": "", "transactionText": "", "filerName": "Razack (Rezwan)", "filerRelation": "Director (Executive)", "moneyText": "", "startDate": "2017-03-31", "ownership": "D"}, {"maxAge": 1, "shares": 56250000, "filerUrl": "", "transactionText": "", "filerName": "Razack (Noaman)", "filerRelation": "Wholetime Director", "moneyText": "", "startDate": "2017-03-31", "ownership": "D"}, {"maxAge": 1, "shares": 56250000, "filerUrl": "", "transactionText": "", "filerName": "Razack (Ifran)", "filerRelation": "Executive Chairman", "moneyText": "", "startDate": "2017-03-31", "ownership": "D"}, {"maxAge": 1, "shares": 4684500, "filerUrl": "", "transactionText": "", "filerName": "Noaman (Zayd)", "filerRelation": "Promoter", "moneyText": "", "startDate": "2017-03-31", "ownership": "D"}, {"maxAge": 1, "shares": 14062500, "filerUrl": "", "transactionText": "", "filerName": "Noaman (Sameera)", "filerRelation": "Promoter", "moneyText": "", "startDate": "2017-03-31", "ownership": "D"}, {"maxAge": 1, "shares": 4693500, "filerUrl": "", "transactionText": "", "filerName": "Irfan (Uzma)", "filerRelation": "Additonal Director", "moneyText": "", "startDate": "2017-03-31", "ownership": "D"}, {"maxAge": 1, "shares": 14000, "filerUrl": "", "transactionText": "", "filerName": "Narayana (Venkat N)", "filerRelation": "Director (Executive)", "moneyText": "", "startDate": "2012-09-03", "ownership": "D"}], "maxAge": 1}, "quoteType": {"exchange": "BSE", "quoteType": "EQUITY", "symbol": "PRESTIGE.BO", "underlyingSymbol": "PRESTIGE.BO", "shortName": "PRESTIGE ESTATES PROJECTS LTD.", "longName": "Prestige Estates Projects Limited", "firstTradeDateEpochUtc": "2010-10-27 09:15:00", "timeZoneFullName": "Asia/Kolkata", "timeZoneShortName": "IST", "uuid": "2f11192d-37be-32b1-8643-79c4d98137ca", "messageBoardId": null, "gmtOffSetMilliseconds": 19800000, "maxAge": 1}, "incomeStatementHistory": {"incomeStatementHistory": [{"maxAge": 1, "endDate": "2020-03-31", "totalRevenue": 81248000000, "costOfRevenue": 44579000000, "grossProfit": 36669000000, "researchDevelopment": {}, "sellingGeneralAdministrative": 5523000000, "nonRecurring": {}, "otherOperatingExpenses": 7552000000, "totalOperatingExpenses": 64321000000, "operatingIncome": 16927000000, "totalOtherIncomeExpenseNet": -8658000000, "ebit": 16927000000, "interestExpense": -9784000000, "incomeBeforeTax": 8269000000, "incomeTaxExpense": 2783000000, "minorityInterest": 2284000000, "netIncomeFromContinuingOps": 5486000000, "discontinuedOperations": {}, "extraordinaryItems": {}, "effectOfAccountingCharges": {}, "otherItems": {}, "netIncome": 4031000000, "netIncomeApplicableToCommonShares": 4031000000}, {"maxAge": 1, "endDate": "2019-03-31", "totalRevenue": 51719000000, "costOfRevenue": 26336000000, "grossProfit": 25383000000, "researchDevelopment": {}, "sellingGeneralAdministrative": 4789000000, "nonRecurring": {}, "otherOperatingExpenses": 5993000000, "totalOperatingExpenses": 40347000000, "operatingIncome": 11372000000, "totalOtherIncomeExpenseNet": -4968000000, "ebit": 11372000000, "interestExpense": -6888000000, "incomeBeforeTax": 6404000000, "incomeTaxExpense": 1985000000, "minorityInterest": 1120000000, "netIncomeFromContinuingOps": 4419000000, "discontinuedOperations": {}, "extraordinaryItems": {}, "effectOfAccountingCharges": {}, "otherItems": {}, "netIncome": 4156000000, "netIncomeApplicableToCommonShares": 4156000000}, {"maxAge": 1, "endDate": "2018-03-31", "totalRevenue": 54986000000, "costOfRevenue": 34380000000, "grossProfit": 20606000000, "researchDevelopment": {}, "sellingGeneralAdministrative": 3591000000, "nonRecurring": {}, "otherOperatingExpenses": 4211000000, "totalOperatingExpenses": 43729000000, "operatingIncome": 11257000000, "totalOtherIncomeExpenseNet": -4876000000, "ebit": 11257000000, "interestExpense": -5444000000, "incomeBeforeTax": 6381000000, "incomeTaxExpense": 2135000000, "minorityInterest": 2300000000, "netIncomeFromContinuingOps": 4246000000, "discontinuedOperations": {}, "extraordinaryItems": {}, "effectOfAccountingCharges": {}, "otherItems": {}, "netIncome": 3713000000, "netIncomeApplicableToCommonShares": 3713000000}, {"maxAge": 1, "endDate": "2017-03-31", "totalRevenue": 47745000000, "costOfRevenue": 33716000000, "grossProfit": 14029000000, "researchDevelopment": {}, "sellingGeneralAdministrative": 3663000000, "nonRecurring": {}, "otherOperatingExpenses": 1168000000, "totalOperatingExpenses": 40184000000, "operatingIncome": 7561000000, "totalOtherIncomeExpenseNet": -2167000000, "ebit": 7561000000, "interestExpense": -2803000000, "incomeBeforeTax": 5394000000, "incomeTaxExpense": 1660000000, "minorityInterest": 2027000000, "netIncomeFromContinuingOps": 3734000000, "discontinuedOperations": {}, "extraordinaryItems": {}, "effectOfAccountingCharges": {}, "otherItems": {}, "netIncome": 2649000000, "netIncomeApplicableToCommonShares": 2649000000}], "maxAge": 86400}, "fundOwnership": {"maxAge": 1, "ownershipList": [{"maxAge": 1, "reportDate": "2020-06-30", "organization": "India Fund, Inc., The", "pctHeld": 0.0075, "position": 2997469, "value": 627220388}, {"maxAge": 1, "reportDate": "2020-08-31", "organization": "Aberdeen Standard SICAV I-Asian Smaller Companies Fd", "pctHeld": 0.0068, "position": 2719000, "value": 672816550}, {"maxAge": 1, "reportDate": "2020-07-31", "organization": "Goldman Sachs Emerging Markets Equity Fund", "pctHeld": 0.0061000003, "position": 2449458, "value": 481808388}, {"maxAge": 1, "reportDate": "2020-07-31", "organization": "Vanguard International Stock Index-Total Intl Stock Indx", "pctHeld": 0.0047, "position": 1872902, "value": 368399823}, {"maxAge": 1, "reportDate": "2020-07-31", "organization": "Vanguard International Stock Index-Emerging Markets Stk", "pctHeld": 0.004, "position": 1587130, "value": 312188471}, {"maxAge": 1, "reportDate": "2020-06-30", "organization": "Janus Henderson Global Real Estate Fund", "pctHeld": 0.0034999999, "position": 1420634, "value": 297267664}, {"maxAge": 1, "reportDate": "2020-08-31", "organization": "Aberdeen Standard SICAV I-Emerging Markets Smaller Companies Fd", "pctHeld": 0.0031, "position": 1249000, "value": 309065050}, {"maxAge": 1, "reportDate": "2020-07-31", "organization": "iShares Core MSCI Emerging Markets ETF", "pctHeld": 0.0027, "position": 1096120, "value": 215606804}, {"maxAge": 1, "reportDate": "2020-07-31", "organization": "DFA Emerging Markets Core Equity Portfolio", "pctHeld": 0.0021, "position": 858342, "value": 168835871}, {"maxAge": 1, "reportDate": "2020-07-31", "organization": "DFA Emerging Markets Small Cap Series", "pctHeld": 0.002, "position": 787009, "value": 154804670}]}, "summaryDetail": {"maxAge": 1, "priceHint": 2, "previousClose": 275.95, "open": 274.85, "dayLow": 271.1, "dayHigh": 279.45, "regularMarketPreviousClose": 275.95, "regularMarketOpen": 274.85, "regularMarketDayLow": 271.1, "regularMarketDayHigh": 279.45, "trailingPE": 36.173615, "forwardPE": 23.52381, "volume": 614250, "regularMarketVolume": 614250, "averageVolume": 32223, "averageVolume10days": 34338, "averageDailyVolume10Day": 34338, "bid": 271.05, "ask": 275.0, "bidSize": 0, "askSize": 0, "marketCap": 108914212864, "fiftyTwoWeekLow": 133.85, "fiftyTwoWeekHigh": 372.0, "fiftyDayAverage": 281.12207, "twoHundredDayAverage": 261.15182, "trailingAnnualDividendRate": 1.5, "trailingAnnualDividendYield": 0.005435767, "currency": "INR", "fromCurrency": null, "toCurrency": null, "lastMarket": null, "algorithm": null, "tradeable": false}, "sectorTrend": {"maxAge": 1, "symbol": null, "estimates": []}, "incomeStatementHistoryQuarterly": {"incomeStatementHistory": [{"maxAge": 1, "endDate": "2020-06-30", "totalRevenue": 12737000000, "costOfRevenue": 6399000000, "grossProfit": 6338000000, "researchDevelopment": {}, "sellingGeneralAdministrative": 926000000, "nonRecurring": {}, "otherOperatingExpenses": 1021000000, "totalOperatingExpenses": 9983000000, "operatingIncome": 2754000000, "totalOtherIncomeExpenseNet": -2255000000, "ebit": 2754000000, "interestExpense": -2469000000, "incomeBeforeTax": 499000000, "incomeTaxExpense": 299000000, "minorityInterest": {}, "netIncomeFromContinuingOps": 200000000, "discontinuedOperations": {}, "extraordinaryItems": {}, "effectOfAccountingCharges": {}, "otherItems": {}, "netIncome": 16000000, "netIncomeApplicableToCommonShares": 16000000}, {"maxAge": 1, "endDate": "2020-03-31", "totalRevenue": 19823000000, "costOfRevenue": 10342000000, "grossProfit": 9481000000, "researchDevelopment": {}, "sellingGeneralAdministrative": 2174000000, "nonRecurring": {}, "otherOperatingExpenses": 2277000000, "totalOperatingExpenses": 16564000000, "operatingIncome": 3259000000, "totalOtherIncomeExpenseNet": -2356000000, "ebit": 3259000000, "interestExpense": -2135000000, "incomeBeforeTax": 903000000, "incomeTaxExpense": 392000000, "minorityInterest": 2284000000, "netIncomeFromContinuingOps": 511000000, "discontinuedOperations": {}, "extraordinaryItems": {}, "effectOfAccountingCharges": {}, "otherItems": {}, "netIncome": 154000000, "netIncomeApplicableToCommonShares": 154000000}, {"maxAge": 1, "endDate": "2019-12-31", "totalRevenue": 26809000000, "costOfRevenue": 16664000000, "grossProfit": 10145000000, "researchDevelopment": {}, "sellingGeneralAdministrative": 1239000000, "nonRecurring": {}, "otherOperatingExpenses": 1718000000, "totalOperatingExpenses": 21276000000, "operatingIncome": 5533000000, "totalOtherIncomeExpenseNet": -2417000000, "ebit": 5533000000, "interestExpense": -2602000000, "incomeBeforeTax": 3116000000, "incomeTaxExpense": 952000000, "minorityInterest": 2284000000, "netIncomeFromContinuingOps": 2164000000, "discontinuedOperations": {}, "extraordinaryItems": {}, "effectOfAccountingCharges": {}, "otherItems": {}, "netIncome": 1618000000, "netIncomeApplicableToCommonShares": 1618000000}, {"maxAge": 1, "endDate": "2019-09-30", "totalRevenue": 19229000000, "costOfRevenue": 10384000000, "grossProfit": 8845000000, "researchDevelopment": {}, "sellingGeneralAdministrative": 1103000000, "nonRecurring": {}, "otherOperatingExpenses": 1643000000, "totalOperatingExpenses": 14739000000, "operatingIncome": 4490000000, "totalOtherIncomeExpenseNet": -2190000000, "ebit": 4490000000, "interestExpense": -2640000000, "incomeBeforeTax": 2300000000, "incomeTaxExpense": 728000000, "minorityInterest": 430000000, "netIncomeFromContinuingOps": 1572000000, "discontinuedOperations": {}, "extraordinaryItems": {}, "effectOfAccountingCharges": {}, "otherItems": {}, "netIncome": 1106000000, "netIncomeApplicableToCommonShares": 1106000000}], "maxAge": 86400}, "cashflowStatementHistoryQuarterly": {"cashflowStatements": [{"maxAge": 1, "endDate": "2020-06-30", "netIncome": 16000000, "changeToLiabilities": 0}, {"maxAge": 1, "endDate": "2020-03-31", "netIncome": 154000000, "changeToLiabilities": 0}, {"maxAge": 1, "endDate": "2019-12-31", "netIncome": 1618000000, "changeToLiabilities": 0}, {"maxAge": 1, "endDate": "2019-09-30", "netIncome": 1106000000, "changeToLiabilities": 0}], "maxAge": 86400}, "insiderHolders": {"holders": [{"maxAge": 1, "name": "Irfan (Badrunissa)", "relation": "Promoter", "url": "", "transactionDescription": "Sale", "latestTransDate": "2017-03-31", "positionDirect": 2343750, "positionDirectDate": "2017-03-31"}, {"maxAge": 1, "name": "Irfan (Uzma)", "relation": "Additonal Director", "url": "", "transactionDescription": "Sale", "latestTransDate": "2017-03-31", "positionDirect": 782250, "positionDirectDate": "2017-03-31"}, {"maxAge": 1, "name": "Narayana (Venkat N)", "relation": "Director (Executive)", "url": "", "transactionDescription": "Acquisition", "latestTransDate": "2012-09-03", "positionDirect": 27200, "positionDirectDate": "2012-09-03"}, {"maxAge": 1, "name": "Noaman (Sameera)", "relation": "Promoter", "url": "", "transactionDescription": "Sale", "latestTransDate": "2017-03-31", "positionDirect": 2343750, "positionDirectDate": "2017-03-31"}, {"maxAge": 1, "name": "Noaman (Zayd)", "relation": "Promoter", "url": "", "transactionDescription": "Sale", "latestTransDate": "2017-03-31", "positionDirect": 780750, "positionDirectDate": "2017-03-31"}, {"maxAge": 1, "name": "Razack (Ifran)", "relation": "Executive Chairman", "url": "", "transactionDescription": "Sale", "latestTransDate": "2017-03-31", "positionDirect": 9375000, "positionDirectDate": "2017-03-31"}, {"maxAge": 1, "name": "Razack (Noaman)", "relation": "Wholetime Director", "url": "", "transactionDescription": "Sale", "latestTransDate": "2017-03-31", "positionDirect": 9375000, "positionDirectDate": "2017-03-31"}, {"maxAge": 1, "name": "Razack (Rezwan)", "relation": "Director (Executive)", "url": "", "transactionDescription": "Sale", "latestTransDate": "2017-03-31", "positionDirect": 9375000, "positionDirectDate": "2017-03-31"}, {"maxAge": 1, "name": "Rezwan (Almas)", "relation": "Promoter", "url": "", "transactionDescription": "Sale", "latestTransDate": "2017-03-31", "positionDirect": 2343750, "positionDirectDate": "2017-03-31"}, {"maxAge": 1, "name": "Rezwan (Fiaz)", "relation": "Divisional Officer", "url": "", "transactionDescription": "Sale", "latestTransDate": "2017-03-31", "positionDirect": 780750, "positionDirectDate": "2017-03-31"}], "maxAge": 1}, "earnings": {"maxAge": 86400, "earningsChart": {"quarterly": [{"date": "4Q2017", "actual": 2.38, "estimate": 2.23}, {"date": "1Q2018", "actual": 2.86, "estimate": 2.2}, {"date": "2Q2018", "actual": 0.86, "estimate": 2.49}, {"date": "3Q2018", "actual": 2.58, "estimate": 2.49}], "currentQuarterEstimateDate": "4Q", "currentQuarterEstimateYear": 2018, "earningsDate": []}, "financialsChart": {"yearly": [{"date": 2017, "revenue": 47745000000, "earnings": 2649000000}, {"date": 2018, "revenue": 54986000000, "earnings": 3713000000}, {"date": 2019, "revenue": 51719000000, "earnings": 4156000000}, {"date": 2020, "revenue": 81248000000, "earnings": 4031000000}], "quarterly": [{"date": "3Q2019", "revenue": 19229000000, "earnings": 1106000000}, {"date": "4Q2019", "revenue": 26809000000, "earnings": 1618000000}, {"date": "1Q2020", "revenue": 19823000000, "earnings": 154000000}, {"date": "2Q2020", "revenue": 12737000000, "earnings": 16000000}]}, "financialCurrency": "INR"}, "calendarEvents": {"maxAge": 1, "earnings": {"earningsDate": []}}, "price": {"maxAge": 1, "regularMarketChangePercent": -0.015401339, "regularMarketChange": -4.25, "regularMarketTime": "2021-04-30 15:57:57", "priceHint": 2, "regularMarketPrice": 271.7, "regularMarketDayHigh": 279.45, "regularMarketDayLow": 271.1, "regularMarketVolume": 614250, "averageDailyVolume10Day": 34338, "averageDailyVolume3Month": 32223, "regularMarketPreviousClose": 275.95, "regularMarketSource": "FREE_REALTIME", "regularMarketOpen": 274.85, "exchange": "BSE", "exchangeName": "BSE", "exchangeDataDelayedBy": 0, "marketState": "CLOSED", "quoteType": "EQUITY", "symbol": "PRESTIGE.BO", "underlyingSymbol": null, "shortName": "PRESTIGE ESTATES PROJECTS LTD.", "longName": "Prestige Estates Projects Limited", "currency": "INR", "quoteSourceName": "Delayed Quote", "currencySymbol": "\u20b9", "fromCurrency": null, "toCurrency": null, "lastMarket": null, "marketCap": 108914212864}, "balanceSheetHistory": {"balanceSheetStatements": [{"maxAge": 1, "endDate": "2020-03-31", "cash": 7857000000, "shortTermInvestments": 153000000, "netReceivables": 20559000000, "inventory": 115698000000, "otherCurrentAssets": 4970000000, "totalCurrentAssets": 150676000000, "longTermInvestments": 7835000000, "propertyPlantEquipment": 44193000000, "goodWill": 5167000000, "intangibleAssets": 72000000, "otherAssets": 89773000000, "deferredLongTermAssetCharges": 5640000000, "totalAssets": 297716000000, "accountsPayable": 12249000000, "shortLongTermDebt": 6446000000, "otherCurrentLiab": 120244000000, "longTermDebt": 62180000000, "otherLiab": 5686000000, "minorityInterest": 2284000000, "totalCurrentLiabilities": 166533000000, "totalLiab": 241830000000, "commonStock": 4009000000, "retainedEarnings": 18373000000, "treasuryStock": 2657000000, "capitalSurplus": 28563000000, "otherStockholderEquity": 2657000000, "totalStockholderEquity": 53602000000, "netTangibleAssets": 48363000000}, {"maxAge": 1, "endDate": "2019-03-31", "cash": 6530000000, "shortTermInvestments": 65000000, "netReceivables": 24776000000, "inventory": 133359000000, "otherCurrentAssets": 4786000000, "totalCurrentAssets": 171060000000, "longTermInvestments": 7726000000, "propertyPlantEquipment": 36781000000, "goodWill": 3069000000, "intangibleAssets": 116000000, "otherAssets": 68230000000, "deferredLongTermAssetCharges": 6374000000, "totalAssets": 286982000000, "accountsPayable": 12530000000, "shortLongTermDebt": 2761000000, "otherCurrentLiab": 141299000000, "longTermDebt": 47194000000, "otherLiab": 4395000000, "minorityInterest": 1120000000, "totalCurrentLiabilities": 192007000000, "totalLiab": 243596000000, "commonStock": 3750000000, "retainedEarnings": 15888000000, "treasuryStock": 2745000000, "capitalSurplus": 19883000000, "otherStockholderEquity": 2745000000, "totalStockholderEquity": 42266000000, "netTangibleAssets": 39081000000}, {"maxAge": 1, "endDate": "2018-03-31", "cash": 3532000000, "netReceivables": 16980000000, "inventory": 61106000000, "otherCurrentAssets": 8136000000, "totalCurrentAssets": 90430000000, "longTermInvestments": 4182000000, "propertyPlantEquipment": 37844000000, "goodWill": 3069000000, "intangibleAssets": 103000000, "otherAssets": 54088000000, "deferredLongTermAssetCharges": 691000000, "totalAssets": 189716000000, "accountsPayable": 13542000000, "shortLongTermDebt": 5077000000, "otherCurrentLiab": 47693000000, "longTermDebt": 39743000000, "otherLiab": 4297000000, "minorityInterest": 2300000000, "totalCurrentLiabilities": 96049000000, "totalLiab": 140089000000, "commonStock": 3750000000, "retainedEarnings": 22570000000, "treasuryStock": 1124000000, "capitalSurplus": 19883000000, "otherStockholderEquity": 1124000000, "totalStockholderEquity": 47327000000, "netTangibleAssets": 44155000000}, {"maxAge": 1, "endDate": "2017-03-31", "cash": 3271000000, "netReceivables": 16708000000, "inventory": 69571000000, "otherCurrentAssets": 4701000000, "totalCurrentAssets": 94907000000, "longTermInvestments": 3395000000, "propertyPlantEquipment": 24046000000, "goodWill": 3069000000, "intangibleAssets": 47000000, "otherAssets": 43852000000, "deferredLongTermAssetCharges": 1014000000, "totalAssets": 169316000000, "accountsPayable": 9230000000, "shortLongTermDebt": 984000000, "otherCurrentLiab": 51699000000, "longTermDebt": 35002000000, "otherLiab": 4507000000, "minorityInterest": 2027000000, "totalCurrentLiabilities": 83632000000, "totalLiab": 123141000000, "commonStock": 3750000000, "retainedEarnings": 19817000000, "treasuryStock": 698000000, "capitalSurplus": 19883000000, "otherStockholderEquity": 698000000, "totalStockholderEquity": 44148000000, "netTangibleAssets": 41032000000}], "maxAge": 86400}, "earningsTrend": {"trend": [{"maxAge": 1, "period": "0q", "endDate": "2018-12-31", "growth": {}, "earningsEstimate": {"avg": 0.0, "low": 0.0, "high": 0.0, "yearAgoEps": 2.38, "numberOfAnalysts": 0, "growth": {}}, "revenueEstimate": {"avg": 0, "low": 0, "high": 0, "numberOfAnalysts": 0, "yearAgoRevenue": {}, "growth": {}}, "epsTrend": {"current": 0.0, "7daysAgo": 2.47, "30daysAgo": 2.47, "60daysAgo": 2.47, "90daysAgo": 2.47}, "epsRevisions": {"upLast7days": 0, "upLast30days": 0, "downLast30days": 0, "downLast90days": {}}}, {"maxAge": 1, "period": "+1q", "endDate": "2019-03-31", "growth": {}, "earningsEstimate": {"avg": 0.0, "low": 0.0, "high": 0.0, "yearAgoEps": 2.86, "numberOfAnalysts": 0, "growth": {}}, "revenueEstimate": {"avg": 0, "low": 0, "high": 0, "numberOfAnalysts": 0, "yearAgoRevenue": {}, "growth": {}}, "epsTrend": {"current": 0.0, "7daysAgo": 3.77, "30daysAgo": 3.77, "60daysAgo": 3.77, "90daysAgo": 3.77}, "epsRevisions": {"upLast7days": 0, "upLast30days": 0, "downLast30days": 0, "downLast90days": {}}}, {"maxAge": 1, "period": "0y", "endDate": "2019-03-31", "growth": {}, "earningsEstimate": {"avg": 0.0, "low": 0.0, "high": 0.0, "yearAgoEps": {}, "numberOfAnalysts": 0, "growth": {}}, "revenueEstimate": {"avg": 53596900000, "low": 43046800000, "high": 64988000000, "numberOfAnalysts": 11, "yearAgoRevenue": 54986000000, "growth": -0.025}, "epsTrend": {"current": 0.0, "7daysAgo": 9.71, "30daysAgo": 9.71, "60daysAgo": 9.71, "90daysAgo": 9.71}, "epsRevisions": {"upLast7days": 0, "upLast30days": 0, "downLast30days": 0, "downLast90days": {}}}, {"maxAge": 1, "period": "+1y", "endDate": "2020-03-31", "growth": {}, "earningsEstimate": {"avg": 0.0, "low": 0.0, "high": 0.0, "yearAgoEps": {}, "numberOfAnalysts": 0, "growth": {}}, "revenueEstimate": {"avg": 58455100000, "low": 44010800000, "high": 89309400000, "numberOfAnalysts": 15, "yearAgoRevenue": 53596900000, "growth": 0.091000006}, "epsTrend": {"current": 0.0, "7daysAgo": 11.55, "30daysAgo": 11.55, "60daysAgo": 11.55, "90daysAgo": 11.55}, "epsRevisions": {"upLast7days": 0, "upLast30days": 0, "downLast30days": 0, "downLast90days": {}}}, {"maxAge": 1, "period": "+5y", "endDate": null, "growth": 0.106000006, "earningsEstimate": {"avg": {}, "low": {}, "high": {}, "yearAgoEps": {}, "numberOfAnalysts": {}, "growth": {}}, "revenueEstimate": {"avg": {}, "low": {}, "high": {}, "numberOfAnalysts": {}, "yearAgoRevenue": {}, "growth": {}}, "epsTrend": {"current": {}, "7daysAgo": {}, "30daysAgo": {}, "60daysAgo": {}, "90daysAgo": {}}, "epsRevisions": {"upLast7days": {}, "upLast30days": {}, "downLast30days": {}, "downLast90days": {}}}, {"maxAge": 1, "period": "-5y", "endDate": null, "growth": {}, "earningsEstimate": {"avg": {}, "low": {}, "high": {}, "yearAgoEps": {}, "numberOfAnalysts": {}, "growth": {}}, "revenueEstimate": {"avg": {}, "low": {}, "high": {}, "numberOfAnalysts": {}, "yearAgoRevenue": {}, "growth": {}}, "epsTrend": {"current": {}, "7daysAgo": {}, "30daysAgo": {}, "60daysAgo": {}, "90daysAgo": {}}, "epsRevisions": {"upLast7days": {}, "upLast30days": {}, "downLast30days": {}, "downLast90days": {}}}], "maxAge": 1}, "financialData": {"maxAge": 86400, "currentPrice": 271.7, "targetHighPrice": 355.0, "targetLowPrice": 230.0, "targetMeanPrice": 291.0, "targetMedianPrice": 303.0, "recommendationKey": "none", "numberOfAnalystOpinions": 16, "grossProfits": 36669000000, "financialCurrency": "INR"}}}