{"PRIMESECU.BO": {"recommendationTrend": {"trend": [{"period": "0m", "strongBuy": 0, "buy": 0, "hold": 0, "sell": 0, "strongSell": 0}, {"period": "-1m", "strongBuy": 0, "buy": 0, "hold": 0, "sell": 0, "strongSell": 0}, {"period": "-2m", "strongBuy": 0, "buy": 0, "hold": 0, "sell": 0, "strongSell": 0}, {"period": "-3m", "strongBuy": 0, "buy": 0, "hold": 0, "sell": 0, "strongSell": 0}], "maxAge": 86400}, "cashflowStatementHistory": {"cashflowStatements": [{"maxAge": 1, "endDate": "2020-03-31", "netIncome": 78900000, "depreciation": 9800000, "changeToNetincome": 300000, "changeToAccountReceivables": 189700000, "changeToLiabilities": 20200000, "changeToOperatingActivities": -226400000, "totalCashFromOperatingActivities": 72600000, "capitalExpenditures": -33200000, "investments": -4300000, "otherCashflowsFromInvestingActivities": 7600000, "totalCashflowsFromInvestingActivities": -25500000, "netBorrowings": -33500000, "otherCashflowsFromFinancingActivities": -2100000, "totalCashFromFinancingActivities": -35600000, "changeInCash": 11400000}, {"maxAge": 1, "endDate": "2019-03-31", "netIncome": 126300000, "depreciation": 2900000, "changeToNetincome": 800000, "changeToAccountReceivables": -208100000, "changeToLiabilities": 900000, "changeToOperatingActivities": 62500000, "totalCashFromOperatingActivities": -14700000, "capitalExpenditures": -20800000, "investments": -6400000, "otherCashflowsFromInvestingActivities": 5700000, "totalCashflowsFromInvestingActivities": -20900000, "netBorrowings": -41700000, "otherCashflowsFromFinancingActivities": 84900000, "totalCashFromFinancingActivities": 43200000, "changeInCash": 7600000}, {"maxAge": 1, "endDate": "2018-03-31", "netIncome": 143048000, "depreciation": 1492000, "changeToNetincome": -62831000, "changeToAccountReceivables": 29925000, "changeToLiabilities": 0, "changeToOperatingActivities": -46554000, "totalCashFromOperatingActivities": 65085000, "capitalExpenditures": -953000, "investments": 539000, "otherCashflowsFromInvestingActivities": 3743000, "totalCashflowsFromInvestingActivities": 3329000, "netBorrowings": -86961000, "otherCashflowsFromFinancingActivities": 13000, "totalCashFromFinancingActivities": -86948000, "changeInCash": -18534000}, {"maxAge": 1, "endDate": "2017-03-31", "netIncome": 134131000, "depreciation": 1252000, "changeToNetincome": -12209000, "changeToAccountReceivables": -42888000, "changeToLiabilities": 0, "changeToOperatingActivities": -5901000, "totalCashFromOperatingActivities": 74401000, "capitalExpenditures": -1806000, "investments": 202712000, "otherCashflowsFromInvestingActivities": 3571000, "totalCashflowsFromInvestingActivities": 204477000, "netBorrowings": -253565000, "otherCashflowsFromFinancingActivities": -222000, "totalCashFromFinancingActivities": -253161000, "changeInCash": 25717000, "issuanceOfStock": 626000}], "maxAge": 86400}, "institutionOwnership": {"maxAge": 1, "ownershipList": []}, "balanceSheetHistoryQuarterly": {"balanceSheetStatements": [{"maxAge": 1, "endDate": "2020-06-30", "totalStockholderEquity": 453000000, "netTangibleAssets": 452600000}, {"maxAge": 1, "endDate": "2020-03-31", "cash": 20100000, "netReceivables": 301500000, "otherCurrentAssets": 230000000, "totalCurrentAssets": 570500000, "propertyPlantEquipment": 37400000, "intangibleAssets": 400000, "otherAssets": 8400000, "deferredLongTermAssetCharges": 8400000, "totalAssets": 616700000, "accountsPayable": 24500000, "shortLongTermDebt": 2700000, "longTermDebt": 1700000, "otherLiab": 27300000, "totalCurrentLiabilities": 117200000, "totalLiab": 163700000, "commonStock": 132600000, "retainedEarnings": -375800000, "treasuryStock": 164300000, "capitalSurplus": 531900000, "otherStockholderEquity": 164300000, "totalStockholderEquity": 453000000, "netTangibleAssets": 452600000}, {"maxAge": 1, "endDate": "2019-12-31", "totalStockholderEquity": 440500000, "netTangibleAssets": 440000000}, {"maxAge": 1, "endDate": "2019-09-30", "cash": 148700000, "netReceivables": 215900000, "otherCurrentAssets": 8000000, "totalCurrentAssets": 372600000, "longTermInvestments": 5400000, "propertyPlantEquipment": 42900000, "intangibleAssets": 500000, "otherAssets": 78600000, "deferredLongTermAssetCharges": 10000000, "totalAssets": 500000000, "accountsPayable": 2000000, "shortLongTermDebt": 1100000, "otherCurrentLiab": 24500000, "longTermDebt": 4000000, "otherLiab": 23700000, "totalCurrentLiabilities": 31800000, "totalLiab": 59500000, "commonStock": 133000000, "treasuryStock": 307500000, "otherStockholderEquity": 307500000, "totalStockholderEquity": 440500000, "netTangibleAssets": 440000000}], "maxAge": 86400}, "earningsHistory": {"history": [{"maxAge": 1, "epsActual": {}, "epsEstimate": {}, "epsDifference": {}, "surprisePercent": {}, "quarter": {}, "period": "-4q"}, {"maxAge": 1, "epsActual": {}, "epsEstimate": {}, "epsDifference": {}, "surprisePercent": {}, "quarter": {}, "period": "-3q"}, {"maxAge": 1, "epsActual": {}, "epsEstimate": {}, "epsDifference": {}, "surprisePercent": {}, "quarter": {}, "period": "-2q"}, {"maxAge": 1, "epsActual": {}, "epsEstimate": {}, "epsDifference": {}, "surprisePercent": {}, "quarter": {}, "period": "-1q"}], "maxAge": 86400}, "indexTrend": {"maxAge": 1, "symbol": "SP5", "peRatio": 19.7411, "pegRatio": 1.34172, "estimates": [{"period": "0q", "growth": 0.549}, {"period": "+1q", "growth": 0.431}, {"period": "0y", "growth": 0.305}, {"period": "+1y", "growth": 0.109}, {"period": "+5y", "growth": 0.120859005}, {"period": "-5y"}]}, "industryTrend": {"maxAge": 1, "symbol": null, "estimates": []}, "insiderTransactions": {"transactions": [{"maxAge": 1, "shares": 56150, "filerUrl": "", "transactionText": "", "filerName": "Gupta (Akshay)", "filerRelation": "UNREPORTED", "moneyText": "", "startDate": "2020-03-27", "ownership": "D"}, {"maxAge": 1, "shares": 287428, "filerUrl": "", "transactionText": "", "filerName": "Jayakumar (N)", "filerRelation": "Promoter", "moneyText": "", "startDate": "2019-08-22", "ownership": "D"}, {"maxAge": 1, "shares": 488500, "filerUrl": "", "transactionText": "", "filerName": "Jayakumar (Madhu)", "filerRelation": "UNREPORTED", "moneyText": "", "startDate": "2019-05-27", "ownership": "D"}, {"maxAge": 1, "shares": 100000, "filerUrl": "", "transactionText": "", "filerName": "Jayakumar (Madhu)", "filerRelation": "UNREPORTED", "moneyText": "", "startDate": "2019-05-27", "ownership": "D"}, {"maxAge": 1, "shares": 12500, "filerUrl": "", "transactionText": "", "filerName": "Jayakumar (N)", "filerRelation": "Managing Director", "moneyText": "", "startDate": "2019-05-22", "ownership": "D"}, {"maxAge": 1, "shares": 25000, "filerUrl": "", "transactionText": "", "filerName": "Jayakumar (N)", "filerRelation": "Managing Director", "moneyText": "", "startDate": "2019-05-21", "ownership": "D"}, {"maxAge": 1, "shares": 20000, "filerUrl": "", "transactionText": "", "filerName": "Jayakumar (N)", "filerRelation": "Managing Director", "moneyText": "", "startDate": "2019-03-27", "ownership": "D"}, {"maxAge": 1, "shares": 10000, "filerUrl": "", "transactionText": "", "filerName": "Jayakumar (N)", "filerRelation": "Managing Director", "moneyText": "", "startDate": "2019-03-15", "ownership": "D"}, {"maxAge": 1, "shares": 66000, "filerUrl": "", "transactionText": "", "filerName": "Jayakumar (N)", "filerRelation": "Managing Director", "moneyText": "", "startDate": "2019-03-15", "ownership": "D"}], "maxAge": 1}, "quoteType": {"exchange": "BSE", "quoteType": "EQUITY", "symbol": "PRIMESECU.BO", "underlyingSymbol": "PRIMESECU.BO", "shortName": "PRIME SECURITIES LTD.", "longName": "Prime Securities Limited", "firstTradeDateEpochUtc": "2002-07-01 09:15:00", "timeZoneFullName": "Asia/Kolkata", "timeZoneShortName": "IST", "uuid": "24ab2ff4-31a7-3149-99d8-b729ac0c6f41", "messageBoardId": null, "gmtOffSetMilliseconds": 19800000, "maxAge": 1}, "incomeStatementHistory": {"incomeStatementHistory": [{"maxAge": 1, "endDate": "2020-03-31", "totalRevenue": 742400000, "costOfRevenue": 194000000, "grossProfit": 548400000, "researchDevelopment": {}, "sellingGeneralAdministrative": 187500000, "nonRecurring": {}, "otherOperatingExpenses": 229000000, "totalOperatingExpenses": 620400000, "operatingIncome": 122000000, "totalOtherIncomeExpenseNet": -14600000, "ebit": 0, "interestExpense": {}, "incomeBeforeTax": 107400000, "incomeTaxExpense": 28500000, "minorityInterest": {}, "netIncomeFromContinuingOps": 78900000, "discontinuedOperations": {}, "extraordinaryItems": {}, "effectOfAccountingCharges": {}, "otherItems": {}, "netIncome": 78900000, "netIncomeApplicableToCommonShares": 78900000}, {"maxAge": 1, "endDate": "2019-03-31", "totalRevenue": 467800000, "costOfRevenue": 73600000, "grossProfit": 394200000, "researchDevelopment": {}, "sellingGeneralAdministrative": 188600000, "nonRecurring": {}, "otherOperatingExpenses": 37400000, "totalOperatingExpenses": 302500000, "operatingIncome": 165300000, "totalOtherIncomeExpenseNet": -600000, "ebit": 0, "interestExpense": {}, "incomeBeforeTax": 164700000, "incomeTaxExpense": 38400000, "minorityInterest": {}, "netIncomeFromContinuingOps": 126300000, "discontinuedOperations": {}, "extraordinaryItems": {}, "effectOfAccountingCharges": {}, "otherItems": {}, "netIncome": 126300000, "netIncomeApplicableToCommonShares": 126300000}, {"maxAge": 1, "endDate": "2018-03-31", "totalRevenue": 235306000, "costOfRevenue": 3390000, "grossProfit": 231916000, "researchDevelopment": {}, "sellingGeneralAdministrative": 40148000, "nonRecurring": {}, "otherOperatingExpenses": 27124000, "totalOperatingExpenses": 72159000, "operatingIncome": 163147000, "totalOtherIncomeExpenseNet": 8352000, "ebit": 0, "interestExpense": {}, "incomeBeforeTax": 171499000, "incomeTaxExpense": 28451000, "minorityInterest": {}, "netIncomeFromContinuingOps": 143048000, "discontinuedOperations": {}, "extraordinaryItems": {}, "effectOfAccountingCharges": {}, "otherItems": {}, "netIncome": 143048000, "netIncomeApplicableToCommonShares": 143048000}, {"maxAge": 1, "endDate": "2017-03-31", "totalRevenue": 195063000, "costOfRevenue": 829000, "grossProfit": 194234000, "researchDevelopment": {}, "sellingGeneralAdministrative": 17782000, "nonRecurring": {}, "otherOperatingExpenses": 15665000, "totalOperatingExpenses": 35544000, "operatingIncome": 159519000, "totalOtherIncomeExpenseNet": 33965000, "ebit": 0, "interestExpense": {}, "incomeBeforeTax": 193484000, "incomeTaxExpense": 59353000, "minorityInterest": {}, "netIncomeFromContinuingOps": 134131000, "discontinuedOperations": {}, "extraordinaryItems": {}, "effectOfAccountingCharges": {}, "otherItems": {}, "netIncome": 134131000, "netIncomeApplicableToCommonShares": 134131000}], "maxAge": 86400}, "fundOwnership": {"maxAge": 1, "ownershipList": []}, "summaryDetail": {"maxAge": 1, "priceHint": 2, "previousClose": 42.35, "open": 41.8, "dayLow": 41.25, "dayHigh": 44.0, "regularMarketPreviousClose": 42.35, "regularMarketOpen": 41.8, "regularMarketDayLow": 41.25, "regularMarketDayHigh": 44.0, "trailingPE": 16.026134, "volume": 2316, "regularMarketVolume": 2316, "averageVolume": 60488, "averageVolume10days": 5923, "averageDailyVolume10Day": 5923, "bid": 41.75, "ask": 43.6, "bidSize": 0, "askSize": 0, "marketCap": 1105688064, "fiftyTwoWeekLow": 24.4, "fiftyTwoWeekHigh": 53.2, "fiftyDayAverage": 42.65857, "twoHundredDayAverage": 45.519707, "currency": "INR", "fromCurrency": null, "toCurrency": null, "lastMarket": null, "algorithm": null, "tradeable": false}, "sectorTrend": {"maxAge": 1, "symbol": null, "estimates": []}, "incomeStatementHistoryQuarterly": {"incomeStatementHistory": [{"maxAge": 1, "endDate": "2020-06-30", "totalRevenue": 100000000, "costOfRevenue": 18300000, "grossProfit": 81700000, "researchDevelopment": {}, "sellingGeneralAdministrative": 36600000, "nonRecurring": {}, "otherOperatingExpenses": 21000000, "totalOperatingExpenses": 78800000, "operatingIncome": 21200000, "totalOtherIncomeExpenseNet": 0, "ebit": 0, "interestExpense": {}, "incomeBeforeTax": 21200000, "incomeTaxExpense": 11900000, "minorityInterest": {}, "netIncomeFromContinuingOps": 9300000, "discontinuedOperations": {}, "extraordinaryItems": {}, "effectOfAccountingCharges": {}, "otherItems": {}, "netIncome": 9300000, "netIncomeApplicableToCommonShares": 9300000}, {"maxAge": 1, "endDate": "2020-03-31", "totalRevenue": 310100000, "costOfRevenue": 87700000, "grossProfit": 222400000, "researchDevelopment": {}, "sellingGeneralAdministrative": 51900000, "nonRecurring": {}, "otherOperatingExpenses": 188500000, "totalOperatingExpenses": 331400000, "operatingIncome": -21300000, "totalOtherIncomeExpenseNet": 37200000, "ebit": 0, "interestExpense": {}, "incomeBeforeTax": 15900000, "incomeTaxExpense": 2700000, "minorityInterest": {}, "netIncomeFromContinuingOps": 13200000, "discontinuedOperations": {}, "extraordinaryItems": {}, "effectOfAccountingCharges": {}, "otherItems": {}, "netIncome": 13200000, "netIncomeApplicableToCommonShares": 13200000}, {"maxAge": 1, "endDate": "2019-12-31", "totalRevenue": 138200000, "costOfRevenue": 55200000, "grossProfit": 83000000, "researchDevelopment": {}, "sellingGeneralAdministrative": 31500000, "nonRecurring": {}, "otherOperatingExpenses": 9500000, "totalOperatingExpenses": 98300000, "operatingIncome": 39900000, "totalOtherIncomeExpenseNet": -34100000, "ebit": 0, "interestExpense": {}, "incomeBeforeTax": 5800000, "incomeTaxExpense": 10300000, "minorityInterest": {}, "netIncomeFromContinuingOps": -4500000, "discontinuedOperations": {}, "extraordinaryItems": {}, "effectOfAccountingCharges": {}, "otherItems": {}, "netIncome": -4500000, "netIncomeApplicableToCommonShares": -4500000}, {"maxAge": 1, "endDate": "2019-09-30", "totalRevenue": 188100000, "costOfRevenue": 0, "grossProfit": 188100000, "researchDevelopment": {}, "sellingGeneralAdministrative": 103000000, "nonRecurring": {}, "otherOperatingExpenses": 34300000, "totalOperatingExpenses": 139600000, "operatingIncome": 48500000, "totalOtherIncomeExpenseNet": 0, "ebit": 0, "interestExpense": {}, "incomeBeforeTax": 48500000, "incomeTaxExpense": 9000000, "minorityInterest": {}, "netIncomeFromContinuingOps": 39500000, "discontinuedOperations": {}, "extraordinaryItems": {}, "effectOfAccountingCharges": {}, "otherItems": {}, "netIncome": 39500000, "netIncomeApplicableToCommonShares": 39500000}], "maxAge": 86400}, "cashflowStatementHistoryQuarterly": {"cashflowStatements": [{"maxAge": 1, "endDate": "2020-06-30", "netIncome": 9300000, "changeToLiabilities": 0}, {"maxAge": 1, "endDate": "2020-03-31", "netIncome": 13200000, "changeToLiabilities": 0}, {"maxAge": 1, "endDate": "2019-12-31", "netIncome": -4500000, "changeToLiabilities": 0}, {"maxAge": 1, "endDate": "2019-09-30", "netIncome": 39500000, "changeToLiabilities": 0}], "maxAge": 86400}, "insiderHolders": {"holders": [{"maxAge": 1, "name": "Gupta (Akshay)", "relation": "UNREPORTED", "url": "", "transactionDescription": "Acquisition", "latestTransDate": "2020-03-27", "positionDirect": 470580, "positionDirectDate": "2020-03-27"}, {"maxAge": 1, "name": "Jayakumar (Madhu)", "relation": "UNREPORTED", "url": "", "transactionDescription": "Acquisition", "latestTransDate": "2019-05-27", "positionDirect": 5521756, "positionDirectDate": "2019-05-27"}, {"maxAge": 1, "name": "Jayakumar (N)", "relation": "Promoter", "url": "", "transactionDescription": "Acquisition", "latestTransDate": "2019-08-22", "positionDirect": 5609184, "positionDirectDate": "2019-08-22"}], "maxAge": 1}, "earnings": {"maxAge": 86400, "earningsChart": {"quarterly": [], "earningsDate": []}, "financialsChart": {"yearly": [{"date": 2017, "revenue": 195063000, "earnings": 134131000}, {"date": 2018, "revenue": 235306000, "earnings": 143048000}, {"date": 2019, "revenue": 467800000, "earnings": 126300000}, {"date": 2020, "revenue": 742400000, "earnings": 78900000}], "quarterly": [{"date": "3Q2019", "revenue": 188100000, "earnings": 39500000}, {"date": "4Q2019", "revenue": 138200000, "earnings": -4500000}, {"date": "1Q2020", "revenue": 310100000, "earnings": 13200000}, {"date": "2Q2020", "revenue": 100000000, "earnings": 9300000}]}, "financialCurrency": "INR"}, "calendarEvents": {"maxAge": 1, "earnings": {"earningsDate": []}}, "price": {"maxAge": 1, "regularMarketChangePercent": -0.015348234, "regularMarketChange": -0.6499977, "regularMarketTime": "2021-04-30 15:29:56", "priceHint": 2, "regularMarketPrice": 41.7, "regularMarketDayHigh": 44.0, "regularMarketDayLow": 41.25, "regularMarketVolume": 2316, "averageDailyVolume10Day": 5923, "averageDailyVolume3Month": 60488, "regularMarketPreviousClose": 42.35, "regularMarketSource": "FREE_REALTIME", "regularMarketOpen": 41.8, "exchange": "BSE", "exchangeName": "BSE", "exchangeDataDelayedBy": 0, "marketState": "CLOSED", "quoteType": "EQUITY", "symbol": "PRIMESECU.BO", "underlyingSymbol": null, "shortName": "PRIME SECURITIES LTD.", "longName": "Prime Securities Limited", "currency": "INR", "quoteSourceName": "Delayed Quote", "currencySymbol": "\u20b9", "fromCurrency": null, "toCurrency": null, "lastMarket": null, "marketCap": 1105688064}, "balanceSheetHistory": {"balanceSheetStatements": [{"maxAge": 1, "endDate": "2020-03-31", "cash": 20100000, "netReceivables": 301500000, "otherCurrentAssets": 230000000, "totalCurrentAssets": 570500000, "propertyPlantEquipment": 37400000, "intangibleAssets": 400000, "otherAssets": 8400000, "deferredLongTermAssetCharges": 8400000, "totalAssets": 616700000, "accountsPayable": 24500000, "shortLongTermDebt": 2700000, "longTermDebt": 1700000, "otherLiab": 27300000, "totalCurrentLiabilities": 117200000, "totalLiab": 163700000, "commonStock": 132600000, "retainedEarnings": -375800000, "treasuryStock": 164300000, "capitalSurplus": 531900000, "otherStockholderEquity": 164300000, "totalStockholderEquity": 453000000, "netTangibleAssets": 452600000}, {"maxAge": 1, "endDate": "2019-03-31", "cash": 8700000, "netReceivables": 333400000, "otherCurrentAssets": 85800000, "totalCurrentAssets": 455400000, "propertyPlantEquipment": 20100000, "intangibleAssets": 500000, "otherAssets": 9800000, "deferredLongTermAssetCharges": 9800000, "totalAssets": 485800000, "accountsPayable": 4300000, "shortLongTermDebt": 18700000, "otherCurrentLiab": 200000, "longTermDebt": 19300000, "otherLiab": 23300000, "totalCurrentLiabilities": 106800000, "totalLiab": 149400000, "commonStock": 132600000, "retainedEarnings": -454700000, "treasuryStock": 126700000, "capitalSurplus": 531800000, "otherStockholderEquity": 126700000, "totalStockholderEquity": 336400000, "netTangibleAssets": 335900000}, {"maxAge": 1, "endDate": "2018-03-31", "cash": 1074000, "netReceivables": 47008000, "otherCurrentAssets": 69477000, "totalCurrentAssets": 120369000, "longTermInvestments": 13617000, "propertyPlantEquipment": 28460000, "intangibleAssets": 121000, "otherAssets": 54213000, "deferredLongTermAssetCharges": 8923000, "totalAssets": 216780000, "accountsPayable": 3415000, "shortLongTermDebt": 20217000, "otherCurrentLiab": 5733000, "longTermDebt": 713000, "otherLiab": 19399000, "totalCurrentLiabilities": 95457000, "totalLiab": 115569000, "commonStock": 132577000, "retainedEarnings": -599102000, "treasuryStock": 36054000, "capitalSurplus": 531682000, "otherStockholderEquity": 36054000, "totalStockholderEquity": 101211000, "netTangibleAssets": 101090000}, {"maxAge": 1, "endDate": "2017-03-31", "cash": 28572000, "netReceivables": 57559000, "otherCurrentAssets": 55424000, "totalCurrentAssets": 145227000, "longTermInvestments": 15187000, "propertyPlantEquipment": 29123000, "intangibleAssets": 2000, "otherAssets": 34743000, "totalAssets": 224282000, "accountsPayable": 5475000, "shortLongTermDebt": 20197000, "otherCurrentLiab": 45386000, "longTermDebt": 20929000, "otherLiab": 18123000, "totalCurrentLiabilities": 228421000, "totalLiab": 267473000, "commonStock": 132577000, "retainedEarnings": -742150000, "treasuryStock": 34700000, "capitalSurplus": 531682000, "otherStockholderEquity": 34700000, "totalStockholderEquity": -43191000, "netTangibleAssets": -43193000}], "maxAge": 86400}, "earningsTrend": {"trend": [{"maxAge": 1, "period": "0q", "endDate": null, "growth": {}, "earningsEstimate": {"avg": 0.0, "low": 0.0, "high": 0.0, "yearAgoEps": {}, "numberOfAnalysts": 0, "growth": {}}, "revenueEstimate": {"avg": 0, "low": 0, "high": 0, "numberOfAnalysts": 0, "yearAgoRevenue": {}, "growth": {}}, "epsTrend": {"current": 0.0, "7daysAgo": 0.0, "30daysAgo": 0.0, "60daysAgo": 0.0, "90daysAgo": 0.0}, "epsRevisions": {"upLast7days": 0, "upLast30days": 0, "downLast30days": 0, "downLast90days": {}}}, {"maxAge": 1, "period": "+1q", "endDate": null, "growth": {}, "earningsEstimate": {"avg": 0.0, "low": 0.0, "high": 0.0, "yearAgoEps": {}, "numberOfAnalysts": 0, "growth": {}}, "revenueEstimate": {"avg": 0, "low": 0, "high": 0, "numberOfAnalysts": 0, "yearAgoRevenue": {}, "growth": {}}, "epsTrend": {"current": 0.0, "7daysAgo": 0.0, "30daysAgo": 0.0, "60daysAgo": 0.0, "90daysAgo": 0.0}, "epsRevisions": {"upLast7days": 0, "upLast30days": 0, "downLast30days": 0, "downLast90days": {}}}, {"maxAge": 1, "period": "0y", "endDate": null, "growth": {}, "earningsEstimate": {"avg": 0.0, "low": 0.0, "high": 0.0, "yearAgoEps": {}, "numberOfAnalysts": 0, "growth": {}}, "revenueEstimate": {"avg": 0, "low": 0, "high": 0, "numberOfAnalysts": 0, "yearAgoRevenue": {}, "growth": {}}, "epsTrend": {"current": 0.0, "7daysAgo": 0.0, "30daysAgo": 0.0, "60daysAgo": 0.0, "90daysAgo": 0.0}, "epsRevisions": {"upLast7days": 0, "upLast30days": 0, "downLast30days": 0, "downLast90days": {}}}, {"maxAge": 1, "period": "+1y", "endDate": null, "growth": {}, "earningsEstimate": {"avg": 0.0, "low": 0.0, "high": 0.0, "yearAgoEps": {}, "numberOfAnalysts": 0, "growth": {}}, "revenueEstimate": {"avg": 0, "low": 0, "high": 0, "numberOfAnalysts": 0, "yearAgoRevenue": {}, "growth": {}}, "epsTrend": {"current": 0.0, "7daysAgo": 0.0, "30daysAgo": 0.0, "60daysAgo": 0.0, "90daysAgo": 0.0}, "epsRevisions": {"upLast7days": 0, "upLast30days": 0, "downLast30days": 0, "downLast90days": {}}}, {"maxAge": 1, "period": "+5y", "endDate": null, "growth": {}, "earningsEstimate": {"avg": {}, "low": {}, "high": {}, "yearAgoEps": {}, "numberOfAnalysts": {}, "growth": {}}, "revenueEstimate": {"avg": {}, "low": {}, "high": {}, "numberOfAnalysts": {}, "yearAgoRevenue": {}, "growth": {}}, "epsTrend": {"current": {}, "7daysAgo": {}, "30daysAgo": {}, "60daysAgo": {}, "90daysAgo": {}}, "epsRevisions": {"upLast7days": {}, "upLast30days": {}, "downLast30days": {}, "downLast90days": {}}}, {"maxAge": 1, "period": "-5y", "endDate": null, "growth": {}, "earningsEstimate": {"avg": {}, "low": {}, "high": {}, "yearAgoEps": {}, "numberOfAnalysts": {}, "growth": {}}, "revenueEstimate": {"avg": {}, "low": {}, "high": {}, "numberOfAnalysts": {}, "yearAgoRevenue": {}, "growth": {}}, "epsTrend": {"current": {}, "7daysAgo": {}, "30daysAgo": {}, "60daysAgo": {}, "90daysAgo": {}}, "epsRevisions": {"upLast7days": {}, "upLast30days": {}, "downLast30days": {}, "downLast90days": {}}}], "maxAge": 1}, "financialData": {"maxAge": 86400, "currentPrice": 41.7, "targetHighPrice": 56.0, "targetLowPrice": 56.0, "targetMeanPrice": 56.0, "targetMedianPrice": 56.0, "recommendationKey": "none", "numberOfAnalystOpinions": 1, "grossProfits": 548400000, "financialCurrency": "INR"}}}