{"PRIMIND.BO": {"cashflowStatementHistory": {"cashflowStatements": [{"maxAge": 1, "endDate": "2020-03-31", "netIncome": 7518060, "depreciation": 4329, "changeToNetincome": 4316091, "changeToLiabilities": 0, "changeToInventory": 1945850, "changeToOperatingActivities": -1633267, "totalCashFromOperatingActivities": 12151063, "investments": 8366000, "totalCashflowsFromInvestingActivities": 8366000, "otherCashflowsFromFinancingActivities": -4326659, "totalCashFromFinancingActivities": -4326659, "changeInCash": 16190404}, {"maxAge": 1, "endDate": "2019-03-31", "netIncome": 1048292, "depreciation": 4480, "changeToNetincome": 3139415, "changeToLiabilities": 0, "changeToInventory": 234000, "changeToOperatingActivities": -4240913, "totalCashFromOperatingActivities": 185274, "investments": 8366000, "totalCashflowsFromInvestingActivities": 8366000, "otherCashflowsFromFinancingActivities": -3148065, "totalCashFromFinancingActivities": -3148065, "changeInCash": -2962791}, {"maxAge": 1, "endDate": "2018-03-31", "netIncome": 849000, "depreciation": 20000, "changeToNetincome": 7278000, "changeToLiabilities": 0, "changeToInventory": -490000, "changeToOperatingActivities": -59370000, "totalCashFromOperatingActivities": -51713000, "investments": 57848000, "totalCashflowsFromInvestingActivities": 60668000, "otherCashflowsFromFinancingActivities": -7293000, "totalCashFromFinancingActivities": -7293000, "changeInCash": 1662000}, {"maxAge": 1, "endDate": "2017-03-31", "netIncome": 67000, "depreciation": 19000, "changeToNetincome": 1936000, "changeToLiabilities": 0, "changeToInventory": -490000, "changeToOperatingActivities": 49755000, "totalCashFromOperatingActivities": 51777000, "investments": -53338000, "totalCashflowsFromInvestingActivities": -48148000, "otherCashflowsFromFinancingActivities": -1946000, "totalCashFromFinancingActivities": -1946000, "changeInCash": 1683000}], "maxAge": 86400}, "institutionOwnership": {"ownershipList": [], "maxAge": 1}, "balanceSheetHistoryQuarterly": {"balanceSheetStatements": [{"maxAge": 1, "endDate": "2020-06-30", "totalStockholderEquity": 70130000, "netTangibleAssets": 70130000}, {"maxAge": 1, "endDate": "2020-03-31", "cash": 16594503, "netReceivables": 7156101, "inventory": 9859336, "totalCurrentAssets": 33609940, "longTermInvestments": 15553447, "propertyPlantEquipment": 20104, "otherAssets": 30878263, "deferredLongTermAssetCharges": 67604, "totalAssets": 80061754, "otherCurrentLiab": 9488986, "totalCurrentLiabilities": 9929353, "totalLiab": 9929353, "commonStock": 78267000, "retainedEarnings": -6704046, "treasuryStock": -1430553, "otherStockholderEquity": -1430553, "totalStockholderEquity": 70132401, "netTangibleAssets": 70132401}, {"maxAge": 1, "endDate": "2019-12-31", "totalStockholderEquity": 61450000, "netTangibleAssets": 61450000}, {"maxAge": 1, "endDate": "2019-09-30", "cash": 210000, "netReceivables": 74940000, "inventory": 11550000, "totalCurrentAssets": 86700000, "longTermInvestments": 20330000, "propertyPlantEquipment": 20000, "otherAssets": 31130000, "deferredLongTermAssetCharges": 60000, "totalAssets": 138180000, "otherCurrentLiab": 17990000, "totalCurrentLiabilities": 76730000, "totalLiab": 76730000, "commonStock": 78630000, "treasuryStock": -17180000, "otherStockholderEquity": -17180000, "totalStockholderEquity": 61450000, "netTangibleAssets": 61450000}], "maxAge": 86400}, "indexTrend": {"maxAge": 1, "symbol": "SP5", "peRatio": 19.7411, "pegRatio": 1.34172, "estimates": [{"period": "0q", "growth": 0.549}, {"period": "+1q", "growth": 0.431}, {"period": "0y", "growth": 0.305}, {"period": "+1y", "growth": 0.109}, {"period": "+5y", "growth": 0.120859005}, {"period": "-5y"}]}, "insiderTransactions": {"transactions": [{"maxAge": 1, "shares": 1265000, "filerUrl": "", "transactionText": "", "filerName": "Arora (Harneesh Kaur)", "filerRelation": "Promoter", "moneyText": "", "startDate": "2018-03-28", "ownership": "D"}, {"maxAge": 1, "shares": 945200, "filerUrl": "", "transactionText": "", "filerName": "Master Trust Ltd", "filerRelation": "Promoter", "moneyText": "", "startDate": "2018-03-28", "ownership": "D"}, {"maxAge": 1, "shares": 227500, "filerUrl": "", "transactionText": "", "filerName": "G S Auto Leasing, Ltd.", "filerRelation": "Institution- Corporation", "moneyText": "", "startDate": "2014-03-31", "ownership": "D"}, {"maxAge": 1, "shares": 227500, "filerUrl": "", "transactionText": "", "filerName": "Shivalik Securities Ltd", "filerRelation": "Institution- Corporation", "moneyText": "", "startDate": "2014-03-31", "ownership": "D"}, {"maxAge": 1, "shares": 1000000, "filerUrl": "", "transactionText": "", "filerName": "Master Capital Services Ltd", "filerRelation": "Promoter", "moneyText": "", "startDate": "2014-03-07", "ownership": "D"}, {"maxAge": 1, "shares": 1000000, "filerUrl": "", "transactionText": "", "filerName": "Master Trust Ltd", "filerRelation": "UNREPORTED", "moneyText": "", "startDate": "2014-03-07", "ownership": "D"}, {"maxAge": 1, "shares": 430200, "filerUrl": "", "transactionText": "", "filerName": "Master Trust Ltd", "filerRelation": "UNREPORTED", "moneyText": "", "startDate": "2014-03-07", "ownership": "D"}, {"maxAge": 1, "shares": 95000, "filerUrl": "", "transactionText": "", "filerName": "Prime Industries Ltd Treasury Shares", "filerRelation": "UNREPORTED", "moneyText": "", "startDate": "2013-03-26", "ownership": "D"}, {"maxAge": 1, "shares": 392000, "filerUrl": "", "transactionText": "", "filerName": "G S Auto Leasing, Ltd.", "filerRelation": "Institution- Corporation", "moneyText": "", "startDate": "2013-03-15", "ownership": "D"}], "maxAge": 1}, "quoteType": {"exchange": "BSE", "quoteType": "EQUITY", "symbol": "PRIMIND.BO", "underlyingSymbol": "PRIMIND.BO", "shortName": "PRIME INDUSTRIES LTD.", "longName": "Prime Industries Ltd.", "firstTradeDateEpochUtc": "2000-07-21 09:15:00", "timeZoneFullName": "Asia/Kolkata", "timeZoneShortName": "IST", "uuid": "69ab8b61-24b4-3f02-b910-5b06fbd1dc92", "gmtOffSetMilliseconds": 19800000, "maxAge": 1}, "incomeStatementHistory": {"incomeStatementHistory": [{"maxAge": 1, "endDate": "2020-03-31", "totalRevenue": 128315267, "costOfRevenue": 112719750, "grossProfit": 15595517, "researchDevelopment": {}, "sellingGeneralAdministrative": 2354754, "nonRecurring": {}, "otherOperatingExpenses": 1402283, "totalOperatingExpenses": 116481116, "operatingIncome": 11834151, "totalOtherIncomeExpenseNet": -4326659, "ebit": 11834151, "interestExpense": -4326008, "incomeBeforeTax": 7507492, "incomeTaxExpense": -10568, "minorityInterest": {}, "netIncomeFromContinuingOps": 7518060, "discontinuedOperations": {}, "extraordinaryItems": {}, "effectOfAccountingCharges": {}, "otherItems": {}, "netIncome": 7518060, "netIncomeApplicableToCommonShares": 7518060}, {"maxAge": 1, "endDate": "2019-03-31", "totalRevenue": 81284787, "costOfRevenue": 72790887, "grossProfit": 8493900, "researchDevelopment": {}, "sellingGeneralAdministrative": 1810620, "nonRecurring": {}, "otherOperatingExpenses": 2430093, "totalOperatingExpenses": 77036080, "operatingIncome": 4248707, "totalOtherIncomeExpenseNet": -3148065, "ebit": 4248707, "interestExpense": -3147667, "incomeBeforeTax": 1100642, "incomeTaxExpense": 52350, "minorityInterest": {}, "netIncomeFromContinuingOps": 1048292, "discontinuedOperations": {}, "extraordinaryItems": {}, "effectOfAccountingCharges": {}, "otherItems": {}, "netIncome": 1048292, "netIncomeApplicableToCommonShares": 1048292}, {"maxAge": 1, "endDate": "2018-03-31", "totalRevenue": 11455000, "costOfRevenue": 0, "grossProfit": 11455000, "researchDevelopment": {}, "sellingGeneralAdministrative": 1193000, "nonRecurring": {}, "otherOperatingExpenses": 1920000, "totalOperatingExpenses": 3133000, "operatingIncome": 8322000, "totalOtherIncomeExpenseNet": -7293000, "ebit": 8322000, "interestExpense": -7292000, "incomeBeforeTax": 1029000, "incomeTaxExpense": 180000, "minorityInterest": {}, "netIncomeFromContinuingOps": 849000, "discontinuedOperations": {}, "extraordinaryItems": {}, "effectOfAccountingCharges": {}, "otherItems": {}, "netIncome": 849000, "netIncomeApplicableToCommonShares": 849000}, {"maxAge": 1, "endDate": "2017-03-31", "totalRevenue": 4365000, "costOfRevenue": 0, "grossProfit": 4365000, "researchDevelopment": {}, "sellingGeneralAdministrative": 832000, "nonRecurring": {}, "otherOperatingExpenses": 1497000, "totalOperatingExpenses": 2348000, "operatingIncome": 2017000, "totalOtherIncomeExpenseNet": -1946000, "ebit": 2017000, "interestExpense": -1945000, "incomeBeforeTax": 71000, "incomeTaxExpense": 4000, "minorityInterest": {}, "netIncomeFromContinuingOps": 67000, "discontinuedOperations": {}, "extraordinaryItems": {}, "effectOfAccountingCharges": {}, "otherItems": {}, "netIncome": 67000, "netIncomeApplicableToCommonShares": 67000}], "maxAge": 86400}, "fundOwnership": {"ownershipList": [], "maxAge": 1}, "summaryDetail": {"maxAge": 1, "priceHint": 2, "previousClose": 7.12, "open": 7.26, "dayLow": 7.12, "dayHigh": 7.26, "regularMarketPreviousClose": 7.12, "regularMarketOpen": 7.26, "regularMarketDayLow": 7.12, "regularMarketDayHigh": 7.26, "trailingPE": 14.864301, "volume": 2132, "regularMarketVolume": 2132, "averageVolume": 95, "averageVolume10days": 0, "averageDailyVolume10Day": 0, "bid": 7.26, "ask": 7.14, "bidSize": 0, "askSize": 0, "marketCap": 56248000, "fiftyTwoWeekLow": 0.67, "fiftyTwoWeekHigh": 7.26, "fiftyDayAverage": 2.6806061, "twoHundredDayAverage": 1.4947826, "currency": "INR", "fromCurrency": null, "lastMarket": null, "algorithm": null, "tradeable": false}, "incomeStatementHistoryQuarterly": {"incomeStatementHistory": [{"maxAge": 1, "endDate": "2020-06-30", "totalRevenue": 3580000, "costOfRevenue": 2680000, "grossProfit": 900000, "researchDevelopment": {}, "sellingGeneralAdministrative": 460000, "nonRecurring": {}, "otherOperatingExpenses": 450000, "totalOperatingExpenses": 3590000, "operatingIncome": -10000, "totalOtherIncomeExpenseNet": -320000, "ebit": -10000, "interestExpense": -320000, "incomeBeforeTax": -330000, "incomeTaxExpense": 0, "minorityInterest": {}, "netIncomeFromContinuingOps": -330000, "discontinuedOperations": {}, "extraordinaryItems": {}, "effectOfAccountingCharges": {}, "otherItems": {}, "netIncome": -330000, "netIncomeApplicableToCommonShares": -330000}, {"maxAge": 1, "endDate": "2020-03-31", "totalRevenue": 119585267, "costOfRevenue": 112719750, "grossProfit": 6865517, "researchDevelopment": {}, "sellingGeneralAdministrative": 574754, "nonRecurring": {}, "otherOperatingExpenses": 162283, "totalOperatingExpenses": 113461116, "operatingIncome": 6124151, "totalOtherIncomeExpenseNet": -1036659, "ebit": 6124151, "interestExpense": -1036008, "incomeBeforeTax": 5087492, "incomeTaxExpense": -510568, "minorityInterest": {}, "netIncomeFromContinuingOps": 5598060, "discontinuedOperations": {}, "extraordinaryItems": {}, "effectOfAccountingCharges": {}, "otherItems": {}, "netIncome": 5598060, "netIncomeApplicableToCommonShares": 5598060}, {"maxAge": 1, "endDate": "2019-12-31", "totalRevenue": 1450000, "costOfRevenue": 0, "grossProfit": 1450000, "researchDevelopment": {}, "sellingGeneralAdministrative": 680000, "nonRecurring": {}, "otherOperatingExpenses": 370000, "totalOperatingExpenses": 1050000, "operatingIncome": 400000, "totalOtherIncomeExpenseNet": -960000, "ebit": 400000, "interestExpense": -960000, "incomeBeforeTax": -560000, "incomeTaxExpense": -50000, "minorityInterest": {}, "netIncomeFromContinuingOps": -510000, "discontinuedOperations": {}, "extraordinaryItems": {}, "effectOfAccountingCharges": {}, "otherItems": {}, "netIncome": -510000, "netIncomeApplicableToCommonShares": -510000}, {"maxAge": 1, "endDate": "2019-09-30", "totalRevenue": 5730000, "costOfRevenue": 0, "grossProfit": 5730000, "researchDevelopment": {}, "sellingGeneralAdministrative": 580000, "nonRecurring": {}, "otherOperatingExpenses": 690000, "totalOperatingExpenses": 1270000, "operatingIncome": 4460000, "totalOtherIncomeExpenseNet": -1200000, "ebit": 4460000, "interestExpense": -1200000, "incomeBeforeTax": 3260000, "incomeTaxExpense": 550000, "minorityInterest": {}, "netIncomeFromContinuingOps": 2710000, "discontinuedOperations": {}, "extraordinaryItems": {}, "effectOfAccountingCharges": {}, "otherItems": {}, "netIncome": 2710000, "netIncomeApplicableToCommonShares": 2710000}], "maxAge": 86400}, "cashflowStatementHistoryQuarterly": {"cashflowStatements": [{"maxAge": 1, "endDate": "2020-06-30", "netIncome": -330000, "changeToLiabilities": 0}, {"maxAge": 1, "endDate": "2020-03-31", "netIncome": 5598060, "changeToLiabilities": 0}, {"maxAge": 1, "endDate": "2019-12-31", "netIncome": -510000, "changeToLiabilities": 0}, {"maxAge": 1, "endDate": "2019-09-30", "netIncome": 2710000, "changeToLiabilities": 0}], "maxAge": 86400}, "insiderHolders": {"holders": [{"maxAge": 1, "name": "Arora (Harneesh Kaur)", "relation": "Promoter", "url": "", "transactionDescription": "Purchase", "latestTransDate": "2018-03-28", "positionDirect": 1328200, "positionDirectDate": "2018-03-28"}, {"maxAge": 1, "name": "G S Auto Leasing, Ltd.", "relation": "Institution- Corporation", "url": "", "transactionDescription": "Sale", "latestTransDate": "2014-03-31", "positionDirect": 407900, "positionDirectDate": "2014-03-31"}, {"maxAge": 1, "name": "Master Capital Services Ltd", "relation": "Promoter", "url": "", "transactionDescription": "Purchase", "latestTransDate": "2014-03-07", "positionDirect": 1000000, "positionDirectDate": "2014-03-07"}, {"maxAge": 1, "name": "Master Trust Ltd", "relation": "Promoter", "url": "", "transactionDescription": "Sale", "latestTransDate": "2018-03-28", "positionDirect": 54800, "positionDirectDate": "2018-03-28"}, {"maxAge": 1, "name": "Prime Industries Ltd Treasury Shares", "relation": "UNREPORTED", "url": "", "transactionDescription": "Acquisition", "latestTransDate": "2013-03-26", "positionDirect": 593958, "positionDirectDate": "2013-03-26"}, {"maxAge": 1, "name": "Shivalik Securities Ltd", "relation": "Institution- Corporation", "url": "", "transactionDescription": "Acquisition", "latestTransDate": "2014-03-31", "positionDirect": 658193, "positionDirectDate": "2014-03-31"}], "maxAge": 1}, "calendarEvents": {"maxAge": 1, "earnings": {"earningsDate": ["2020-06-30 05:30:S"]}}, "upgradeDowngradeHistory": {"history": [], "maxAge": 86400}, "price": {"maxAge": 1, "regularMarketChangePercent": 0.0, "regularMarketChange": 0.0, "regularMarketTime": "2021-04-30 15:16:11", "priceHint": 2, "regularMarketPrice": 7.12, "regularMarketDayHigh": 7.26, "regularMarketDayLow": 7.12, "regularMarketVolume": 2132, "averageDailyVolume10Day": 0, "averageDailyVolume3Month": 95, "regularMarketPreviousClose": 7.12, "regularMarketSource": "FREE_REALTIME", "regularMarketOpen": 7.26, "exchange": "BSE", "exchangeName": "BSE", "exchangeDataDelayedBy": 0, "marketState": "CLOSED", "quoteType": "EQUITY", "symbol": "PRIMIND.BO", "underlyingSymbol": null, "shortName": "PRIME INDUSTRIES LTD.", "longName": "Prime Industries Ltd.", "currency": "INR", "quoteSourceName": "Delayed Quote", "currencySymbol": "\u20b9", "fromCurrency": null, "lastMarket": null, "marketCap": 56248000}, "balanceSheetHistory": {"balanceSheetStatements": [{"maxAge": 1, "endDate": "2020-03-31", "cash": 16594503, "netReceivables": 7156101, "inventory": 9859336, "totalCurrentAssets": 33609940, "longTermInvestments": 15553447, "propertyPlantEquipment": 20104, "otherAssets": 30878263, "deferredLongTermAssetCharges": 67604, "totalAssets": 80061754, "otherCurrentLiab": 9488986, "totalCurrentLiabilities": 9929353, "totalLiab": 9929353, "commonStock": 78267000, "retainedEarnings": -6704046, "treasuryStock": -1430553, "otherStockholderEquity": -1430553, "totalStockholderEquity": 70132401, "netTangibleAssets": 70132401}, {"maxAge": 1, "endDate": "2019-03-31", "cash": 404099, "netReceivables": 8610139, "inventory": 11805186, "totalCurrentAssets": 20819424, "longTermInvestments": 29944467, "propertyPlantEquipment": 24433, "otherAssets": 31944511, "deferredLongTermAssetCharges": 57036, "totalAssets": 82732835, "otherCurrentLiab": 13776307, "totalCurrentLiabilities": 14093474, "totalLiab": 14093474, "commonStock": 78633500, "retainedEarnings": -14222106, "treasuryStock": 4227967, "otherStockholderEquity": 4227967, "totalStockholderEquity": 68639361, "netTangibleAssets": 68639361}, {"maxAge": 1, "endDate": "2018-03-31", "cash": 3367000, "netReceivables": 16077000, "inventory": 12039000, "otherCurrentAssets": 29300000, "totalCurrentAssets": 60783000, "longTermInvestments": 61791000, "propertyPlantEquipment": 29000, "otherAssets": 31941000, "deferredLongTermAssetCharges": 48000, "totalAssets": 154544000, "otherCurrentLiab": 46955000, "totalCurrentLiabilities": 55106000, "totalLiab": 55106000, "commonStock": 78634000, "retainedEarnings": -15270000, "treasuryStock": 36074000, "otherStockholderEquity": 36074000, "totalStockholderEquity": 99438000, "netTangibleAssets": 99438000}, {"maxAge": 1, "endDate": "2017-03-31", "cash": 1705000, "netReceivables": 71342000, "inventory": 11549000, "otherCurrentAssets": 2167000, "totalCurrentAssets": 86763000, "longTermInvestments": 80631000, "propertyPlantEquipment": 49000, "otherAssets": 33926000, "deferredLongTermAssetCharges": 34000, "totalAssets": 201369000, "otherCurrentLiab": 27091000, "otherLiab": 1000, "totalCurrentLiabilities": 141787000, "totalLiab": 141788000, "commonStock": 78634000, "retainedEarnings": -18799000, "treasuryStock": -254000, "otherStockholderEquity": -254000, "totalStockholderEquity": 59581000, "netTangibleAssets": 59581000}], "maxAge": 86400}, "financialData": {"maxAge": 86400, "currentPrice": 7.12, "recommendationKey": "none", "grossProfits": 15595517, "financialCurrency": "INR"}}}