{"PRIMAIN.BO": {"cashflowStatementHistory": {"cashflowStatements": [{"maxAge": 1, "endDate": "2020-03-31", "netIncome": 25923685, "depreciation": 7290929, "changeToNetincome": -359533, "changeToAccountReceivables": -1554610, "changeToLiabilities": 0, "changeToInventory": -5054350, "changeToOperatingActivities": -6673409, "totalCashFromOperatingActivities": 19572712, "capitalExpenditures": -2144939, "investments": -8174087, "otherCashflowsFromInvestingActivities": 132917, "totalCashflowsFromInvestingActivities": -10186109, "changeInCash": 9386603}, {"maxAge": 1, "endDate": "2019-03-31", "netIncome": 22365510, "depreciation": 7167016, "changeToNetincome": -1201490, "changeToAccountReceivables": 2979999, "changeToLiabilities": 0, "changeToInventory": 871081, "changeToOperatingActivities": -28997099, "totalCashFromOperatingActivities": 3185017, "capitalExpenditures": -2362368, "investments": -4500000, "otherCashflowsFromInvestingActivities": 130500, "totalCashflowsFromInvestingActivities": -6731868, "changeInCash": -3546851}, {"maxAge": 1, "endDate": "2018-03-31", "netIncome": 13109548, "depreciation": 7078284, "changeToNetincome": -3292275, "changeToAccountReceivables": 142817, "changeToLiabilities": 0, "changeToInventory": -201427, "changeToOperatingActivities": -4100603, "totalCashFromOperatingActivities": 12736343, "capitalExpenditures": -1273016, "investments": -9799999, "otherCashflowsFromInvestingActivities": 149833, "totalCashflowsFromInvestingActivities": -10923182, "changeInCash": 1813159}, {"maxAge": 1, "endDate": "2017-03-31", "netIncome": 11025479, "depreciation": 7054550, "changeToNetincome": -1035991, "changeToAccountReceivables": -3624844, "changeToLiabilities": -22109079, "changeToInventory": -65172, "changeToOperatingActivities": -3367823, "totalCashFromOperatingActivities": 9986197, "capitalExpenditures": -930665, "investments": -6000000, "otherCashflowsFromInvestingActivities": 146743, "totalCashflowsFromInvestingActivities": -6783922, "otherCashflowsFromFinancingActivities": -10487, "totalCashFromFinancingActivities": -10487, "changeInCash": 3202275}], "maxAge": 86400}, "institutionOwnership": {"maxAge": 1, "ownershipList": []}, "balanceSheetHistoryQuarterly": {"balanceSheetStatements": [{"maxAge": 1, "endDate": "2020-06-30", "totalStockholderEquity": 150689325, "netTangibleAssets": 150689325}, {"maxAge": 1, "endDate": "2020-03-31", "cash": 12128730, "netReceivables": 9906047, "inventory": 7341712, "otherCurrentAssets": 18884135, "totalCurrentAssets": 48572920, "longTermInvestments": 40592114, "propertyPlantEquipment": 69812829, "otherAssets": 3151982, "deferredLongTermAssetCharges": 1821977, "totalAssets": 162129845, "accountsPayable": 3140804, "otherCurrentLiab": 2982955, "otherLiab": 921151, "totalCurrentLiabilities": 10519369, "totalLiab": 11440520, "commonStock": 107919000, "retainedEarnings": -228427178, "treasuryStock": 159223473, "otherStockholderEquity": 159223473, "totalStockholderEquity": 38715295, "netTangibleAssets": 38715295}, {"maxAge": 1, "endDate": "2019-12-31", "totalStockholderEquity": 131750000, "netTangibleAssets": 131750000}, {"maxAge": 1, "endDate": "2019-09-30", "cash": 6970000, "netReceivables": 85710000, "inventory": 4780000, "otherCurrentAssets": 14420000, "totalCurrentAssets": 111880000, "longTermInvestments": 34010000, "propertyPlantEquipment": 71360000, "otherAssets": 1410000, "deferredLongTermAssetCharges": 80000, "totalAssets": 218660000, "accountsPayable": 73030000, "otherCurrentLiab": 12270000, "totalCurrentLiabilities": 86910000, "totalLiab": 86910000, "commonStock": 10790000, "treasuryStock": 120960000, "otherStockholderEquity": 120960000, "totalStockholderEquity": 131750000, "netTangibleAssets": 131750000}], "maxAge": 86400}, "indexTrend": {"maxAge": 1, "symbol": "SP5", "peRatio": 19.7411, "pegRatio": 1.34172, "estimates": [{"period": "0q", "growth": 0.549}, {"period": "+1q", "growth": 0.431}, {"period": "0y", "growth": 0.305}, {"period": "+1y", "growth": 0.109}, {"period": "+5y", "growth": 0.120859005}, {"period": "-5y"}]}, "quoteType": {"exchange": "BSE", "quoteType": "EQUITY", "symbol": "PRIMAIN.BO", "underlyingSymbol": "PRIMAIN.BO", "shortName": "PRIMA INDUSTRIES LTD.", "longName": "Prima Industries Limited", "firstTradeDateEpochUtc": "2011-11-01 09:15:00", "timeZoneFullName": "Asia/Kolkata", "timeZoneShortName": "IST", "uuid": "1017e050-8c93-34c5-8771-aef00896cd84", "messageBoardId": null, "gmtOffSetMilliseconds": 19800000, "maxAge": 1}, "incomeStatementHistory": {"incomeStatementHistory": [{"maxAge": 1, "endDate": "2020-03-31", "totalRevenue": 170554051, "costOfRevenue": 81153971, "grossProfit": 89400080, "researchDevelopment": {}, "sellingGeneralAdministrative": 14431633, "nonRecurring": {}, "otherOperatingExpenses": 46482052, "totalOperatingExpenses": 149386711, "operatingIncome": 21167340, "totalOtherIncomeExpenseNet": 4795256, "ebit": 21167340, "interestExpense": {}, "incomeBeforeTax": 25962596, "incomeTaxExpense": 38911, "minorityInterest": {}, "netIncomeFromContinuingOps": 25923685, "discontinuedOperations": {}, "extraordinaryItems": {}, "effectOfAccountingCharges": {}, "otherItems": {}, "netIncome": 25923685, "netIncomeApplicableToCommonShares": 25923685}, {"maxAge": 1, "endDate": "2019-03-31", "totalRevenue": 90734431, "costOfRevenue": 8465878, "grossProfit": 82268553, "researchDevelopment": {}, "sellingGeneralAdministrative": 11472978, "nonRecurring": {}, "otherOperatingExpenses": 42534106, "totalOperatingExpenses": 69639978, "operatingIncome": 21094453, "totalOtherIncomeExpenseNet": 572998, "ebit": 21094453, "interestExpense": {}, "incomeBeforeTax": 21667451, "incomeTaxExpense": -698059, "minorityInterest": {}, "netIncomeFromContinuingOps": 22365510, "discontinuedOperations": {}, "extraordinaryItems": {}, "effectOfAccountingCharges": {}, "otherItems": {}, "netIncome": 22365510, "netIncomeApplicableToCommonShares": 22365510}, {"maxAge": 1, "endDate": "2018-03-31", "totalRevenue": 275778721, "costOfRevenue": 205078109, "grossProfit": 70700612, "researchDevelopment": {}, "sellingGeneralAdministrative": 9375620, "nonRecurring": {}, "otherOperatingExpenses": 42991864, "totalOperatingExpenses": 264787007, "operatingIncome": 10991714, "totalOtherIncomeExpenseNet": 1685444, "ebit": 10991714, "interestExpense": {}, "incomeBeforeTax": 12677158, "incomeTaxExpense": -432390, "minorityInterest": {}, "netIncomeFromContinuingOps": 13109548, "discontinuedOperations": {}, "extraordinaryItems": {}, "effectOfAccountingCharges": {}, "otherItems": {}, "netIncome": 13109548, "netIncomeApplicableToCommonShares": 13109548}, {"maxAge": 1, "endDate": "2017-03-31", "totalRevenue": 84170695, "costOfRevenue": 25043594, "grossProfit": 59127101, "researchDevelopment": {}, "sellingGeneralAdministrative": 8290698, "nonRecurring": {}, "otherOperatingExpenses": 33700208, "totalOperatingExpenses": 74128073, "operatingIncome": 10042622, "totalOtherIncomeExpenseNet": 337329, "ebit": 10042622, "interestExpense": -277, "incomeBeforeTax": 10379951, "incomeTaxExpense": -645528, "minorityInterest": {}, "netIncomeFromContinuingOps": 11025479, "discontinuedOperations": {}, "extraordinaryItems": {}, "effectOfAccountingCharges": {}, "otherItems": {}, "netIncome": 11025479, "netIncomeApplicableToCommonShares": 11025479}], "maxAge": 86400}, "fundOwnership": {"maxAge": 1, "ownershipList": []}, "summaryDetail": {"maxAge": 1, "priceHint": 2, "previousClose": 15.35, "open": 16.1, "dayLow": 16.1, "dayHigh": 16.1, "regularMarketPreviousClose": 15.35, "regularMarketOpen": 16.1, "regularMarketDayLow": 16.1, "regularMarketDayHigh": 16.1, "trailingPE": 6.708333, "volume": 551, "regularMarketVolume": 551, "averageVolume": 931, "averageVolume10days": 218, "averageDailyVolume10Day": 218, "bid": 16.1, "ask": 16.95, "bidSize": 0, "askSize": 0, "marketCap": 173749600, "fiftyTwoWeekLow": 6.38, "fiftyTwoWeekHigh": 17.78, "fiftyDayAverage": 15.462857, "twoHundredDayAverage": 11.25, "currency": "INR", "fromCurrency": null, "toCurrency": null, "lastMarket": null, "algorithm": null, "tradeable": false}, "incomeStatementHistoryQuarterly": {"incomeStatementHistory": [{"maxAge": 1, "endDate": "2020-06-30", "totalRevenue": 43210000, "costOfRevenue": 10520000, "grossProfit": 32690000, "researchDevelopment": {}, "sellingGeneralAdministrative": 23920000, "nonRecurring": {}, "otherOperatingExpenses": {}, "totalOperatingExpenses": 36290000, "operatingIncome": 6920000, "totalOtherIncomeExpenseNet": 20000, "ebit": 6920000, "interestExpense": {}, "incomeBeforeTax": 6940000, "incomeTaxExpense": 0, "minorityInterest": {}, "netIncomeFromContinuingOps": 6940000, "discontinuedOperations": {}, "extraordinaryItems": {}, "effectOfAccountingCharges": {}, "otherItems": {}, "netIncome": 6940000, "netIncomeApplicableToCommonShares": 4140000}, {"maxAge": 1, "endDate": "2020-03-31", "totalRevenue": 79724051, "costOfRevenue": 80303971, "grossProfit": -579920, "researchDevelopment": {}, "sellingGeneralAdministrative": -52488367, "nonRecurring": {}, "otherOperatingExpenses": 46482052, "totalOperatingExpenses": 76216711, "operatingIncome": 3507340, "totalOtherIncomeExpenseNet": 4525256, "ebit": 3507340, "interestExpense": {}, "incomeBeforeTax": 8032596, "incomeTaxExpense": 38911, "minorityInterest": {}, "netIncomeFromContinuingOps": 7993685, "discontinuedOperations": {}, "extraordinaryItems": {}, "effectOfAccountingCharges": {}, "otherItems": {}, "netIncome": 7993685, "netIncomeApplicableToCommonShares": 16393685}, {"maxAge": 1, "endDate": "2019-12-31", "totalRevenue": 41820000, "costOfRevenue": -8330000, "grossProfit": 50150000, "researchDevelopment": {}, "sellingGeneralAdministrative": 38710000, "nonRecurring": {}, "otherOperatingExpenses": 46482052, "totalOperatingExpenses": 32180000, "operatingIncome": 9640000, "totalOtherIncomeExpenseNet": 220000, "ebit": 9640000, "interestExpense": {}, "incomeBeforeTax": 9860000, "incomeTaxExpense": 0, "minorityInterest": {}, "netIncomeFromContinuingOps": 9860000, "discontinuedOperations": {}, "extraordinaryItems": {}, "effectOfAccountingCharges": {}, "otherItems": {}, "netIncome": 9860000, "netIncomeApplicableToCommonShares": 7060000}, {"maxAge": 1, "endDate": "2019-09-30", "totalRevenue": 28560000, "costOfRevenue": 3440000, "grossProfit": 25120000, "researchDevelopment": {}, "sellingGeneralAdministrative": 20880000, "nonRecurring": {}, "otherOperatingExpenses": 46482052, "totalOperatingExpenses": 26120000, "operatingIncome": 2440000, "totalOtherIncomeExpenseNet": 20000, "ebit": 2440000, "interestExpense": {}, "incomeBeforeTax": 2460000, "incomeTaxExpense": 0, "minorityInterest": {}, "netIncomeFromContinuingOps": 2460000, "discontinuedOperations": {}, "extraordinaryItems": {}, "effectOfAccountingCharges": {}, "otherItems": {}, "netIncome": 2460000, "netIncomeApplicableToCommonShares": -340000}], "maxAge": 86400}, "cashflowStatementHistoryQuarterly": {"cashflowStatements": [{"maxAge": 1, "endDate": "2020-06-30", "netIncome": 6940000, "changeToLiabilities": 0}, {"maxAge": 1, "endDate": "2020-03-31", "netIncome": 7993685, "changeToLiabilities": 0}, {"maxAge": 1, "endDate": "2019-12-31", "netIncome": 9860000, "changeToLiabilities": 0}, {"maxAge": 1, "endDate": "2019-09-30", "netIncome": 2460000, "changeToLiabilities": 0}], "maxAge": 86400}, "insiderHolders": {"holders": [], "maxAge": 1}, "calendarEvents": {"maxAge": 1, "earnings": {"earningsDate": []}}, "price": {"maxAge": 1, "regularMarketChangePercent": 0.048859935, "regularMarketChange": 0.75, "regularMarketTime": "2021-04-30 14:31:09", "priceHint": 2, "regularMarketPrice": 16.1, "regularMarketDayHigh": 16.1, "regularMarketDayLow": 16.1, "regularMarketVolume": 551, "averageDailyVolume10Day": 218, "averageDailyVolume3Month": 931, "regularMarketPreviousClose": 15.35, "regularMarketSource": "FREE_REALTIME", "regularMarketOpen": 16.1, "exchange": "BSE", "exchangeName": "BSE", "exchangeDataDelayedBy": 0, "marketState": "CLOSED", "quoteType": "EQUITY", "symbol": "PRIMAIN.BO", "underlyingSymbol": null, "shortName": "PRIMA INDUSTRIES LTD.", "longName": "Prima Industries Limited", "currency": "INR", "quoteSourceName": "Delayed Quote", "currencySymbol": "\u20b9", "fromCurrency": null, "toCurrency": null, "lastMarket": null, "marketCap": 173749600}, "balanceSheetHistory": {"balanceSheetStatements": [{"maxAge": 1, "endDate": "2020-03-31", "cash": 12128730, "netReceivables": 9906047, "inventory": 7341712, "otherCurrentAssets": 18884135, "totalCurrentAssets": 48572920, "longTermInvestments": 40592114, "propertyPlantEquipment": 69812829, "otherAssets": 3151982, "deferredLongTermAssetCharges": 1821977, "totalAssets": 162129845, "accountsPayable": 3140804, "otherCurrentLiab": 2982955, "otherLiab": 921151, "totalCurrentLiabilities": 10519369, "totalLiab": 11440520, "commonStock": 107919000, "retainedEarnings": -228427178, "treasuryStock": 159223473, "otherStockholderEquity": 159223473, "totalStockholderEquity": 38715295, "netTangibleAssets": 38715295}, {"maxAge": 1, "endDate": "2019-03-31", "cash": 2863447, "netReceivables": 8212899, "inventory": 2287362, "otherCurrentAssets": 9856635, "totalCurrentAssets": 23435630, "longTermInvestments": 38530028, "propertyPlantEquipment": 74958819, "otherAssets": 1601772, "deferredLongTermAssetCharges": 271768, "totalAssets": 138526249, "accountsPayable": 459683, "otherCurrentLiab": 5442122, "otherLiab": 790807, "totalCurrentLiabilities": 8446922, "totalLiab": 9237729, "commonStock": 107919000, "retainedEarnings": -254350863, "treasuryStock": 163746353, "otherStockholderEquity": 163746353, "totalStockholderEquity": 17314490, "netTangibleAssets": 17314490}, {"maxAge": 1, "endDate": "2018-03-31", "cash": 6410299, "netReceivables": 10547127, "inventory": 3158442, "otherCurrentAssets": 850431, "totalCurrentAssets": 21174875, "longTermInvestments": 31840866, "propertyPlantEquipment": 79763466, "otherAssets": 1988280, "deferredLongTermAssetCharges": 142890, "totalAssets": 134767487, "accountsPayable": 499683, "otherCurrentLiab": 13692487, "otherLiab": 778262, "totalCurrentLiabilities": 28686196, "totalLiab": 29464458, "commonStock": 107919000, "retainedEarnings": -276716373, "treasuryStock": 162126373, "otherStockholderEquity": 162126373, "totalStockholderEquity": -6671000, "netTangibleAssets": -6671000}, {"maxAge": 1, "endDate": "2017-03-31", "cash": 4597138, "netReceivables": 9678737, "inventory": 2957014, "otherCurrentAssets": 539673, "totalCurrentAssets": 18022676, "longTermInvestments": 20479745, "propertyPlantEquipment": 85568735, "otherAssets": 2058360, "deferredLongTermAssetCharges": 112489, "totalAssets": 126129516, "accountsPayable": 475733, "otherCurrentLiab": 8064145, "otherLiab": 660199, "totalCurrentLiabilities": 34434970, "totalLiab": 35095169, "commonStock": 107919000, "retainedEarnings": -289825920, "treasuryStock": 160967240, "otherStockholderEquity": 160967240, "totalStockholderEquity": -20939680, "netTangibleAssets": -20939680}], "maxAge": 86400}, "financialData": {"maxAge": 86400, "currentPrice": 16.1, "recommendationKey": "none", "grossProfits": 89400080, "financialCurrency": "INR"}}}