{"PRIMAPLA.BO": {"recommendationTrend": {"trend": [{"period": "0m", "strongBuy": 0, "buy": 0, "hold": 0, "sell": 0, "strongSell": 0}, {"period": "-1m", "strongBuy": 0, "buy": 0, "hold": 0, "sell": 0, "strongSell": 0}, {"period": "-2m", "strongBuy": 0, "buy": 0, "hold": 0, "sell": 0, "strongSell": 0}, {"period": "-3m", "strongBuy": 0, "buy": 0, "hold": 0, "sell": 0, "strongSell": 0}], "maxAge": 86400}, "cashflowStatementHistory": {"cashflowStatements": [{"maxAge": 1, "endDate": "2020-03-31", "netIncome": 101082128, "depreciation": 47889151, "changeToNetincome": 30172638, "changeToAccountReceivables": 37013546, "changeToLiabilities": 11781626, "changeToInventory": -5648507, "changeToOperatingActivities": -14470649, "totalCashFromOperatingActivities": 207819933, "capitalExpenditures": -20255892, "otherCashflowsFromInvestingActivities": -54603847, "totalCashflowsFromInvestingActivities": -73359739, "dividendsPaid": -26567140, "netBorrowings": -125472406, "otherCashflowsFromFinancingActivities": -17023490, "totalCashFromFinancingActivities": -169063036, "effectOfExchangeRate": 3563413, "changeInCash": -31039428}, {"maxAge": 1, "endDate": "2019-03-31", "netIncome": 94866503, "depreciation": 40160731, "changeToNetincome": 29727280, "changeToAccountReceivables": -46078322, "changeToLiabilities": 19776553, "changeToInventory": -22360403, "changeToOperatingActivities": -13069740, "totalCashFromOperatingActivities": 103022602, "capitalExpenditures": -21500968, "otherCashflowsFromInvestingActivities": -19165390, "totalCashflowsFromInvestingActivities": -39114328, "dividendsPaid": -22000940, "netBorrowings": 15909591, "otherCashflowsFromFinancingActivities": -27966479, "totalCashFromFinancingActivities": -34057828, "effectOfExchangeRate": -1861721, "changeInCash": 30449475}, {"maxAge": 1, "endDate": "2018-03-31", "netIncome": 95034125, "depreciation": 25369970, "changeToNetincome": 7979842, "changeToAccountReceivables": -111499215, "changeToLiabilities": 654938, "changeToInventory": -81319341, "changeToOperatingActivities": -30558430, "totalCashFromOperatingActivities": -94338111, "capitalExpenditures": -148381847, "otherCashflowsFromInvestingActivities": 10121510, "totalCashflowsFromInvestingActivities": -138050336, "dividendsPaid": -22000940, "netBorrowings": 241649191, "otherCashflowsFromFinancingActivities": -14940277, "totalCashFromFinancingActivities": 204707974, "effectOfExchangeRate": -1636766, "changeInCash": -29317240}, {"maxAge": 1, "endDate": "2017-03-31", "netIncome": 104722079, "depreciation": 9596331, "changeToNetincome": 5615477, "changeToAccountReceivables": 5133061, "changeToLiabilities": 5611667, "changeToInventory": -9197715, "changeToOperatingActivities": -16711695, "totalCashFromOperatingActivities": 104769205, "capitalExpenditures": -150341585, "investments": 5229458, "otherCashflowsFromInvestingActivities": -1505062, "totalCashflowsFromInvestingActivities": -140888940, "dividendsPaid": -22000940, "netBorrowings": 43091932, "otherCashflowsFromFinancingActivities": 714045, "totalCashFromFinancingActivities": 43805977, "effectOfExchangeRate": 1752376, "changeInCash": 9438618}], "maxAge": 86400}, "institutionOwnership": {"maxAge": 1, "ownershipList": []}, "balanceSheetHistoryQuarterly": {"balanceSheetStatements": [{"maxAge": 1, "endDate": "2020-06-30", "totalStockholderEquity": 968313000, "netTangibleAssets": 966837000}, {"maxAge": 1, "endDate": "2020-03-31", "cash": 43688879, "netReceivables": 251052849, "inventory": 273883630, "otherCurrentAssets": 111010249, "totalCurrentAssets": 683155873, "longTermInvestments": 306912761, "propertyPlantEquipment": 289181905, "intangibleAssets": 1475798, "otherAssets": 26530293, "totalAssets": 1307256630, "accountsPayable": 60798520, "shortLongTermDebt": 18098164, "otherCurrentLiab": 11093930, "longTermDebt": 31098059, "otherLiab": 21440096, "minorityInterest": 4853287, "totalCurrentLiabilities": 276656530, "totalLiab": 334090199, "commonStock": 110004700, "retainedEarnings": 843937629, "treasuryStock": 1290815, "capitalSurplus": 13080000, "otherStockholderEquity": 1290815, "totalStockholderEquity": 968313144, "netTangibleAssets": 966837346}, {"maxAge": 1, "endDate": "2019-12-31", "totalStockholderEquity": 914039000, "netTangibleAssets": 912840000}, {"maxAge": 1, "endDate": "2019-09-30", "cash": 32345000, "shortTermInvestments": 43668000, "netReceivables": 265522000, "inventory": 294878000, "otherCurrentAssets": 66679000, "totalCurrentAssets": 703092000, "longTermInvestments": 282239000, "propertyPlantEquipment": 298578000, "intangibleAssets": 1199000, "otherAssets": 27399000, "totalAssets": 1312507000, "accountsPayable": 26482000, "otherCurrentLiab": 44164000, "longTermDebt": 40735000, "otherLiab": 25103000, "minorityInterest": 2831000, "totalCurrentLiabilities": 323856000, "totalLiab": 395637000, "commonStock": 110005000, "treasuryStock": 804034000, "otherStockholderEquity": 804034000, "totalStockholderEquity": 914039000, "netTangibleAssets": 912840000}], "maxAge": 86400}, "earningsHistory": {"history": [{"maxAge": 1, "epsActual": {}, "epsEstimate": {}, "epsDifference": {}, "surprisePercent": {}, "quarter": {}, "period": "-4q"}, {"maxAge": 1, "epsActual": {}, "epsEstimate": {}, "epsDifference": {}, "surprisePercent": {}, "quarter": {}, "period": "-3q"}, {"maxAge": 1, "epsActual": {}, "epsEstimate": {}, "epsDifference": {}, "surprisePercent": {}, "quarter": {}, "period": "-2q"}, {"maxAge": 1, "epsActual": {}, "epsEstimate": {}, "epsDifference": {}, "surprisePercent": {}, "quarter": {}, "period": "-1q"}], "maxAge": 86400}, "indexTrend": {"maxAge": 1, "symbol": "SP5", "peRatio": 19.7411, "pegRatio": 1.34172, "estimates": [{"period": "0q", "growth": 0.549}, {"period": "+1q", "growth": 0.431}, {"period": "0y", "growth": 0.305}, {"period": "+1y", "growth": 0.109}, {"period": "+5y", "growth": 0.120859005}, {"period": "-5y"}]}, "industryTrend": {"maxAge": 1, "symbol": null, "estimates": []}, "quoteType": {"exchange": "BSE", "quoteType": "EQUITY", "symbol": "PRIMAPLA.BO", "underlyingSymbol": "PRIMAPLA.BO", "shortName": "PRIMA PLASTICS LTD.", "longName": "Prima Plastics Limited", "firstTradeDateEpochUtc": "2000-07-28 09:15:00", "timeZoneFullName": "Asia/Kolkata", "timeZoneShortName": "IST", "uuid": "75ffc899-04fe-38c2-821f-265ad11b7c80", "messageBoardId": null, "gmtOffSetMilliseconds": 19800000, "maxAge": 1}, "incomeStatementHistory": {"incomeStatementHistory": [{"maxAge": 1, "endDate": "2020-03-31", "totalRevenue": 1270589861, "costOfRevenue": 755707758, "grossProfit": 514882103, "researchDevelopment": {}, "sellingGeneralAdministrative": 174672774, "nonRecurring": {}, "otherOperatingExpenses": 208433490, "totalOperatingExpenses": 1189997034, "operatingIncome": 80592827, "totalOtherIncomeExpenseNet": 38132015, "ebit": 80592827, "interestExpense": -18372399, "incomeBeforeTax": 118724842, "incomeTaxExpense": 14915633, "minorityInterest": 4853287, "netIncomeFromContinuingOps": 103809209, "discontinuedOperations": {}, "extraordinaryItems": {}, "effectOfAccountingCharges": {}, "otherItems": {}, "netIncome": 101082128, "netIncomeApplicableToCommonShares": 101082128}, {"maxAge": 1, "endDate": "2019-03-31", "totalRevenue": 1329174790, "costOfRevenue": 849672248, "grossProfit": 479502542, "researchDevelopment": {}, "sellingGeneralAdministrative": 172530629, "nonRecurring": {}, "otherOperatingExpenses": 194142709, "totalOperatingExpenses": 1256495592, "operatingIncome": 72679198, "totalOtherIncomeExpenseNet": 42714039, "ebit": 72679198, "interestExpense": -23487479, "incomeBeforeTax": 115393237, "incomeTaxExpense": 19759239, "minorityInterest": 1769864, "netIncomeFromContinuingOps": 95633998, "discontinuedOperations": {}, "extraordinaryItems": {}, "effectOfAccountingCharges": {}, "otherItems": {}, "netIncome": 94866503, "netIncomeApplicableToCommonShares": 94866503}, {"maxAge": 1, "endDate": "2018-03-31", "totalRevenue": 1027374350, "costOfRevenue": 634166491, "grossProfit": 393207859, "researchDevelopment": {}, "sellingGeneralAdministrative": 136762908, "nonRecurring": {}, "otherOperatingExpenses": 162033270, "totalOperatingExpenses": 958321914, "operatingIncome": 69052436, "totalOtherIncomeExpenseNet": 52823798, "ebit": 69052436, "interestExpense": -11351389, "incomeBeforeTax": 121876234, "incomeTaxExpense": 29241542, "minorityInterest": 1002369, "netIncomeFromContinuingOps": 92634692, "discontinuedOperations": {}, "extraordinaryItems": {}, "effectOfAccountingCharges": {}, "otherItems": {}, "netIncome": 95034125, "netIncomeApplicableToCommonShares": 95034125}, {"maxAge": 1, "endDate": "2017-03-31", "totalRevenue": 842836199, "costOfRevenue": 514695521, "grossProfit": 328140678, "researchDevelopment": {}, "sellingGeneralAdministrative": 85370732, "nonRecurring": {}, "otherOperatingExpenses": 156080560, "totalOperatingExpenses": 765732419, "operatingIncome": 77103780, "totalOtherIncomeExpenseNet": 66442732, "ebit": 77103780, "interestExpense": -2842966, "incomeBeforeTax": 143546512, "incomeTaxExpense": 38979642, "minorityInterest": 3401802, "netIncomeFromContinuingOps": 104566870, "discontinuedOperations": {}, "extraordinaryItems": {}, "effectOfAccountingCharges": {}, "otherItems": {}, "netIncome": 104722079, "netIncomeApplicableToCommonShares": 104722079}], "maxAge": 86400}, "fundOwnership": {"maxAge": 1, "ownershipList": []}, "summaryDetail": {"maxAge": 1, "priceHint": 2, "previousClose": 91.25, "open": 90.25, "dayLow": 87.0, "dayHigh": 94.4, "regularMarketPreviousClose": 91.25, "regularMarketOpen": 90.25, "regularMarketDayLow": 87.0, "regularMarketDayHigh": 94.4, "trailingPE": 11.275291, "forwardPE": 5.970779, "volume": 17117, "regularMarketVolume": 17117, "averageVolume": 13175, "averageVolume10days": 9449, "averageDailyVolume10Day": 9449, "bid": 92.0, "ask": 92.55, "bidSize": 0, "askSize": 0, "marketCap": 1011495936, "fiftyTwoWeekLow": 23.8, "fiftyTwoWeekHigh": 94.4, "fiftyDayAverage": 81.222855, "twoHundredDayAverage": 64.01387, "trailingAnnualDividendRate": 1.0, "trailingAnnualDividendYield": 0.010958904, "currency": "INR", "fromCurrency": null, "toCurrency": null, "lastMarket": null, "algorithm": null, "tradeable": false}, "sectorTrend": {"maxAge": 1, "symbol": null, "estimates": []}, "incomeStatementHistoryQuarterly": {"incomeStatementHistory": [{"maxAge": 1, "endDate": "2020-06-30", "totalRevenue": 135488000, "costOfRevenue": 74086000, "grossProfit": 61402000, "researchDevelopment": {}, "sellingGeneralAdministrative": 29708000, "nonRecurring": {}, "otherOperatingExpenses": 38050000, "totalOperatingExpenses": 153527000, "operatingIncome": -18039000, "totalOtherIncomeExpenseNet": 19525000, "ebit": -18039000, "interestExpense": -3069000, "incomeBeforeTax": 1486000, "incomeTaxExpense": -2650000, "minorityInterest": {}, "netIncomeFromContinuingOps": 4136000, "discontinuedOperations": {}, "extraordinaryItems": {}, "effectOfAccountingCharges": {}, "otherItems": {}, "netIncome": 4751000, "netIncomeApplicableToCommonShares": 4751000}, {"maxAge": 1, "endDate": "2020-03-31", "totalRevenue": 332184861, "costOfRevenue": 188870758, "grossProfit": 143314103, "researchDevelopment": {}, "sellingGeneralAdministrative": 60927774, "nonRecurring": {}, "otherOperatingExpenses": 36585490, "totalOperatingExpenses": 301801034, "operatingIncome": 30383827, "totalOtherIncomeExpenseNet": 10135015, "ebit": 30383827, "interestExpense": -3229399, "incomeBeforeTax": 40518842, "incomeTaxExpense": 3476633, "minorityInterest": 4853287, "netIncomeFromContinuingOps": 37042209, "discontinuedOperations": {}, "extraordinaryItems": {}, "effectOfAccountingCharges": {}, "otherItems": {}, "netIncome": 36340128, "netIncomeApplicableToCommonShares": 36340128}, {"maxAge": 1, "endDate": "2019-12-31", "totalRevenue": 338103000, "costOfRevenue": 204016000, "grossProfit": 134087000, "researchDevelopment": {}, "sellingGeneralAdministrative": 39000000, "nonRecurring": {}, "otherOperatingExpenses": 60637000, "totalOperatingExpenses": 316484000, "operatingIncome": 21619000, "totalOtherIncomeExpenseNet": 10428000, "ebit": 21619000, "interestExpense": -4363000, "incomeBeforeTax": 32047000, "incomeTaxExpense": 5066000, "minorityInterest": 4853287, "netIncomeFromContinuingOps": 26981000, "discontinuedOperations": {}, "extraordinaryItems": {}, "effectOfAccountingCharges": {}, "otherItems": {}, "netIncome": 26017000, "netIncomeApplicableToCommonShares": 26017000}, {"maxAge": 1, "endDate": "2019-09-30", "totalRevenue": 313043000, "costOfRevenue": 185599000, "grossProfit": 127444000, "researchDevelopment": {}, "sellingGeneralAdministrative": 38069000, "nonRecurring": {}, "otherOperatingExpenses": 59132000, "totalOperatingExpenses": 296133000, "operatingIncome": 16910000, "totalOtherIncomeExpenseNet": 9714000, "ebit": 16910000, "interestExpense": -4966000, "incomeBeforeTax": 26624000, "incomeTaxExpense": 3523000, "minorityInterest": 2831000, "netIncomeFromContinuingOps": 23101000, "discontinuedOperations": {}, "extraordinaryItems": {}, "effectOfAccountingCharges": {}, "otherItems": {}, "netIncome": 22615000, "netIncomeApplicableToCommonShares": 22615000}], "maxAge": 86400}, "cashflowStatementHistoryQuarterly": {"cashflowStatements": [{"maxAge": 1, "endDate": "2020-06-30", "netIncome": 4751000, "changeToLiabilities": 0}, {"maxAge": 1, "endDate": "2020-03-31", "netIncome": 36340128, "changeToLiabilities": 0}, {"maxAge": 1, "endDate": "2019-12-31", "netIncome": 26017000, "changeToLiabilities": 0}, {"maxAge": 1, "endDate": "2019-09-30", "netIncome": 22615000, "changeToLiabilities": 0}], "maxAge": 86400}, "insiderHolders": {"holders": [], "maxAge": 1}, "earnings": {"maxAge": 86400, "earningsChart": {"quarterly": [], "earningsDate": []}, "financialsChart": {"yearly": [{"date": 2017, "revenue": 842836199, "earnings": 104722079}, {"date": 2018, "revenue": 1027374350, "earnings": 95034125}, {"date": 2019, "revenue": 1329174790, "earnings": 94866503}, {"date": 2020, "revenue": 1270589861, "earnings": 101082128}], "quarterly": [{"date": "3Q2019", "revenue": 313043000, "earnings": 22615000}, {"date": "4Q2019", "revenue": 338103000, "earnings": 26017000}, {"date": "1Q2020", "revenue": 332184861, "earnings": 36340128}, {"date": "2Q2020", "revenue": 135488000, "earnings": 4751000}]}, "financialCurrency": "INR"}, "calendarEvents": {"maxAge": 1, "earnings": {"earningsDate": []}}, "price": {"maxAge": 1, "regularMarketChangePercent": 0.0076711993, "regularMarketChange": 0.69999695, "regularMarketTime": "2021-04-30 15:29:12", "priceHint": 2, "regularMarketPrice": 91.95, "regularMarketDayHigh": 94.4, "regularMarketDayLow": 87.0, "regularMarketVolume": 17117, "averageDailyVolume10Day": 9449, "averageDailyVolume3Month": 13175, "regularMarketPreviousClose": 91.25, "regularMarketSource": "FREE_REALTIME", "regularMarketOpen": 90.25, "exchange": "BSE", "exchangeName": "BSE", "exchangeDataDelayedBy": 0, "marketState": "CLOSED", "quoteType": "EQUITY", "symbol": "PRIMAPLA.BO", "underlyingSymbol": null, "shortName": "PRIMA PLASTICS LTD.", "longName": "Prima Plastics Limited", "currency": "INR", "quoteSourceName": "Delayed Quote", "currencySymbol": "\u20b9", "fromCurrency": null, "toCurrency": null, "lastMarket": null, "marketCap": 1011495936}, "balanceSheetHistory": {"balanceSheetStatements": [{"maxAge": 1, "endDate": "2020-03-31", "cash": 43688879, "netReceivables": 251052849, "inventory": 273883630, "otherCurrentAssets": 111010249, "totalCurrentAssets": 683155873, "longTermInvestments": 306912761, "propertyPlantEquipment": 289181905, "intangibleAssets": 1475798, "otherAssets": 26530293, "totalAssets": 1307256630, "accountsPayable": 60798520, "shortLongTermDebt": 18098164, "otherCurrentLiab": 11093930, "longTermDebt": 31098059, "otherLiab": 21440096, "minorityInterest": 4853287, "totalCurrentLiabilities": 276656530, "totalLiab": 334090199, "commonStock": 110004700, "retainedEarnings": 843937629, "treasuryStock": 1290815, "capitalSurplus": 13080000, "otherStockholderEquity": 1290815, "totalStockholderEquity": 968313144, "netTangibleAssets": 966837346}, {"maxAge": 1, "endDate": "2019-03-31", "cash": 74728308, "shortTermInvestments": 39409000, "netReceivables": 326002150, "inventory": 268235123, "otherCurrentAssets": 74227923, "totalCurrentAssets": 745311825, "longTermInvestments": 250223773, "propertyPlantEquipment": 298090075, "intangibleAssets": 663338, "otherAssets": 26414626, "totalAssets": 1320703637, "accountsPayable": 49016894, "shortLongTermDebt": 15424034, "otherCurrentLiab": 14045327, "longTermDebt": 50885222, "otherLiab": 24642247, "minorityInterest": 1769864, "totalCurrentLiabilities": 353225008, "totalLiab": 428752477, "commonStock": 110004700, "retainedEarnings": 769012852, "treasuryStock": -1916256, "capitalSurplus": 13080000, "otherStockholderEquity": -1916256, "totalStockholderEquity": 890181296, "netTangibleAssets": 889517958}, {"maxAge": 1, "endDate": "2018-03-31", "cash": 46635602, "netReceivables": 289077331, "inventory": 245874720, "otherCurrentAssets": 59169153, "totalCurrentAssets": 642505631, "longTermInvestments": 216074407, "propertyPlantEquipment": 318005621, "intangibleAssets": 817842, "otherAssets": 27457486, "totalAssets": 1204860987, "accountsPayable": 29240341, "shortLongTermDebt": 6689644, "otherCurrentLiab": 9319988, "longTermDebt": 50846445, "otherLiab": 25822062, "minorityInterest": 1002369, "totalCurrentLiabilities": 304659791, "totalLiab": 381328298, "commonStock": 110004700, "retainedEarnings": 699330010, "treasuryStock": 115610, "capitalSurplus": 13080000, "otherStockholderEquity": 115610, "totalStockholderEquity": 822530320, "netTangibleAssets": 821712478}, {"maxAge": 1, "endDate": "2017-03-31", "cash": 74463681, "netReceivables": 171125052, "inventory": 164555379, "otherCurrentAssets": 30598258, "totalCurrentAssets": 444483092, "longTermInvestments": 177910471, "propertyPlantEquipment": 243063612, "intangibleAssets": 320296, "otherAssets": 17944066, "totalAssets": 883721537, "accountsPayable": 17064234, "shortLongTermDebt": 1186946, "otherCurrentLiab": 22052892, "longTermDebt": 5391372, "otherLiab": 19971906, "minorityInterest": 3401802, "totalCurrentLiabilities": 98698759, "totalLiab": 124062037, "commonStock": 110004700, "retainedEarnings": 631420622, "treasuryStock": 1752376, "capitalSurplus": 13080000, "otherStockholderEquity": 1752376, "totalStockholderEquity": 756257698, "netTangibleAssets": 755937402}], "maxAge": 86400}, "earningsTrend": {"trend": [{"maxAge": 1, "period": "0q", "endDate": null, "growth": {}, "earningsEstimate": {"avg": 0.0, "low": 0.0, "high": 0.0, "yearAgoEps": {}, "numberOfAnalysts": 0, "growth": {}}, "revenueEstimate": {"avg": 0, "low": 0, "high": 0, "numberOfAnalysts": 0, "yearAgoRevenue": {}, "growth": {}}, "epsTrend": {"current": 0.0, "7daysAgo": 0.0, "30daysAgo": 0.0, "60daysAgo": 0.0, "90daysAgo": 0.0}, "epsRevisions": {"upLast7days": 0, "upLast30days": 0, "downLast30days": 0, "downLast90days": {}}}, {"maxAge": 1, "period": "+1q", "endDate": null, "growth": {}, "earningsEstimate": {"avg": 0.0, "low": 0.0, "high": 0.0, "yearAgoEps": {}, "numberOfAnalysts": 0, "growth": {}}, "revenueEstimate": {"avg": 0, "low": 0, "high": 0, "numberOfAnalysts": 0, "yearAgoRevenue": {}, "growth": {}}, "epsTrend": {"current": 0.0, "7daysAgo": 0.0, "30daysAgo": 0.0, "60daysAgo": 0.0, "90daysAgo": 0.0}, "epsRevisions": {"upLast7days": 0, "upLast30days": 0, "downLast30days": 0, "downLast90days": {}}}, {"maxAge": 1, "period": "0y", "endDate": null, "growth": {}, "earningsEstimate": {"avg": 0.0, "low": 0.0, "high": 0.0, "yearAgoEps": {}, "numberOfAnalysts": 0, "growth": {}}, "revenueEstimate": {"avg": 0, "low": 0, "high": 0, "numberOfAnalysts": 0, "yearAgoRevenue": {}, "growth": {}}, "epsTrend": {"current": 0.0, "7daysAgo": 0.0, "30daysAgo": 0.0, "60daysAgo": 0.0, "90daysAgo": 0.0}, "epsRevisions": {"upLast7days": 0, "upLast30days": 0, "downLast30days": 0, "downLast90days": {}}}, {"maxAge": 1, "period": "+1y", "endDate": null, "growth": {}, "earningsEstimate": {"avg": 0.0, "low": 0.0, "high": 0.0, "yearAgoEps": {}, "numberOfAnalysts": 0, "growth": {}}, "revenueEstimate": {"avg": 0, "low": 0, "high": 0, "numberOfAnalysts": 0, "yearAgoRevenue": {}, "growth": {}}, "epsTrend": {"current": 0.0, "7daysAgo": 0.0, "30daysAgo": 0.0, "60daysAgo": 0.0, "90daysAgo": 0.0}, "epsRevisions": {"upLast7days": 0, "upLast30days": 0, "downLast30days": 0, "downLast90days": {}}}, {"maxAge": 1, "period": "+5y", "endDate": null, "growth": {}, "earningsEstimate": {"avg": {}, "low": {}, "high": {}, "yearAgoEps": {}, "numberOfAnalysts": {}, "growth": {}}, "revenueEstimate": {"avg": {}, "low": {}, "high": {}, "numberOfAnalysts": {}, "yearAgoRevenue": {}, "growth": {}}, "epsTrend": {"current": {}, "7daysAgo": {}, "30daysAgo": {}, "60daysAgo": {}, "90daysAgo": {}}, "epsRevisions": {"upLast7days": {}, "upLast30days": {}, "downLast30days": {}, "downLast90days": {}}}, {"maxAge": 1, "period": "-5y", "endDate": null, "growth": {}, "earningsEstimate": {"avg": {}, "low": {}, "high": {}, "yearAgoEps": {}, "numberOfAnalysts": {}, "growth": {}}, "revenueEstimate": {"avg": {}, "low": {}, "high": {}, "numberOfAnalysts": {}, "yearAgoRevenue": {}, "growth": {}}, "epsTrend": {"current": {}, "7daysAgo": {}, "30daysAgo": {}, "60daysAgo": {}, "90daysAgo": {}}, "epsRevisions": {"upLast7days": {}, "upLast30days": {}, "downLast30days": {}, "downLast90days": {}}}], "maxAge": 1}, "financialData": {"maxAge": 86400, "currentPrice": 91.95, "targetHighPrice": 195.0, "targetLowPrice": 195.0, "targetMeanPrice": 195.0, "targetMedianPrice": 195.0, "recommendationKey": "none", "numberOfAnalystOpinions": 1, "grossProfits": 514882103, "financialCurrency": "INR"}}}