{"PRIMAGR.BO": {"cashflowStatementHistory": {"cashflowStatements": [{"maxAge": 1, "endDate": "2020-03-31", "netIncome": 6931166, "depreciation": 8982340, "changeToNetincome": -1839608, "changeToAccountReceivables": -1149169, "changeToLiabilities": 221183, "changeToInventory": 47521, "changeToOperatingActivities": -1952531, "totalCashFromOperatingActivities": 11240899, "capitalExpenditures": -7015544, "investments": 1588621, "otherCashflowsFromInvestingActivities": -4180147, "totalCashflowsFromInvestingActivities": -9607070, "netBorrowings": 1939719, "otherCashflowsFromFinancingActivities": -646356, "totalCashFromFinancingActivities": 1293363, "changeInCash": 2927192}, {"maxAge": 1, "endDate": "2019-03-31", "netIncome": 25186141, "depreciation": 6264881, "changeToNetincome": -9634067, "changeToAccountReceivables": 148221, "changeToLiabilities": -8883007, "changeToInventory": -20983, "changeToOperatingActivities": -17801, "totalCashFromOperatingActivities": 13043384, "capitalExpenditures": -7355050, "investments": -12770190, "otherCashflowsFromInvestingActivities": 8980997, "totalCashflowsFromInvestingActivities": -11144243, "netBorrowings": -3422026, "otherCashflowsFromFinancingActivities": -507624, "totalCashFromFinancingActivities": -3929650, "changeInCash": -2030510}, {"maxAge": 1, "endDate": "2018-03-31", "netIncome": 30631005, "depreciation": 6916350, "changeToNetincome": -274302, "changeToAccountReceivables": -725025, "changeToLiabilities": 1771568, "changeToInventory": -803890, "changeToOperatingActivities": 791601, "totalCashFromOperatingActivities": 38307307, "capitalExpenditures": -5253034, "investments": -13335148, "otherCashflowsFromInvestingActivities": -15467382, "totalCashflowsFromInvestingActivities": -33682564, "netBorrowings": -1329870, "otherCashflowsFromFinancingActivities": -669672, "totalCashFromFinancingActivities": -1999542, "changeInCash": 2625201}, {"maxAge": 1, "endDate": "2017-03-31", "netIncome": 17332999, "depreciation": 7306707, "changeToNetincome": -1924405, "changeToAccountReceivables": -390747, "changeToLiabilities": -3338023, "changeToInventory": 179907, "changeToOperatingActivities": -236004, "totalCashFromOperatingActivities": 18930431, "capitalExpenditures": -11433180, "investments": -4493667, "otherCashflowsFromInvestingActivities": -2309088, "totalCashflowsFromInvestingActivities": -17680935, "netBorrowings": 1172814, "otherCashflowsFromFinancingActivities": -737479, "totalCashFromFinancingActivities": 435335, "changeInCash": 1684829}], "maxAge": 86400}, "institutionOwnership": {"ownershipList": [], "maxAge": 1}, "balanceSheetHistoryQuarterly": {"balanceSheetStatements": [{"maxAge": 1, "endDate": "2020-06-30", "totalStockholderEquity": 72134693, "netTangibleAssets": 72134693}, {"maxAge": 1, "endDate": "2020-03-31", "cash": 5913795, "netReceivables": 7759888, "inventory": 874023, "otherCurrentAssets": 5813321, "totalCurrentAssets": 76351211, "longTermInvestments": 11567897, "propertyPlantEquipment": 40298098, "otherAssets": 35282251, "deferredLongTermAssetCharges": 1417147, "totalAssets": 163499457, "accountsPayable": 4651420, "shortLongTermDebt": 2120487, "otherCurrentLiab": 1681542, "longTermDebt": 63775705, "otherLiab": 8491121, "totalCurrentLiabilities": 19097940, "totalLiab": 91364766, "commonStock": 51949000, "retainedEarnings": -107432173, "treasuryStock": 127617867, "otherStockholderEquity": 127617867, "totalStockholderEquity": 72134694, "netTangibleAssets": 72134694}, {"maxAge": 1, "endDate": "2019-12-31", "totalStockholderEquity": 67600000, "netTangibleAssets": 67600000}, {"maxAge": 1, "endDate": "2019-09-30", "cash": 3540000, "shortTermInvestments": 49690000, "netReceivables": 1810000, "inventory": 930000, "otherCurrentAssets": 6450000, "totalCurrentAssets": 62420000, "longTermInvestments": 11520000, "propertyPlantEquipment": 38020000, "otherAssets": 38350000, "totalAssets": 150310000, "accountsPayable": 16630000, "otherCurrentLiab": 6490000, "longTermDebt": 42360000, "otherLiab": 17230000, "totalCurrentLiabilities": 23120000, "totalLiab": 82710000, "commonStock": 51950000, "treasuryStock": 15650000, "otherStockholderEquity": 15650000, "totalStockholderEquity": 67600000, "netTangibleAssets": 67600000}], "maxAge": 86400}, "indexTrend": {"maxAge": 1, "symbol": "SP5", "peRatio": 19.7411, "pegRatio": 1.34172, "estimates": [{"period": "0q", "growth": 0.549}, {"period": "+1q", "growth": 0.431}, {"period": "0y", "growth": 0.305}, {"period": "+1y", "growth": 0.109}, {"period": "+5y", "growth": 0.120859005}, {"period": "-5y"}]}, "quoteType": {"exchange": "BSE", "quoteType": "EQUITY", "symbol": "PRIMAGR.BO", "underlyingSymbol": "PRIMAGR.BO", "shortName": "PRIMA AGRO LTD.", "longName": "Prima Agro Limited", "firstTradeDateEpochUtc": "1998-12-30 09:15:00", "timeZoneFullName": "Asia/Kolkata", "timeZoneShortName": "IST", "uuid": "ea1dec66-0351-3652-af0d-afc48d85c74d", "gmtOffSetMilliseconds": 19800000, "maxAge": 1}, "incomeStatementHistory": {"incomeStatementHistory": [{"maxAge": 1, "endDate": "2020-03-31", "totalRevenue": 135853338, "costOfRevenue": 19468912, "grossProfit": 116384426, "researchDevelopment": {}, "sellingGeneralAdministrative": 25944124, "nonRecurring": {}, "otherOperatingExpenses": 64648133, "totalOperatingExpenses": 119043509, "operatingIncome": 16809829, "totalOtherIncomeExpenseNet": -3097453, "ebit": 16809829, "interestExpense": -601727, "incomeBeforeTax": 13712376, "incomeTaxExpense": 6781210, "minorityInterest": {}, "netIncomeFromContinuingOps": 6931166, "discontinuedOperations": {}, "extraordinaryItems": {}, "effectOfAccountingCharges": {}, "otherItems": {}, "netIncome": 6931166, "netIncomeApplicableToCommonShares": 931166}, {"maxAge": 1, "endDate": "2019-03-31", "totalRevenue": 140718083, "costOfRevenue": 17535367, "grossProfit": 123182716, "researchDevelopment": {}, "sellingGeneralAdministrative": 25411293, "nonRecurring": {}, "otherOperatingExpenses": 59676917, "totalOperatingExpenses": 108888458, "operatingIncome": 31829625, "totalOtherIncomeExpenseNet": 3469388, "ebit": 31829625, "interestExpense": -477986, "incomeBeforeTax": 35299013, "incomeTaxExpense": 10112872, "minorityInterest": {}, "netIncomeFromContinuingOps": 25186141, "discontinuedOperations": {}, "extraordinaryItems": {}, "effectOfAccountingCharges": {}, "otherItems": {}, "netIncome": 25186141, "netIncomeApplicableToCommonShares": 19186141}, {"maxAge": 1, "endDate": "2018-03-31", "totalRevenue": 927192303, "costOfRevenue": 803946415, "grossProfit": 123245888, "researchDevelopment": {}, "sellingGeneralAdministrative": 21288967, "nonRecurring": {}, "otherOperatingExpenses": 56597985, "totalOperatingExpenses": 888749717, "operatingIncome": 38442586, "totalOtherIncomeExpenseNet": 2504586, "ebit": 38442586, "interestExpense": -634262, "incomeBeforeTax": 40947172, "incomeTaxExpense": 10316167, "minorityInterest": {}, "netIncomeFromContinuingOps": 30631005, "discontinuedOperations": {}, "extraordinaryItems": {}, "effectOfAccountingCharges": {}, "otherItems": {}, "netIncome": 30631005, "netIncomeApplicableToCommonShares": 24631005}, {"maxAge": 1, "endDate": "2017-03-31", "totalRevenue": 118650729, "costOfRevenue": 6476351, "grossProfit": 112174378, "researchDevelopment": {}, "sellingGeneralAdministrative": 23261466, "nonRecurring": {}, "otherOperatingExpenses": 60321743, "totalOperatingExpenses": 97366267, "operatingIncome": 21284462, "totalOtherIncomeExpenseNet": 2844576, "ebit": 21284462, "interestExpense": -737479, "incomeBeforeTax": 24129038, "incomeTaxExpense": 6796039, "minorityInterest": {}, "netIncomeFromContinuingOps": 17332999, "discontinuedOperations": {}, "extraordinaryItems": {}, "effectOfAccountingCharges": {}, "otherItems": {}, "netIncome": 17332999, "netIncomeApplicableToCommonShares": 11332999}], "maxAge": 86400}, "fundOwnership": {"ownershipList": [], "maxAge": 1}, "summaryDetail": {"maxAge": 1, "priceHint": 2, "previousClose": 17.95, "open": 17.1, "dayLow": 17.1, "dayHigh": 18.0, "regularMarketPreviousClose": 17.95, "regularMarketOpen": 17.1, "regularMarketDayLow": 17.1, "regularMarketDayHigh": 18.0, "trailingPE": 40.54054, "volume": 205, "regularMarketVolume": 205, "averageVolume": 1126, "averageVolume10days": 284, "averageDailyVolume10Day": 284, "bid": 17.5, "ask": 18.0, "bidSize": 0, "askSize": 0, "marketCap": 93508200, "fiftyTwoWeekLow": 4.52, "fiftyTwoWeekHigh": 21.55, "fiftyDayAverage": 16.287878, "twoHundredDayAverage": 15.98728, "currency": "INR", "fromCurrency": null, "lastMarket": null, "algorithm": null, "tradeable": false}, "incomeStatementHistoryQuarterly": {"incomeStatementHistory": [{"maxAge": 1, "endDate": "2020-06-30", "totalRevenue": 34290000, "costOfRevenue": 6810000, "grossProfit": 27480000, "researchDevelopment": {}, "sellingGeneralAdministrative": 16240000, "nonRecurring": {}, "otherOperatingExpenses": {}, "totalOperatingExpenses": 25300000, "operatingIncome": 8990000, "totalOtherIncomeExpenseNet": 1930000, "ebit": 8990000, "interestExpense": {}, "incomeBeforeTax": 10920000, "incomeTaxExpense": 3060000, "minorityInterest": {}, "netIncomeFromContinuingOps": 7860000, "discontinuedOperations": {}, "extraordinaryItems": {}, "effectOfAccountingCharges": {}, "otherItems": {}, "netIncome": 7860000, "netIncomeApplicableToCommonShares": 7860000}, {"maxAge": 1, "endDate": "2020-03-31", "totalRevenue": 36703338, "costOfRevenue": 2698912, "grossProfit": 34004426, "researchDevelopment": {}, "sellingGeneralAdministrative": -36535876, "nonRecurring": {}, "otherOperatingExpenses": 64648133, "totalOperatingExpenses": 32293509, "operatingIncome": 4409829, "totalOtherIncomeExpenseNet": -4677453, "ebit": 4409829, "interestExpense": -601727, "incomeBeforeTax": -267624, "incomeTaxExpense": 2781210, "minorityInterest": {}, "netIncomeFromContinuingOps": -3048834, "discontinuedOperations": {}, "extraordinaryItems": {}, "effectOfAccountingCharges": {}, "otherItems": {}, "netIncome": -3048834, "netIncomeApplicableToCommonShares": -9048834}, {"maxAge": 1, "endDate": "2019-12-31", "totalRevenue": 30890000, "costOfRevenue": 5450000, "grossProfit": 25440000, "researchDevelopment": {}, "sellingGeneralAdministrative": 22620000, "nonRecurring": {}, "otherOperatingExpenses": 64648133, "totalOperatingExpenses": 30570000, "operatingIncome": 320000, "totalOtherIncomeExpenseNet": 750000, "ebit": 320000, "interestExpense": -601727, "incomeBeforeTax": 1070000, "incomeTaxExpense": 0, "minorityInterest": {}, "netIncomeFromContinuingOps": 1070000, "discontinuedOperations": {}, "extraordinaryItems": {}, "effectOfAccountingCharges": {}, "otherItems": {}, "netIncome": 1070000, "netIncomeApplicableToCommonShares": 1070000}, {"maxAge": 1, "endDate": "2019-09-30", "totalRevenue": 32970000, "costOfRevenue": 4290000, "grossProfit": 28680000, "researchDevelopment": {}, "sellingGeneralAdministrative": 23210000, "nonRecurring": {}, "otherOperatingExpenses": 64648133, "totalOperatingExpenses": 30000000, "operatingIncome": 2970000, "totalOtherIncomeExpenseNet": 460000, "ebit": 2970000, "interestExpense": -601727, "incomeBeforeTax": 3430000, "incomeTaxExpense": 1000000, "minorityInterest": {}, "netIncomeFromContinuingOps": 2430000, "discontinuedOperations": {}, "extraordinaryItems": {}, "effectOfAccountingCharges": {}, "otherItems": {}, "netIncome": 2430000, "netIncomeApplicableToCommonShares": 2430000}], "maxAge": 86400}, "cashflowStatementHistoryQuarterly": {"cashflowStatements": [{"maxAge": 1, "endDate": "2020-06-30", "netIncome": 7860000, "changeToLiabilities": 0}, {"maxAge": 1, "endDate": "2020-03-31", "netIncome": -3048834, "changeToLiabilities": 0}, {"maxAge": 1, "endDate": "2019-12-31", "netIncome": 1070000, "changeToLiabilities": 0}, {"maxAge": 1, "endDate": "2019-09-30", "netIncome": 2430000, "changeToLiabilities": 0}], "maxAge": 86400}, "insiderHolders": {"holders": [], "maxAge": 1}, "calendarEvents": {"maxAge": 1, "earnings": {"earningsDate": ["2020-08-13 05:30:S"]}}, "upgradeDowngradeHistory": {"history": [], "maxAge": 86400}, "price": {"maxAge": 1, "regularMarketChangePercent": 0.0027854727, "regularMarketChange": 0.049999237, "regularMarketTime": "2021-04-30 14:48:12", "priceHint": 2, "regularMarketPrice": 18.0, "regularMarketDayHigh": 18.0, "regularMarketDayLow": 17.1, "regularMarketVolume": 205, "averageDailyVolume10Day": 284, "averageDailyVolume3Month": 1126, "regularMarketPreviousClose": 17.95, "regularMarketSource": "FREE_REALTIME", "regularMarketOpen": 17.1, "exchange": "BSE", "exchangeName": "BSE", "exchangeDataDelayedBy": 0, "marketState": "CLOSED", "quoteType": "EQUITY", "symbol": "PRIMAGR.BO", "underlyingSymbol": null, "shortName": "PRIMA AGRO LTD.", "longName": "Prima Agro Limited", "currency": "INR", "quoteSourceName": "Delayed Quote", "currencySymbol": "\u20b9", "fromCurrency": null, "lastMarket": null, "marketCap": 93508200}, "balanceSheetHistory": {"balanceSheetStatements": [{"maxAge": 1, "endDate": "2020-03-31", "cash": 5913795, "netReceivables": 7759888, "inventory": 874023, "otherCurrentAssets": 5813321, "totalCurrentAssets": 76351211, "longTermInvestments": 11567897, "propertyPlantEquipment": 40298098, "otherAssets": 35282251, "deferredLongTermAssetCharges": 1417147, "totalAssets": 163499457, "accountsPayable": 4651420, "shortLongTermDebt": 2120487, "otherCurrentLiab": 1681542, "longTermDebt": 63775705, "otherLiab": 8491121, "totalCurrentLiabilities": 19097940, "totalLiab": 91364766, "commonStock": 51949000, "retainedEarnings": -107432173, "treasuryStock": 127617867, "otherStockholderEquity": 127617867, "totalStockholderEquity": 72134694, "netTangibleAssets": 72134694}, {"maxAge": 1, "endDate": "2019-03-31", "cash": 3195825, "netReceivables": 5344943, "inventory": 921544, "otherCurrentAssets": 3299235, "totalCurrentAssets": 70430899, "longTermInvestments": 11477351, "propertyPlantEquipment": 42264894, "otherAssets": 29415587, "deferredLongTermAssetCharges": 198357, "totalAssets": 153588731, "accountsPayable": 4649217, "shortLongTermDebt": 2078592, "otherCurrentLiab": 1273775, "longTermDebt": 61753780, "otherLiab": 8106999, "totalCurrentLiabilities": 18524423, "totalLiab": 88385202, "commonStock": 51949000, "retainedEarnings": -114363337, "treasuryStock": 127617867, "otherStockholderEquity": 127617867, "totalStockholderEquity": 65203530, "netTangibleAssets": 65203530}, {"maxAge": 1, "endDate": "2018-03-31", "cash": 7200096, "netReceivables": 3252874, "inventory": 900560, "otherCurrentAssets": 1071895, "totalCurrentAssets": 54258839, "longTermInvestments": 11207160, "propertyPlantEquipment": 41174725, "otherAssets": 38104439, "totalAssets": 144745163, "accountsPayable": 4649215, "shortLongTermDebt": 1881299, "otherCurrentLiab": 3259384, "longTermDebt": 63832729, "otherLiab": 10801992, "totalCurrentLiabilities": 30093056, "totalLiab": 104727777, "commonStock": 51949000, "retainedEarnings": -139549479, "treasuryStock": 127617867, "otherStockholderEquity": 127617867, "totalStockholderEquity": 40017388, "netTangibleAssets": 40017388}, {"maxAge": 1, "endDate": "2017-03-31", "cash": 4574895, "netReceivables": 2527848, "inventory": 96669, "otherCurrentAssets": 1979128, "totalCurrentAssets": 35590650, "longTermInvestments": 11147012, "propertyPlantEquipment": 42912189, "otherAssets": 22018470, "totalAssets": 111668321, "accountsPayable": 4653835, "shortLongTermDebt": 1604211, "otherCurrentLiab": 1056258, "longTermDebt": 65162600, "otherLiab": 11335348, "totalCurrentLiabilities": 25783992, "totalLiab": 102281940, "commonStock": 51949000, "retainedEarnings": -170180485, "treasuryStock": 127617867, "otherStockholderEquity": 127617867, "totalStockholderEquity": 9386382, "netTangibleAssets": 9386382}], "maxAge": 86400}, "financialData": {"maxAge": 86400, "currentPrice": 18.0, "recommendationKey": "none", "grossProfits": 116384426, "financialCurrency": "INR"}}}