{"PRINCEPIPE.NS": {"assetProfile": {"address1": "The Ruby", "address2": "8th Floor 29, Senapati Bapat Marg (Tulsi Pipe Rd) Dadar West", "city": "Mumbai", "zip": "400028", "country": "India", "phone": "91 22 6602 2222", "fax": "91 22 6602 2220", "website": "http://www.princepipes.com", "industry": "Specialty Chemicals", "sector": "Basic Materials", "longBusinessSummary": "Prince Pipes and Fittings Limited manufactures and sells polymer pipes and fittings in India. Its products are used in plumbing and irrigation, as well as soil, waste, and rainwater management applications. The company offers its products to dealers, shop retailers, plumbers, farmers, etc. through distributors under the Prince Piping Systems and Trubore brand names. Prince Pipes and Fittings Limited was incorporated in 1987 and is headquartered in Mumbai, India.", "fullTimeEmployees": 1784, "companyOfficers": [{"maxAge": 1, "name": "Mr. Jayant Shamji Chheda", "age": 74, "title": "Exec. Chairman & MD", "yearBorn": 1946, "fiscalYear": 2020, "totalPay": 16280000, "exercisedValue": 0, "unexercisedValue": 0}, {"maxAge": 1, "name": "Mr. Shyam Kishanchand Sharda C.A., B.Com., CA", "age": 49, "title": "VP & CFO", "yearBorn": 1971, "fiscalYear": 2020, "totalPay": 8170000, "exercisedValue": 0, "unexercisedValue": 0}, {"maxAge": 1, "name": "Mr. Vininder Singh Baweja", "age": 41, "title": "Chief Operations Officer", "yearBorn": 1979, "exercisedValue": 0, "unexercisedValue": 0}, {"maxAge": 1, "name": "Ms. Heena Parag Chheda", "age": 49, "title": "VP of Fin. & Accounts", "yearBorn": 1971, "fiscalYear": 2020, "totalPay": 4180000, "exercisedValue": 0, "unexercisedValue": 0}, {"maxAge": 1, "name": "Mr. Shailesh Kanji Bhaskar", "age": 35, "title": "Company Sec. & Compliance Officer", "yearBorn": 1985, "fiscalYear": 2020, "totalPay": 1723870, "exercisedValue": 0, "unexercisedValue": 0}, {"maxAge": 1, "name": "Mr. Parag Jayant Chheda", "age": 49, "title": "Exec. Director", "yearBorn": 1971, "fiscalYear": 2020, "totalPay": 11220000, "exercisedValue": 0, "unexercisedValue": 0}, {"maxAge": 1, "name": "Mr. Vipul Jayant Chheda", "age": 45, "title": "Exec. Director", "yearBorn": 1975, "fiscalYear": 2020, "totalPay": 10020000, "exercisedValue": 0, "unexercisedValue": 0}, {"maxAge": 1, "name": "Ms. Ashwini Vipul Chheda", "title": "Head of Admin.", "exercisedValue": 0, "unexercisedValue": 0}, {"maxAge": 1, "name": "Mr. Ashok  Mehra", "age": 54, "title": "VP of Sales & Marketing", "yearBorn": 1966, "exercisedValue": 0, "unexercisedValue": 0}, {"maxAge": 1, "name": "Mr. Prakash  Hegde M.S.W., MSW", "age": 52, "title": "VP & Chief HR Officer", "yearBorn": 1968, "exercisedValue": 0, "unexercisedValue": 0}], "compensationAsOfEpochDate": "2020-12-31 05:30:00", "maxAge": 86400}, "cashflowStatementHistory": {"cashflowStatements": [{"maxAge": 1, "endDate": "2020-03-31", "netIncome": 1125070000, "depreciation": 513760000, "changeToNetincome": 459270000, "changeToAccountReceivables": 706530000, "changeToLiabilities": -431460000, "changeToInventory": -1434620000, "changeToOperatingActivities": -2491230000, "totalCashFromOperatingActivities": -1546660000, "capitalExpenditures": -1206730000, "investments": -1040000, "otherCashflowsFromInvestingActivities": 81490000, "totalCashflowsFromInvestingActivities": -1107230000, "dividendsPaid": -110020000, "netBorrowings": -388050000, "otherCashflowsFromFinancingActivities": -498140000, "totalCashFromFinancingActivities": 2565560000, "changeInCash": -88330000, "issuanceOfStock": 3561770000}, {"maxAge": 1, "endDate": "2019-03-31", "netIncome": 821320000, "depreciation": 429750000, "changeToNetincome": 318540000, "changeToAccountReceivables": -109680000, "changeToLiabilities": 501040000, "changeToInventory": 404610000, "changeToOperatingActivities": -185120000, "totalCashFromOperatingActivities": 2186430000, "capitalExpenditures": -1135010000, "investments": -1040000, "otherCashflowsFromInvestingActivities": 40000, "totalCashflowsFromInvestingActivities": -1050590000, "dividendsPaid": -110020000, "netBorrowings": -688970000, "otherCashflowsFromFinancingActivities": -360290000, "totalCashFromFinancingActivities": -1049260000, "changeInCash": 86590000, "issuanceOfStock": 3561770000}, {"maxAge": 1, "endDate": "2018-03-31", "netIncome": 727660000, "depreciation": 376260000, "changeToNetincome": 476590000, "changeToAccountReceivables": -195990000, "changeToLiabilities": 906030000, "changeToInventory": -672780000, "changeToOperatingActivities": -185120000, "totalCashFromOperatingActivities": 1622390000, "capitalExpenditures": -1785780000, "investments": 680000, "otherCashflowsFromInvestingActivities": 50000, "totalCashflowsFromInvestingActivities": -1702630000, "dividendsPaid": -110020000, "netBorrowings": 407050000, "otherCashflowsFromFinancingActivities": -351680000, "totalCashFromFinancingActivities": 55370000, "changeInCash": -24870000, "issuanceOfStock": 3561770000}, {"maxAge": 1, "endDate": "2017-03-31", "netIncome": 741820000, "depreciation": 324110000, "changeToNetincome": 369540000, "changeToAccountReceivables": 34560000, "changeToLiabilities": 221680000, "changeToInventory": -727690000, "changeToOperatingActivities": -185120000, "totalCashFromOperatingActivities": 968200000, "capitalExpenditures": -694230000, "investments": 13530000, "otherCashflowsFromInvestingActivities": 30000, "totalCashflowsFromInvestingActivities": -678940000, "dividendsPaid": -110020000, "netBorrowings": 237520000, "otherCashflowsFromFinancingActivities": -352370000, "totalCashFromFinancingActivities": -262530000, "changeInCash": 26730000, "repurchaseOfStock": -147680000, "issuanceOfStock": 3561770000}], "maxAge": 86400}, "institutionOwnership": {"ownershipList": [], "maxAge": 1}, "majorHoldersBreakdown": {"maxAge": 1, "insidersPercentHeld": 0.71287, "institutionsPercentHeld": 0.1752, "institutionsFloatPercentHeld": 0.61016, "institutionsCount": 15}, "balanceSheetHistoryQuarterly": {"balanceSheetStatements": [{"maxAge": 1, "endDate": "2020-12-31"}, {"maxAge": 1, "endDate": "2020-09-30", "cash": 3068070000, "shortTermInvestments": 28670000, "netReceivables": 1700200000, "inventory": 2550320000, "otherCurrentAssets": 500710000, "totalCurrentAssets": 7847970000, "longTermInvestments": 10550000, "propertyPlantEquipment": 4742850000, "goodWill": 2960000, "intangibleAssets": 59020000, "otherAssets": 969500000, "totalAssets": 13632850000, "accountsPayable": 1400810000, "otherCurrentLiab": 1136370000, "longTermDebt": 259420000, "otherLiab": 390570000, "totalCurrentLiabilities": 4008360000, "totalLiab": 4678820000, "commonStock": 1100260000, "treasuryStock": 7853770000, "otherStockholderEquity": 7853770000, "totalStockholderEquity": 8954030000, "netTangibleAssets": 8892050000}, {"maxAge": 1, "endDate": "2020-06-30", "totalStockholderEquity": 8376760000, "netTangibleAssets": 8346640000}, {"maxAge": 1, "endDate": "2020-03-31", "cash": 570000, "netReceivables": 1878950000, "inventory": 3445180000, "otherCurrentAssets": 3099780000, "totalCurrentAssets": 8447440000, "longTermInvestments": 6290000, "propertyPlantEquipment": 4931030000, "goodWill": 2960000, "intangibleAssets": 27160000, "otherAssets": 687240000, "totalAssets": 14102120000, "accountsPayable": 1807830000, "shortLongTermDebt": 165010000, "otherCurrentLiab": 695400000, "longTermDebt": 394590000, "otherLiab": 391770000, "totalCurrentLiabilities": 4910860000, "totalLiab": 5725360000, "commonStock": 1100260000, "retainedEarnings": 3985880000, "treasuryStock": 96810000, "capitalSurplus": 3193810000, "otherStockholderEquity": 96810000, "totalStockholderEquity": 8376760000, "netTangibleAssets": 8346640000}], "maxAge": 86400}, "indexTrend": {"maxAge": 1, "symbol": "SP5", "peRatio": 19.7411, "pegRatio": 1.34172, "estimates": [{"period": "0q", "growth": 0.549}, {"period": "+1q", "growth": 0.431}, {"period": "0y", "growth": 0.305}, {"period": "+1y", "growth": 0.109}, {"period": "+5y", "growth": 0.120865}, {"period": "-5y"}]}, "defaultKeyStatistics": {"maxAge": 1, "priceHint": 2, "enterpriseValue": 58147782656, "profitMargins": 0.08725, "floatShares": 22749653, "sharesOutstanding": 110026000, "heldPercentInsiders": 0.71287, "heldPercentInstitutions": 0.1752, "category": null, "bookValue": 76.135, "priceToBook": 6.94096, "fundFamily": null, "legalType": null, "lastFiscalYearEnd": "2020-03-31 05:30:00", "nextFiscalYearEnd": "2022-03-31 05:30:00", "mostRecentQuarter": "2020-12-31 05:30:00", "earningsQuarterlyGrowth": 1.751, "netIncomeToCommon": 1528909952, "trailingEps": 13.906, "lastSplitFactor": null, "enterpriseToRevenue": 3.318, "enterpriseToEbitda": 20.169}, "summaryProfile": {"address1": "The Ruby", "address2": "8th Floor 29, Senapati Bapat Marg (Tulsi Pipe Rd) Dadar West", "city": "Mumbai", "zip": "400028", "country": "India", "phone": "91 22 6602 2222", "fax": "91 22 6602 2220", "website": "http://www.princepipes.com", "industry": "Specialty Chemicals", "sector": "Basic Materials", "longBusinessSummary": "Prince Pipes and Fittings Limited manufactures and sells polymer pipes and fittings in India. Its products are used in plumbing and irrigation, as well as soil, waste, and rainwater management applications. The company offers its products to dealers, shop retailers, plumbers, farmers, etc. through distributors under the Prince Piping Systems and Trubore brand names. Prince Pipes and Fittings Limited was incorporated in 1987 and is headquartered in Mumbai, India.", "fullTimeEmployees": 1784, "companyOfficers": [], "maxAge": 86400}, "netSharePurchaseActivity": {"maxAge": 1, "period": "6m", "buyInfoCount": 0, "buyInfoShares": 0, "sellInfoCount": 0, "netInfoCount": 0, "netInfoShares": 0, "netPercentInsiderShares": 0.0, "totalInsiderShares": 78440360}, "insiderTransactions": {"transactions": [{"maxAge": 1, "shares": 300000, "value": 624240, "filerUrl": "", "transactionText": "Acquisition at price 2.08 per share.", "filerName": "Pooja Unichem LLP", "filerRelation": "Institution- Corporation", "moneyText": "", "startDate": "2020-08-11", "ownership": "D"}], "maxAge": 1}, "quoteType": {"exchange": "NSI", "quoteType": "EQUITY", "symbol": "PRINCEPIPE.NS", "underlyingSymbol": "PRINCEPIPE.NS", "shortName": "Prince Pipes Fittings Ltd", "longName": "Prince Pipes and Fittings Limited", "firstTradeDateEpochUtc": "2019-12-30 09:15:00", "timeZoneFullName": "Asia/Kolkata", "timeZoneShortName": "IST", "uuid": "55634514-876a-3f63-92b1-39545c2f6673", "gmtOffSetMilliseconds": 19800000, "maxAge": 1}, "incomeStatementHistory": {"incomeStatementHistory": [{"maxAge": 1, "endDate": "2020-03-31", "totalRevenue": 16356570000, "costOfRevenue": 11264370000, "grossProfit": 5092200000, "researchDevelopment": {}, "sellingGeneralAdministrative": 1222770000, "nonRecurring": {}, "otherOperatingExpenses": 1498320000, "totalOperatingExpenses": 14505240000, "operatingIncome": 1851330000, "totalOtherIncomeExpenseNet": -345590000, "ebit": 1851330000, "interestExpense": -286510000, "incomeBeforeTax": 1505740000, "incomeTaxExpense": 380670000, "minorityInterest": {}, "netIncomeFromContinuingOps": 1125070000, "discontinuedOperations": {}, "extraordinaryItems": {}, "effectOfAccountingCharges": {}, "otherItems": {}, "netIncome": 1125070000, "netIncomeApplicableToCommonShares": 1125070000}, {"maxAge": 1, "endDate": "2019-03-31", "totalRevenue": 15718690000, "costOfRevenue": 11273610000, "grossProfit": 4445080000, "researchDevelopment": {}, "sellingGeneralAdministrative": 1249620000, "nonRecurring": {}, "otherOperatingExpenses": 1340320000, "totalOperatingExpenses": 14299270000, "operatingIncome": 1419420000, "totalOtherIncomeExpenseNet": -306310000, "ebit": 1419420000, "interestExpense": -332050000, "incomeBeforeTax": 1113110000, "incomeTaxExpense": 291790000, "minorityInterest": {}, "netIncomeFromContinuingOps": 821320000, "discontinuedOperations": {}, "extraordinaryItems": {}, "effectOfAccountingCharges": {}, "otherItems": {}, "netIncome": 821320000, "netIncomeApplicableToCommonShares": 821320000}, {"maxAge": 1, "endDate": "2018-03-31", "totalRevenue": 13150400000, "costOfRevenue": 9214280000, "grossProfit": 3936120000, "researchDevelopment": {}, "sellingGeneralAdministrative": 927560000, "nonRecurring": {}, "otherOperatingExpenses": 1311030000, "totalOperatingExpenses": 11833750000, "operatingIncome": 1316650000, "totalOtherIncomeExpenseNet": -364980000, "ebit": 1316650000, "interestExpense": -323120000, "incomeBeforeTax": 951670000, "incomeTaxExpense": 224010000, "minorityInterest": {}, "netIncomeFromContinuingOps": 727660000, "discontinuedOperations": {}, "extraordinaryItems": {}, "effectOfAccountingCharges": {}, "otherItems": {}, "netIncome": 727660000, "netIncomeApplicableToCommonShares": 727660000}, {"maxAge": 1, "endDate": "2017-03-31", "totalRevenue": 12464960000, "costOfRevenue": 8890600000, "grossProfit": 3574360000, "researchDevelopment": {}, "sellingGeneralAdministrative": 759800000, "nonRecurring": {}, "otherOperatingExpenses": 1182490000, "totalOperatingExpenses": 11161180000, "operatingIncome": 1303780000, "totalOtherIncomeExpenseNet": -344700000, "ebit": 1303780000, "interestExpense": -326710000, "incomeBeforeTax": 959080000, "incomeTaxExpense": 217260000, "minorityInterest": {}, "netIncomeFromContinuingOps": 741820000, "discontinuedOperations": {}, "extraordinaryItems": {}, "effectOfAccountingCharges": {}, "otherItems": {}, "netIncome": 741820000, "netIncomeApplicableToCommonShares": 741820000}], "maxAge": 86400}, "fundOwnership": {"ownershipList": [], "maxAge": 1}, "summaryDetail": {"maxAge": 1, "priceHint": 2, "previousClose": 493.35, "open": 492.05, "dayLow": 492.05, "dayHigh": 542.0, "regularMarketPreviousClose": 493.35, "regularMarketOpen": 492.05, "regularMarketDayLow": 492.05, "regularMarketDayHigh": 542.0, "dividendRate": 3.0, "dividendYield": 0.0061000003, "exDividendDate": "2020-11-13 05:30:00", "payoutRatio": 0.1808, "trailingPE": 38.001583, "volume": 1088205, "regularMarketVolume": 1088205, "averageVolume": 366436, "averageVolume10days": 267489, "averageDailyVolume10Day": 267489, "bid": 0.0, "ask": 0.0, "marketCap": 58102022144, "fiftyTwoWeekLow": 75.3, "fiftyTwoWeekHigh": 542.0, "priceToSalesTrailing12Months": 3.3158524, "fiftyDayAverage": 420.67648, "twoHundredDayAverage": 307.77942, "trailingAnnualDividendRate": 0.0, "trailingAnnualDividendYield": 0.0, "currency": "INR", "fromCurrency": null, "lastMarket": null, "algorithm": null, "tradeable": false}, "incomeStatementHistoryQuarterly": {"incomeStatementHistory": [{"maxAge": 1, "endDate": "2020-12-31", "totalRevenue": 5536390000, "costOfRevenue": 3563570000, "grossProfit": 1972820000, "researchDevelopment": {}, "sellingGeneralAdministrative": 274900000, "nonRecurring": {}, "otherOperatingExpenses": 622220000, "totalOperatingExpenses": 4611520000, "operatingIncome": 924870000, "totalOtherIncomeExpenseNet": -35160000, "ebit": 924870000, "interestExpense": -35160000, "incomeBeforeTax": 889710000, "incomeTaxExpense": 221800000, "minorityInterest": {}, "netIncomeFromContinuingOps": 667910000, "discontinuedOperations": {}, "extraordinaryItems": {}, "effectOfAccountingCharges": {}, "otherItems": {}, "netIncome": 667910000, "netIncomeApplicableToCommonShares": 667910000}, {"maxAge": 1, "endDate": "2020-09-30", "totalRevenue": 4586650000, "costOfRevenue": 3067990000, "grossProfit": 1518660000, "researchDevelopment": {}, "sellingGeneralAdministrative": 225350000, "nonRecurring": {}, "otherOperatingExpenses": 490570000, "totalOperatingExpenses": 3936230000, "operatingIncome": 650420000, "totalOtherIncomeExpenseNet": -20910000, "ebit": 650420000, "interestExpense": -53710000, "incomeBeforeTax": 629510000, "incomeTaxExpense": 163790000, "minorityInterest": {}, "netIncomeFromContinuingOps": 465720000, "discontinuedOperations": {}, "extraordinaryItems": {}, "effectOfAccountingCharges": {}, "otherItems": {}, "netIncome": 465720000, "netIncomeApplicableToCommonShares": 465720000}, {"maxAge": 1, "endDate": "2020-06-30", "totalRevenue": 3024830000, "costOfRevenue": 2196130000, "grossProfit": 828700000, "researchDevelopment": {}, "sellingGeneralAdministrative": 221820000, "nonRecurring": {}, "otherOperatingExpenses": 290730000, "totalOperatingExpenses": 2848790000, "operatingIncome": 176040000, "totalOtherIncomeExpenseNet": -16100000, "ebit": 176040000, "interestExpense": -68140000, "incomeBeforeTax": 159940000, "incomeTaxExpense": 47430000, "minorityInterest": {}, "netIncomeFromContinuingOps": 112510000, "discontinuedOperations": {}, "extraordinaryItems": {}, "effectOfAccountingCharges": {}, "otherItems": {}, "netIncome": 112510000, "netIncomeApplicableToCommonShares": 112510000}, {"maxAge": 1, "endDate": "2020-03-31", "totalRevenue": 4307580000, "costOfRevenue": 2994000000, "grossProfit": 1313580000, "researchDevelopment": {}, "sellingGeneralAdministrative": 592170000, "nonRecurring": {}, "otherOperatingExpenses": 61740000, "totalOperatingExpenses": 3791810000, "operatingIncome": 515770000, "totalOtherIncomeExpenseNet": -113730000, "ebit": 515770000, "interestExpense": -36870000, "incomeBeforeTax": 402040000, "incomeTaxExpense": 119260000, "minorityInterest": {}, "netIncomeFromContinuingOps": 282780000, "discontinuedOperations": {}, "extraordinaryItems": {}, "effectOfAccountingCharges": {}, "otherItems": {}, "netIncome": 282780000, "netIncomeApplicableToCommonShares": 282780000}], "maxAge": 86400}, "cashflowStatementHistoryQuarterly": {"cashflowStatements": [{"maxAge": 1, "endDate": "2020-12-31", "netIncome": 667910000, "changeToLiabilities": 0}, {"maxAge": 1, "endDate": "2020-09-30", "netIncome": 465720000, "changeToLiabilities": 0}, {"maxAge": 1, "endDate": "2020-06-30", "netIncome": 112510000, "changeToLiabilities": 0}, {"maxAge": 1, "endDate": "2020-03-31", "netIncome": 282780000, "changeToLiabilities": 0}], "maxAge": 86400}, "insiderHolders": {"holders": [{"maxAge": 1, "name": "Pooja Unichem LLP", "relation": "Institution- Corporation", "url": "", "transactionDescription": "Acquisition", "latestTransDate": "2020-08-11", "positionDirect": 300000, "positionDirectDate": "2020-08-11"}], "maxAge": 1}, "calendarEvents": {"maxAge": 1, "earnings": {"earningsDate": []}, "exDividendDate": "2020-11-13 05:30:00"}, "upgradeDowngradeHistory": {"history": [], "maxAge": 86400}, "price": {"maxAge": 1, "regularMarketChangePercent": 0.07114626, "regularMarketChange": 35.100006, "regularMarketTime": "2021-04-30 15:30:02", "priceHint": 2, "regularMarketPrice": 528.45, "regularMarketDayHigh": 542.0, "regularMarketDayLow": 492.05, "regularMarketVolume": 1088205, "averageDailyVolume10Day": 267489, "averageDailyVolume3Month": 366436, "regularMarketPreviousClose": 493.35, "regularMarketSource": "FREE_REALTIME", "regularMarketOpen": 492.05, "exchange": "NSI", "exchangeName": "NSE", "exchangeDataDelayedBy": 15, "marketState": "CLOSED", "quoteType": "EQUITY", "symbol": "PRINCEPIPE.NS", "underlyingSymbol": null, "shortName": "Prince Pipes Fittings Ltd", "longName": "Prince Pipes and Fittings Limited", "currency": "INR", "quoteSourceName": "Delayed Quote", "currencySymbol": "\u20b9", "fromCurrency": null, "lastMarket": null, "marketCap": 58102022144}, "balanceSheetHistory": {"balanceSheetStatements": [{"maxAge": 1, "endDate": "2020-03-31", "cash": 570000, "netReceivables": 1878950000, "inventory": 3445180000, "otherCurrentAssets": 3099780000, "totalCurrentAssets": 8447440000, "longTermInvestments": 6290000, "propertyPlantEquipment": 4931030000, "goodWill": 2960000, "intangibleAssets": 27160000, "otherAssets": 687240000, "totalAssets": 14102120000, "accountsPayable": 1807830000, "shortLongTermDebt": 165010000, "otherCurrentLiab": 695400000, "longTermDebt": 394590000, "otherLiab": 391770000, "totalCurrentLiabilities": 4910860000, "totalLiab": 5725360000, "commonStock": 1100260000, "retainedEarnings": 3985880000, "treasuryStock": 96810000, "capitalSurplus": 3193810000, "otherStockholderEquity": 96810000, "totalStockholderEquity": 8376760000, "netTangibleAssets": 8346640000}, {"maxAge": 1, "endDate": "2019-03-31", "cash": 88900000, "netReceivables": 2570870000, "inventory": 2010560000, "otherCurrentAssets": 642690000, "totalCurrentAssets": 5339060000, "longTermInvestments": 7770000, "propertyPlantEquipment": 4210180000, "goodWill": 2960000, "intangibleAssets": 35550000, "otherAssets": 743190000, "totalAssets": 10338710000, "accountsPayable": 2151630000, "shortLongTermDebt": 454650000, "otherCurrentLiab": 555170000, "longTermDebt": 1057690000, "otherLiab": 387650000, "totalCurrentLiabilities": 4904240000, "totalLiab": 6349580000, "commonStock": 900160000, "retainedEarnings": 2999560000, "treasuryStock": 89410000, "otherStockholderEquity": 89410000, "totalStockholderEquity": 3989130000, "netTangibleAssets": 3950620000}, {"maxAge": 1, "endDate": "2018-03-31", "cash": 2310000, "netReceivables": 2398820000, "inventory": 2415170000, "otherCurrentAssets": 596320000, "totalCurrentAssets": 5432460000, "longTermInvestments": 7360000, "propertyPlantEquipment": 3548790000, "goodWill": 2960000, "intangibleAssets": 41520000, "otherAssets": 765680000, "totalAssets": 9798770000, "accountsPayable": 1970010000, "shortLongTermDebt": 485710000, "otherCurrentLiab": 419270000, "longTermDebt": 1461860000, "otherLiab": 363460000, "totalCurrentLiabilities": 4747070000, "totalLiab": 6632980000, "commonStock": 900160000, "retainedEarnings": 2185950000, "treasuryStock": 79680000, "otherStockholderEquity": 79680000, "totalStockholderEquity": 3165790000, "netTangibleAssets": 3121310000}, {"maxAge": 1, "endDate": "2017-03-31", "cash": 27180000, "netReceivables": 2392230000, "inventory": 1742400000, "otherCurrentAssets": 487130000, "totalCurrentAssets": 4666260000, "longTermInvestments": 7250000, "propertyPlantEquipment": 2827860000, "goodWill": 2960000, "intangibleAssets": 34760000, "otherAssets": 65960000, "totalAssets": 7605050000, "accountsPayable": 1021190000, "shortLongTermDebt": 274620000, "otherCurrentLiab": 420570000, "longTermDebt": 1057620000, "otherLiab": 317240000, "totalCurrentLiabilities": 3804750000, "totalLiab": 5179610000, "commonStock": 450080000, "retainedEarnings": 1906920000, "treasuryStock": 68440000, "otherStockholderEquity": 68440000, "totalStockholderEquity": 2425440000, "netTangibleAssets": 2387720000}], "maxAge": 86400}, "financialData": {"maxAge": 86400, "currentPrice": 528.45, "recommendationKey": "none", "ebitda": 2883067392, "totalRevenue": 17522499584, "debtToEquity": 19.343, "revenuePerShare": 159.379, "grossProfits": 5092200000, "earningsGrowth": 1.27, "revenueGrowth": 0.398, "grossMargins": 0.32534, "ebitdaMargins": 0.16453, "operatingMargins": 0.13321, "profitMargins": 0.08725, "financialCurrency": "INR"}}}