{"PRITHVIEXCH.BO": {"cashflowStatementHistory": {"cashflowStatements": [{"maxAge": 1, "endDate": "2020-03-31", "netIncome": 20561124, "depreciation": 1929565, "changeToNetincome": -11300794, "changeToAccountReceivables": 24256999, "changeToLiabilities": -49266755, "changeToInventory": -3206495, "changeToOperatingActivities": -30509592, "totalCashFromOperatingActivities": -47535948, "capitalExpenditures": -4978890, "investments": -516099, "otherCashflowsFromInvestingActivities": 8756284, "totalCashflowsFromInvestingActivities": 3395658, "dividendsPaid": -4124826, "netBorrowings": 18881116, "otherCashflowsFromFinancingActivities": -2004913, "totalCashFromFinancingActivities": 12751377, "changeInCash": -31388913}, {"maxAge": 1, "endDate": "2019-03-31", "netIncome": 24405655, "depreciation": 1820134, "changeToNetincome": -6060479, "changeToAccountReceivables": 10976919, "changeToLiabilities": 11873904, "changeToInventory": -23168941, "changeToOperatingActivities": -8514305, "totalCashFromOperatingActivities": 11332887, "capitalExpenditures": -3723502, "investments": -967416, "otherCashflowsFromInvestingActivities": 7008820, "totalCashflowsFromInvestingActivities": 2770402, "dividendsPaid": -2750000, "netBorrowings": -10103498, "otherCashflowsFromFinancingActivities": -881323, "totalCashFromFinancingActivities": -13734821, "changeInCash": 368468}, {"maxAge": 1, "endDate": "2018-03-31", "netIncome": 18472484, "depreciation": 1928475, "changeToNetincome": -9894351, "changeToAccountReceivables": -26735136, "changeToLiabilities": -6493747, "changeToInventory": -4677249, "changeToOperatingActivities": -14345193, "totalCashFromOperatingActivities": -41744717, "capitalExpenditures": -1430345, "investments": -2487839, "otherCashflowsFromInvestingActivities": 6494632, "totalCashflowsFromInvestingActivities": 2599998, "dividendsPaid": -2749884, "netBorrowings": 8519555, "otherCashflowsFromFinancingActivities": -743353, "totalCashFromFinancingActivities": 5026318, "changeInCash": -34118401}, {"maxAge": 1, "endDate": "2017-03-31", "netIncome": 21209313, "depreciation": 1587256, "changeToNetincome": -3762638, "changeToAccountReceivables": 2741939, "changeToLiabilities": 15305833, "changeToInventory": 1839479, "changeToOperatingActivities": -16933345, "totalCashFromOperatingActivities": 21987837, "capitalExpenditures": -5284389, "investments": -5801111, "otherCashflowsFromInvestingActivities": 5524193, "totalCashflowsFromInvestingActivities": -5515407, "dividendsPaid": -2749884, "netBorrowings": -2747, "otherCashflowsFromFinancingActivities": -786941, "totalCashFromFinancingActivities": -3539572, "changeInCash": 12932858}], "maxAge": 86400}, "institutionOwnership": {"maxAge": 1, "ownershipList": []}, "balanceSheetHistoryQuarterly": {"balanceSheetStatements": [{"maxAge": 1, "endDate": "2020-06-30", "totalStockholderEquity": 274818764, "netTangibleAssets": 274818764}, {"maxAge": 1, "endDate": "2020-03-31", "cash": 32409516, "shortTermInvestments": 41507528, "netReceivables": 38581336, "inventory": 67937711, "otherCurrentAssets": 20186600, "totalCurrentAssets": 200622691, "longTermInvestments": 104553886, "propertyPlantEquipment": 13492855, "otherAssets": 8386606, "totalAssets": 327056038, "accountsPayable": 19479033, "otherCurrentLiab": 1325421, "otherLiab": 3506320, "totalCurrentLiabilities": 48730954, "totalLiab": 52237274, "commonStock": 82496500, "retainedEarnings": 191644370, "treasuryStock": 677894, "otherStockholderEquity": 677894, "totalStockholderEquity": 274818764, "netTangibleAssets": 274818764}, {"maxAge": 1, "endDate": "2019-12-31", "totalStockholderEquity": 270570000, "netTangibleAssets": 270570000}, {"maxAge": 1, "endDate": "2019-09-30", "cash": 94540000, "netReceivables": 68240000, "inventory": 69803000, "otherCurrentAssets": 12848000, "totalCurrentAssets": 245431000, "longTermInvestments": 122483000, "propertyPlantEquipment": 9786000, "totalAssets": 377700000, "accountsPayable": 55710000, "otherCurrentLiab": 14541000, "otherLiab": 2627000, "totalCurrentLiabilities": 104503000, "totalLiab": 107130000, "commonStock": 82497000, "treasuryStock": 188073000, "otherStockholderEquity": 188073000, "totalStockholderEquity": 270570000, "netTangibleAssets": 270570000}], "maxAge": 86400}, "indexTrend": {"maxAge": 1, "symbol": "SP5", "peRatio": 19.7411, "pegRatio": 1.34172, "estimates": [{"period": "0q", "growth": 0.549}, {"period": "+1q", "growth": 0.431}, {"period": "0y", "growth": 0.305}, {"period": "+1y", "growth": 0.109}, {"period": "+5y", "growth": 0.120859005}, {"period": "-5y"}]}, "insiderTransactions": {"transactions": [{"maxAge": 1, "shares": 490768, "filerUrl": "", "transactionText": "", "filerName": "Kavad (Ashok Kumar) HUF", "filerRelation": "Additonal Director", "moneyText": "", "startDate": "2019-07-13", "ownership": "D"}, {"maxAge": 1, "shares": 994020, "filerUrl": "", "transactionText": "", "filerName": "Kavad (Pavan Kumar A)", "filerRelation": "Managing Director", "moneyText": "", "startDate": "2019-07-13", "ownership": "D"}, {"maxAge": 1, "shares": 493672, "filerUrl": "", "transactionText": "", "filerName": "Kavad (Usha)", "filerRelation": "Promoter", "moneyText": "", "startDate": "2019-07-13", "ownership": "D"}], "maxAge": 1}, "quoteType": {"exchange": "BSE", "quoteType": "EQUITY", "symbol": "PRITHVIEXCH.BO", "underlyingSymbol": "PRITHVIEXCH.BO", "shortName": "Prithvi Exchange (India) Limit", "longName": "Prithvi Exchange (India) Limited", "firstTradeDateEpochUtc": "2009-01-13 09:15:00", "timeZoneFullName": "Asia/Kolkata", "timeZoneShortName": "IST", "uuid": "331b8cdf-d19c-3127-ad54-b4af18a1c4e5", "messageBoardId": null, "gmtOffSetMilliseconds": 19800000, "maxAge": 1}, "incomeStatementHistory": {"incomeStatementHistory": [{"maxAge": 1, "endDate": "2020-03-31", "totalRevenue": 110914599, "costOfRevenue": 2384366, "grossProfit": 108530233, "researchDevelopment": {}, "sellingGeneralAdministrative": 56232347, "nonRecurring": {}, "otherOperatingExpenses": 20881386, "totalOperatingExpenses": 81427664, "operatingIncome": 29486935, "totalOtherIncomeExpenseNet": -1090292, "ebit": 29486935, "interestExpense": -1158265, "incomeBeforeTax": 28396643, "incomeTaxExpense": 7835519, "minorityInterest": {}, "netIncomeFromContinuingOps": 20561124, "discontinuedOperations": {}, "extraordinaryItems": {}, "effectOfAccountingCharges": {}, "otherItems": {}, "netIncome": 20561124, "netIncomeApplicableToCommonShares": 20561124}, {"maxAge": 1, "endDate": "2019-03-31", "totalRevenue": 109447584, "costOfRevenue": 2668360, "grossProfit": 106779224, "researchDevelopment": {}, "sellingGeneralAdministrative": 47010769, "nonRecurring": {}, "otherOperatingExpenses": 18694304, "totalOperatingExpenses": 70193567, "operatingIncome": 39254017, "totalOtherIncomeExpenseNet": -403600, "ebit": 39254017, "interestExpense": -324310, "incomeBeforeTax": 38850417, "incomeTaxExpense": 14444762, "minorityInterest": {}, "netIncomeFromContinuingOps": 24405655, "discontinuedOperations": {}, "extraordinaryItems": {}, "effectOfAccountingCharges": {}, "otherItems": {}, "netIncome": 24405655, "netIncomeApplicableToCommonShares": 24405655}, {"maxAge": 1, "endDate": "2018-03-31", "totalRevenue": 96854040, "costOfRevenue": 2508785, "grossProfit": 94345255, "researchDevelopment": {}, "sellingGeneralAdministrative": 45132590, "nonRecurring": {}, "otherOperatingExpenses": 17381748, "totalOperatingExpenses": 66951598, "operatingIncome": 29902442, "totalOtherIncomeExpenseNet": -185642, "ebit": 29902442, "interestExpense": -184484, "incomeBeforeTax": 29716800, "incomeTaxExpense": 11244316, "minorityInterest": {}, "netIncomeFromContinuingOps": 18472484, "discontinuedOperations": {}, "extraordinaryItems": {}, "effectOfAccountingCharges": {}, "otherItems": {}, "netIncome": 18472484, "netIncomeApplicableToCommonShares": 18472484}, {"maxAge": 1, "endDate": "2017-03-31", "totalRevenue": 95269999, "costOfRevenue": 2444881, "grossProfit": 92825118, "researchDevelopment": {}, "sellingGeneralAdministrative": 42267654, "nonRecurring": {}, "otherOperatingExpenses": 16055859, "totalOperatingExpenses": 62355650, "operatingIncome": 32914349, "totalOtherIncomeExpenseNet": -221702, "ebit": 32914349, "interestExpense": -228133, "incomeBeforeTax": 32692647, "incomeTaxExpense": 11483334, "minorityInterest": {}, "netIncomeFromContinuingOps": 21209313, "discontinuedOperations": {}, "extraordinaryItems": {}, "effectOfAccountingCharges": {}, "otherItems": {}, "netIncome": 21209313, "netIncomeApplicableToCommonShares": 21209313}], "maxAge": 86400}, "fundOwnership": {"maxAge": 1, "ownershipList": []}, "summaryDetail": {"maxAge": 1, "priceHint": 2, "previousClose": 17.35, "open": 17.75, "dayLow": 17.75, "dayHigh": 19.05, "regularMarketPreviousClose": 17.35, "regularMarketOpen": 17.75, "regularMarketDayLow": 17.75, "regularMarketDayHigh": 19.05, "trailingPE": 32.67581, "volume": 850, "regularMarketVolume": 850, "averageVolume": 255, "averageVolume10days": 721, "averageDailyVolume10Day": 721, "bid": 18.9, "ask": 19.0, "bidSize": 0, "askSize": 0, "marketCap": 157155824, "fiftyTwoWeekLow": 12.05, "fiftyTwoWeekHigh": 28.9, "fiftyDayAverage": 23.272858, "twoHundredDayAverage": 22.605474, "trailingAnnualDividendRate": 0.25, "trailingAnnualDividendYield": 0.014409222, "currency": "INR", "fromCurrency": null, "toCurrency": null, "lastMarket": null, "algorithm": null, "tradeable": false}, "incomeStatementHistoryQuarterly": {"incomeStatementHistory": [{"maxAge": 1, "endDate": "2020-06-30", "totalRevenue": 6188000, "costOfRevenue": 0, "grossProfit": 6188000, "researchDevelopment": {}, "sellingGeneralAdministrative": 10895000, "nonRecurring": {}, "otherOperatingExpenses": 3183000, "totalOperatingExpenses": 14586000, "operatingIncome": -8398000, "totalOtherIncomeExpenseNet": -259000, "ebit": -8398000, "interestExpense": -259000, "incomeBeforeTax": -8657000, "incomeTaxExpense": 0, "minorityInterest": {}, "netIncomeFromContinuingOps": -8657000, "discontinuedOperations": {}, "extraordinaryItems": {}, "effectOfAccountingCharges": {}, "otherItems": {}, "netIncome": -8657000, "netIncomeApplicableToCommonShares": -8657000}, {"maxAge": 1, "endDate": "2020-03-31", "totalRevenue": 23253599, "costOfRevenue": 2384366, "grossProfit": 20869233, "researchDevelopment": {}, "sellingGeneralAdministrative": 21967347, "nonRecurring": {}, "otherOperatingExpenses": -3424614, "totalOperatingExpenses": 21418664, "operatingIncome": 1834935, "totalOtherIncomeExpenseNet": -136292, "ebit": 1834935, "interestExpense": -204265, "incomeBeforeTax": 1698643, "incomeTaxExpense": 1635519, "minorityInterest": {}, "netIncomeFromContinuingOps": 63124, "discontinuedOperations": {}, "extraordinaryItems": {}, "effectOfAccountingCharges": {}, "otherItems": {}, "netIncome": 63124, "netIncomeApplicableToCommonShares": 63124}, {"maxAge": 1, "endDate": "2019-12-31", "totalRevenue": 28948000, "costOfRevenue": 0, "grossProfit": 28948000, "researchDevelopment": {}, "sellingGeneralAdministrative": 11504000, "nonRecurring": {}, "otherOperatingExpenses": 9549000, "totalOperatingExpenses": 21536000, "operatingIncome": 7412000, "totalOtherIncomeExpenseNet": -382000, "ebit": 7412000, "interestExpense": -382000, "incomeBeforeTax": 7030000, "incomeTaxExpense": 1400000, "minorityInterest": {}, "netIncomeFromContinuingOps": 5630000, "discontinuedOperations": {}, "extraordinaryItems": {}, "effectOfAccountingCharges": {}, "otherItems": {}, "netIncome": 5630000, "netIncomeApplicableToCommonShares": 5630000}, {"maxAge": 1, "endDate": "2019-09-30", "totalRevenue": 27801000, "costOfRevenue": 0, "grossProfit": 27801000, "researchDevelopment": {}, "sellingGeneralAdministrative": 10701000, "nonRecurring": {}, "otherOperatingExpenses": 7139000, "totalOperatingExpenses": 18321000, "operatingIncome": 9480000, "totalOtherIncomeExpenseNet": -303000, "ebit": 9480000, "interestExpense": -303000, "incomeBeforeTax": 9177000, "incomeTaxExpense": 1400000, "minorityInterest": {}, "netIncomeFromContinuingOps": 7777000, "discontinuedOperations": {}, "extraordinaryItems": {}, "effectOfAccountingCharges": {}, "otherItems": {}, "netIncome": 7777000, "netIncomeApplicableToCommonShares": 7777000}], "maxAge": 86400}, "cashflowStatementHistoryQuarterly": {"cashflowStatements": [{"maxAge": 1, "endDate": "2020-06-30", "netIncome": -8657000, "changeToLiabilities": 0}, {"maxAge": 1, "endDate": "2020-03-31", "netIncome": 63124, "changeToLiabilities": 0}, {"maxAge": 1, "endDate": "2019-12-31", "netIncome": 5630000, "changeToLiabilities": 0}, {"maxAge": 1, "endDate": "2019-09-30", "netIncome": 7777000, "changeToLiabilities": 0}], "maxAge": 86400}, "insiderHolders": {"holders": [{"maxAge": 1, "name": "Kavad (Ashok Kumar) HUF", "relation": "Additonal Director", "url": "", "transactionDescription": "Other", "latestTransDate": "2019-07-13", "positionDirect": 1472305, "positionDirectDate": "2019-07-13"}, {"maxAge": 1, "name": "Kavad (Pavan Kumar A)", "relation": "Managing Director", "url": "", "transactionDescription": "Other", "latestTransDate": "2019-07-13", "positionDirect": 2982060, "positionDirectDate": "2019-07-13"}, {"maxAge": 1, "name": "Kavad (Usha)", "relation": "Promoter", "url": "", "transactionDescription": "Other", "latestTransDate": "2019-07-13", "positionDirect": 1481017, "positionDirectDate": "2019-07-13"}], "maxAge": 1}, "calendarEvents": {"maxAge": 1, "earnings": {"earningsDate": []}}, "price": {"maxAge": 1, "regularMarketChangePercent": 0.09798264, "regularMarketChange": 1.6999989, "regularMarketTime": "2021-04-30 14:28:05", "priceHint": 2, "regularMarketPrice": 19.05, "regularMarketDayHigh": 19.05, "regularMarketDayLow": 17.75, "regularMarketVolume": 850, "averageDailyVolume10Day": 721, "averageDailyVolume3Month": 255, "regularMarketPreviousClose": 17.35, "regularMarketSource": "FREE_REALTIME", "regularMarketOpen": 17.75, "exchange": "BSE", "exchangeName": "BSE", "exchangeDataDelayedBy": 0, "marketState": "CLOSED", "quoteType": "EQUITY", "symbol": "PRITHVIEXCH.BO", "underlyingSymbol": null, "shortName": "Prithvi Exchange (India) Limit", "longName": "Prithvi Exchange (India) Limited", "currency": "INR", "quoteSourceName": "Delayed Quote", "currencySymbol": "\u20b9", "fromCurrency": null, "toCurrency": null, "lastMarket": null, "marketCap": 157155824}, "balanceSheetHistory": {"balanceSheetStatements": [{"maxAge": 1, "endDate": "2020-03-31", "cash": 32409516, "shortTermInvestments": 41507528, "netReceivables": 38581336, "inventory": 67937711, "otherCurrentAssets": 20186600, "totalCurrentAssets": 200622691, "longTermInvestments": 104553886, "propertyPlantEquipment": 13492855, "otherAssets": 8386606, "totalAssets": 327056038, "accountsPayable": 19479033, "otherCurrentLiab": 1325421, "otherLiab": 3506320, "totalCurrentLiabilities": 48730954, "totalLiab": 52237274, "commonStock": 82496500, "retainedEarnings": 191644370, "treasuryStock": 677894, "otherStockholderEquity": 677894, "totalStockholderEquity": 274818764, "netTangibleAssets": 274818764}, {"maxAge": 1, "endDate": "2019-03-31", "cash": 63798429, "shortTermInvestments": 63506791, "netReceivables": 70382767, "inventory": 64731216, "otherCurrentAssets": 13876957, "totalCurrentAssets": 276296160, "longTermInvestments": 51918134, "propertyPlantEquipment": 10509920, "otherAssets": 4969282, "totalAssets": 343693496, "accountsPayable": 68745788, "otherCurrentLiab": 1612742, "otherLiab": 3311500, "totalCurrentLiabilities": 78609172, "totalLiab": 81920672, "commonStock": 54997670, "retainedEarnings": 203554966, "treasuryStock": 3220188, "otherStockholderEquity": 3220188, "totalStockholderEquity": 261772824, "netTangibleAssets": 261772824}, {"maxAge": 1, "endDate": "2018-03-31", "cash": 63429961, "shortTermInvestments": 51296135, "netReceivables": 83856804, "inventory": 41562275, "otherCurrentAssets": 21161300, "totalCurrentAssets": 261306475, "longTermInvestments": 54097348, "propertyPlantEquipment": 9138342, "otherAssets": 4494502, "totalAssets": 329036667, "accountsPayable": 56871884, "otherCurrentLiab": 6434148, "otherLiab": 3838184, "totalCurrentLiabilities": 81944630, "totalLiab": 85782814, "commonStock": 54997670, "retainedEarnings": 182459211, "treasuryStock": 5796972, "otherStockholderEquity": 5796972, "totalStockholderEquity": 243253853, "netTangibleAssets": 243253853}, {"maxAge": 1, "endDate": "2017-03-31", "cash": 97548362, "shortTermInvestments": 42435557, "netReceivables": 60004692, "inventory": 36885026, "otherCurrentAssets": 22109685, "totalCurrentAssets": 258983322, "longTermInvestments": 29951893, "propertyPlantEquipment": 9661180, "otherAssets": 4251182, "totalAssets": 302847577, "accountsPayable": 63365631, "otherCurrentLiab": 9304080, "otherLiab": 3561072, "totalCurrentLiabilities": 73530732, "totalLiab": 77091804, "commonStock": 54997670, "retainedEarnings": 167296423, "treasuryStock": 3461680, "otherStockholderEquity": 3461680, "totalStockholderEquity": 225755773, "netTangibleAssets": 225755773}], "maxAge": 86400}, "financialData": {"maxAge": 86400, "currentPrice": 19.05, "recommendationKey": "none", "grossProfits": 108530233, "financialCurrency": "INR"}}}