{"PROZONINTU.BO": {"cashflowStatementHistory": {"cashflowStatements": [{"maxAge": 1, "endDate": "2020-03-31", "netIncome": -15201000, "depreciation": 334047000, "changeToNetincome": 133659000, "changeToAccountReceivables": 121930000, "changeToLiabilities": 478563000, "changeToInventory": -586640000, "changeToOperatingActivities": -646906000, "totalCashFromOperatingActivities": -180548000, "capitalExpenditures": -2328000, "investments": 131577000, "otherCashflowsFromInvestingActivities": -74549000, "totalCashflowsFromInvestingActivities": 43552000, "netBorrowings": 590705000, "otherCashflowsFromFinancingActivities": -393685000, "totalCashFromFinancingActivities": 197020000, "changeInCash": 60024000}, {"maxAge": 1, "endDate": "2019-03-31", "netIncome": 24454000, "depreciation": 339719000, "changeToNetincome": -407551000, "changeToAccountReceivables": 325512000, "changeToLiabilities": -15222000, "changeToInventory": -1287316000, "changeToOperatingActivities": 1304429000, "totalCashFromOperatingActivities": 284025000, "capitalExpenditures": -6003000, "investments": -147054000, "otherCashflowsFromInvestingActivities": 140595000, "totalCashflowsFromInvestingActivities": -106271000, "netBorrowings": 126034000, "otherCashflowsFromFinancingActivities": -321648000, "totalCashFromFinancingActivities": -195614000, "effectOfExchangeRate": -319000, "changeInCash": -18178000}, {"maxAge": 1, "endDate": "2018-03-31", "netIncome": -44974000, "depreciation": 265673000, "changeToNetincome": 145007000, "changeToAccountReceivables": 187541000, "changeToLiabilities": -239643000, "changeToInventory": -479629000, "changeToOperatingActivities": 67739000, "totalCashFromOperatingActivities": -98286000, "capitalExpenditures": -32384000, "investments": 71223000, "otherCashflowsFromInvestingActivities": 116164000, "totalCashflowsFromInvestingActivities": -100998000, "netBorrowings": 388688000, "otherCashflowsFromFinancingActivities": -344602000, "totalCashFromFinancingActivities": 44086000, "effectOfExchangeRate": -31000, "changeInCash": -155229000}, {"maxAge": 1, "endDate": "2017-03-31", "netIncome": -53223000, "depreciation": 117064000, "changeToNetincome": 110358000, "changeToAccountReceivables": 8409000, "changeToLiabilities": -196123000, "changeToInventory": -131321000, "changeToOperatingActivities": -376650000, "totalCashFromOperatingActivities": -521486000, "capitalExpenditures": -14540000, "investments": 329833000, "otherCashflowsFromInvestingActivities": 94852000, "totalCashflowsFromInvestingActivities": 155461000, "netBorrowings": 733864000, "otherCashflowsFromFinancingActivities": -332196000, "totalCashFromFinancingActivities": 401668000, "effectOfExchangeRate": 324000, "changeInCash": 35967000}], "maxAge": 86400}, "institutionOwnership": {"maxAge": 1, "ownershipList": []}, "balanceSheetHistoryQuarterly": {"balanceSheetStatements": [{"maxAge": 1, "endDate": "2020-06-30", "totalStockholderEquity": 4965172000, "netTangibleAssets": 4050681000}, {"maxAge": 1, "endDate": "2020-03-31", "cash": 79901000, "netReceivables": 1032107000, "inventory": 4032907000, "otherCurrentAssets": 190661000, "totalCurrentAssets": 5530915000, "longTermInvestments": 466171000, "propertyPlantEquipment": 53704000, "goodWill": 914491000, "otherAssets": 9142055000, "deferredLongTermAssetCharges": 955492000, "totalAssets": 16107336000, "accountsPayable": 660185000, "shortLongTermDebt": 316751000, "otherCurrentLiab": 2448750000, "longTermDebt": 3666737000, "otherLiab": 473612000, "minorityInterest": 3250084000, "totalCurrentLiabilities": 3750752000, "totalLiab": 7892080000, "commonStock": 305206000, "retainedEarnings": -349886000, "treasuryStock": 35186000, "capitalSurplus": 4974666000, "otherStockholderEquity": 35186000, "totalStockholderEquity": 4965172000, "netTangibleAssets": 4050681000}, {"maxAge": 1, "endDate": "2019-12-31", "totalStockholderEquity": 4938077000, "netTangibleAssets": 4023586000}, {"maxAge": 1, "endDate": "2019-09-30", "cash": 56697000, "netReceivables": 387033000, "inventory": 3646863000, "otherCurrentAssets": 135784000, "totalCurrentAssets": 4226377000, "longTermInvestments": 1381189000, "propertyPlantEquipment": 66751000, "goodWill": 914491000, "otherAssets": 9202249000, "deferredLongTermAssetCharges": 930817000, "totalAssets": 15791057000, "accountsPayable": 111318000, "otherCurrentLiab": 2773904000, "longTermDebt": 4009307000, "otherLiab": 647629000, "minorityInterest": 3301733000, "totalCurrentLiabilities": 2894311000, "totalLiab": 7551247000, "commonStock": 305206000, "treasuryStock": 4632871000, "otherStockholderEquity": 4632871000, "totalStockholderEquity": 4938077000, "netTangibleAssets": 4023586000}], "maxAge": 86400}, "indexTrend": {"maxAge": 1, "symbol": "SP5", "peRatio": 19.7411, "pegRatio": 1.34172, "estimates": [{"period": "0q", "growth": 0.549}, {"period": "+1q", "growth": 0.431}, {"period": "0y", "growth": 0.305}, {"period": "+1y", "growth": 0.109}, {"period": "+5y", "growth": 0.120865}, {"period": "-5y"}]}, "insiderTransactions": {"transactions": [{"maxAge": 1, "shares": 76768, "value": 16973, "filerUrl": "", "transactionText": "Sale at price 0.22 per share.", "filerName": "Akhil Chaturvedi Family Trust.", "filerRelation": "Promoter", "moneyText": "", "startDate": "2020-09-30", "ownership": "D"}, {"maxAge": 1, "shares": 12000, "value": 2680, "filerUrl": "", "transactionText": "Sale at price 0.22 per share.", "filerName": "Provogue (India) Ltd.", "filerRelation": "Promoter", "moneyText": "", "startDate": "2020-09-11", "ownership": "D"}, {"maxAge": 1, "shares": 75000, "value": 16882, "filerUrl": "", "transactionText": "Sale at price 0.23 per share.", "filerName": "Provogue (India) Ltd.", "filerRelation": "Promoter", "moneyText": "", "startDate": "2020-09-10", "ownership": "D"}, {"maxAge": 1, "shares": 75000, "value": 16972, "filerUrl": "", "transactionText": "Sale at price 0.23 per share.", "filerName": "Provogue (India) Ltd.", "filerRelation": "Promoter", "moneyText": "", "startDate": "2020-09-08", "ownership": "D"}, {"maxAge": 1, "shares": 88000, "value": 20380, "filerUrl": "", "transactionText": "Sale at price 0.23 per share.", "filerName": "Provogue (India) Ltd.", "filerRelation": "Promoter", "moneyText": "", "startDate": "2020-09-07", "ownership": "D"}, {"maxAge": 1, "shares": 73125, "filerUrl": "", "transactionText": "", "filerName": "Akhil Chaturvedi Family Trust.", "filerRelation": "Promoter", "moneyText": "", "startDate": "2019-12-26", "ownership": "D"}, {"maxAge": 1, "shares": 260659, "filerUrl": "", "transactionText": "", "filerName": "Akhil Chaturvedi Family Trust.", "filerRelation": "Promoter", "moneyText": "", "startDate": "2019-12-03", "ownership": "D"}, {"maxAge": 1, "shares": 203047, "filerUrl": "", "transactionText": "", "filerName": "Chaturvedi (Anisha)", "filerRelation": "Promoter", "moneyText": "", "startDate": "2019-12-03", "ownership": "D"}, {"maxAge": 1, "shares": 97000, "filerUrl": "", "transactionText": "", "filerName": "Chaturvedi (Anisha)", "filerRelation": "Promoter", "moneyText": "", "startDate": "2019-11-29", "ownership": "D"}, {"maxAge": 1, "shares": 99913, "filerUrl": "", "transactionText": "", "filerName": "Chaturvedi (Anisha)", "filerRelation": "Promoter", "moneyText": "", "startDate": "2019-11-28", "ownership": "D"}, {"maxAge": 1, "shares": 63851, "filerUrl": "", "transactionText": "", "filerName": "Chaturvedi (Akhil Anupendra)", "filerRelation": "Promoter", "moneyText": "", "startDate": "2019-09-24", "ownership": "D"}, {"maxAge": 1, "shares": 55744, "filerUrl": "", "transactionText": "", "filerName": "Chaturvedi (Akhil Anupendra)", "filerRelation": "Promoter", "moneyText": "", "startDate": "2019-09-12", "ownership": "D"}, {"maxAge": 1, "shares": 39855, "filerUrl": "", "transactionText": "", "filerName": "Chaturvedi (Akhil Anupendra)", "filerRelation": "Promoter", "moneyText": "", "startDate": "2019-06-24", "ownership": "D"}, {"maxAge": 1, "shares": 80904, "filerUrl": "", "transactionText": "", "filerName": "Chaturvedi (Akhil Anupendra)", "filerRelation": "Promoter", "moneyText": "", "startDate": "2019-02-27", "ownership": "D"}, {"maxAge": 1, "shares": 86004, "filerUrl": "", "transactionText": "", "filerName": "Akhil Chaturvedi Family Trust.", "filerRelation": "Promoter", "moneyText": "", "startDate": "2018-12-19", "ownership": "D"}, {"maxAge": 1, "shares": 112537, "filerUrl": "", "transactionText": "", "filerName": "Chaturvedi (Akhil Anupendra)", "filerRelation": "Promoter", "moneyText": "", "startDate": "2018-11-21", "ownership": "D"}], "maxAge": 1}, "quoteType": {"exchange": "BSE", "quoteType": "EQUITY", "symbol": "PROZONINTU.BO", "underlyingSymbol": "PROZONINTU.BO", "shortName": "PROZONINTU", "longName": "Prozone Intu Properties Limited", "firstTradeDateEpochUtc": "2012-09-12 09:15:00", "timeZoneFullName": "Asia/Kolkata", "timeZoneShortName": "IST", "uuid": "9b1c91a1-d2dd-366c-a028-e2a958b48f8e", "messageBoardId": null, "gmtOffSetMilliseconds": 19800000, "maxAge": 1}, "incomeStatementHistory": {"incomeStatementHistory": [{"maxAge": 1, "endDate": "2020-03-31", "totalRevenue": 851513000, "costOfRevenue": 25373000, "grossProfit": 826140000, "researchDevelopment": {}, "sellingGeneralAdministrative": 69555000, "nonRecurring": {}, "otherOperatingExpenses": 237445000, "totalOperatingExpenses": 666420000, "operatingIncome": 185093000, "totalOtherIncomeExpenseNet": -245444000, "ebit": 185093000, "interestExpense": -387277000, "incomeBeforeTax": -60351000, "incomeTaxExpense": -18701000, "minorityInterest": 3250084000, "netIncomeFromContinuingOps": -41650000, "discontinuedOperations": {}, "extraordinaryItems": {}, "effectOfAccountingCharges": {}, "otherItems": {}, "netIncome": -15201000, "netIncomeApplicableToCommonShares": -15201000}, {"maxAge": 1, "endDate": "2019-03-31", "totalRevenue": 1183735000, "costOfRevenue": 297435000, "grossProfit": 886300000, "researchDevelopment": {}, "sellingGeneralAdministrative": 58914000, "nonRecurring": {}, "otherOperatingExpenses": 220552000, "totalOperatingExpenses": 916620000, "operatingIncome": 267115000, "totalOtherIncomeExpenseNet": -187002000, "ebit": 267115000, "interestExpense": -332873000, "incomeBeforeTax": 80113000, "incomeTaxExpense": 14878000, "minorityInterest": 3282310000, "netIncomeFromContinuingOps": 65235000, "discontinuedOperations": {}, "extraordinaryItems": {}, "effectOfAccountingCharges": {}, "otherItems": {}, "netIncome": 24454000, "netIncomeApplicableToCommonShares": 24454000}, {"maxAge": 1, "endDate": "2018-03-31", "totalRevenue": 962214000, "costOfRevenue": 329693000, "grossProfit": 632521000, "researchDevelopment": {}, "sellingGeneralAdministrative": 77877000, "nonRecurring": {}, "otherOperatingExpenses": 177671000, "totalOperatingExpenses": 850914000, "operatingIncome": 111300000, "totalOtherIncomeExpenseNet": -158086000, "ebit": 111300000, "interestExpense": -249779000, "incomeBeforeTax": -46786000, "incomeTaxExpense": 23269000, "minorityInterest": 3430909000, "netIncomeFromContinuingOps": -70055000, "discontinuedOperations": {}, "extraordinaryItems": {}, "effectOfAccountingCharges": {}, "otherItems": {}, "netIncome": -44974000, "netIncomeApplicableToCommonShares": -44974000}, {"maxAge": 1, "endDate": "2017-03-31", "totalRevenue": 631704000, "costOfRevenue": 229965000, "grossProfit": 401739000, "researchDevelopment": {}, "sellingGeneralAdministrative": 64909000, "nonRecurring": {}, "otherOperatingExpenses": 287765000, "totalOperatingExpenses": 699703000, "operatingIncome": -67999000, "totalOtherIncomeExpenseNet": 13464000, "ebit": -67999000, "interestExpense": -89402000, "incomeBeforeTax": -54535000, "incomeTaxExpense": -70625000, "minorityInterest": 3402989000, "netIncomeFromContinuingOps": 16090000, "discontinuedOperations": {}, "extraordinaryItems": {}, "effectOfAccountingCharges": {}, "otherItems": {}, "netIncome": -53223000, "netIncomeApplicableToCommonShares": -53220000}], "maxAge": 86400}, "fundOwnership": {"maxAge": 1, "ownershipList": []}, "summaryDetail": {"maxAge": 1, "priceHint": 2, "previousClose": 16.95, "open": 17.2, "dayLow": 17.05, "dayHigh": 17.35, "regularMarketPreviousClose": 16.95, "regularMarketOpen": 17.2, "regularMarketDayLow": 17.05, "regularMarketDayHigh": 17.35, "volume": 5245, "regularMarketVolume": 5245, "averageVolume": 56683, "averageVolume10days": 12643, "averageDailyVolume10Day": 12643, "bid": 17.1, "ask": 17.4, "bidSize": 0, "askSize": 0, "marketCap": 2632401920, "fiftyTwoWeekLow": 7.45, "fiftyTwoWeekHigh": 28.55, "fiftyDayAverage": 21.120588, "twoHundredDayAverage": 18.419338, "currency": "INR", "fromCurrency": null, "toCurrency": null, "lastMarket": null, "algorithm": null, "tradeable": false}, "incomeStatementHistoryQuarterly": {"incomeStatementHistory": [{"maxAge": 1, "endDate": "2020-06-30", "totalRevenue": 1544000, "costOfRevenue": 0, "grossProfit": 1544000, "researchDevelopment": {}, "sellingGeneralAdministrative": 7870000, "nonRecurring": {}, "otherOperatingExpenses": 30822000, "totalOperatingExpenses": 113120000, "operatingIncome": -111576000, "totalOtherIncomeExpenseNet": -70292000, "ebit": -111576000, "interestExpense": -99931000, "incomeBeforeTax": -181868000, "incomeTaxExpense": -5097000, "minorityInterest": {}, "netIncomeFromContinuingOps": -176771000, "discontinuedOperations": {}, "extraordinaryItems": {}, "effectOfAccountingCharges": {}, "otherItems": {}, "netIncome": -93673000, "netIncomeApplicableToCommonShares": -93673000}, {"maxAge": 1, "endDate": "2020-03-31", "totalRevenue": 178792000, "costOfRevenue": 22071000, "grossProfit": 156721000, "researchDevelopment": {}, "sellingGeneralAdministrative": 36086000, "nonRecurring": {}, "otherOperatingExpenses": -12981000, "totalOperatingExpenses": 131334000, "operatingIncome": 47458000, "totalOtherIncomeExpenseNet": -77764000, "ebit": 47458000, "interestExpense": -61649000, "incomeBeforeTax": -30306000, "incomeTaxExpense": -16328000, "minorityInterest": 3250084000, "netIncomeFromContinuingOps": -13978000, "discontinuedOperations": {}, "extraordinaryItems": {}, "effectOfAccountingCharges": {}, "otherItems": {}, "netIncome": 6074000, "netIncomeApplicableToCommonShares": 6074000}, {"maxAge": 1, "endDate": "2019-12-31", "totalRevenue": 227351000, "costOfRevenue": 231000, "grossProfit": 227120000, "researchDevelopment": {}, "sellingGeneralAdministrative": 11525000, "nonRecurring": {}, "otherOperatingExpenses": 98725000, "totalOperatingExpenses": 193325000, "operatingIncome": 34026000, "totalOtherIncomeExpenseNet": -49408000, "ebit": 34026000, "interestExpense": -119269000, "incomeBeforeTax": -15382000, "incomeTaxExpense": -21488000, "minorityInterest": 3250084000, "netIncomeFromContinuingOps": 6106000, "discontinuedOperations": {}, "extraordinaryItems": {}, "effectOfAccountingCharges": {}, "otherItems": {}, "netIncome": 3087000, "netIncomeApplicableToCommonShares": 3087000}, {"maxAge": 1, "endDate": "2019-09-30", "totalRevenue": 221796000, "costOfRevenue": 2500000, "grossProfit": 219296000, "researchDevelopment": {}, "sellingGeneralAdministrative": 11414000, "nonRecurring": {}, "otherOperatingExpenses": 81609000, "totalOperatingExpenses": 179647000, "operatingIncome": 42149000, "totalOtherIncomeExpenseNet": -58878000, "ebit": 42149000, "interestExpense": -110098000, "incomeBeforeTax": -16729000, "incomeTaxExpense": 19092000, "minorityInterest": 3301733000, "netIncomeFromContinuingOps": -35821000, "discontinuedOperations": {}, "extraordinaryItems": {}, "effectOfAccountingCharges": {}, "otherItems": {}, "netIncome": -26085000, "netIncomeApplicableToCommonShares": -26085000}], "maxAge": 86400}, "cashflowStatementHistoryQuarterly": {"cashflowStatements": [{"maxAge": 1, "endDate": "2020-06-30", "netIncome": -93673000, "changeToLiabilities": 0}, {"maxAge": 1, "endDate": "2020-03-31", "netIncome": 6074000, "changeToLiabilities": 0}, {"maxAge": 1, "endDate": "2019-12-31", "netIncome": 3087000, "changeToLiabilities": 0}, {"maxAge": 1, "endDate": "2019-09-30", "netIncome": -26085000, "changeToLiabilities": 0}], "maxAge": 86400}, "insiderHolders": {"holders": [{"maxAge": 1, "name": "Akhil Chaturvedi Family Trust.", "relation": "Promoter", "url": "", "transactionDescription": "Sale", "latestTransDate": "2020-09-30", "positionDirect": 2350068, "positionDirectDate": "2020-09-30"}, {"maxAge": 1, "name": "Chaturvedi (Akhil Anupendra)", "relation": "Promoter", "url": "", "transactionDescription": "Sale", "latestTransDate": "2019-09-24", "positionDirect": 2564270, "positionDirectDate": "2019-09-24"}, {"maxAge": 1, "name": "Chaturvedi (Anisha)", "relation": "Promoter", "url": "", "transactionDescription": "Sale", "latestTransDate": "2019-12-03", "positionDirect": 183560, "positionDirectDate": "2019-12-03"}, {"maxAge": 1, "name": "Provogue (India) Ltd.", "relation": "Promoter", "url": "", "transactionDescription": "Sale", "latestTransDate": "2020-09-11", "positionDirect": 0, "positionDirectDate": "2020-09-11"}], "maxAge": 1}, "calendarEvents": {"maxAge": 1, "earnings": {"earningsDate": []}}, "price": {"maxAge": 1, "regularMarketChangePercent": 0.017699068, "regularMarketChange": 0.29999924, "regularMarketTime": "2021-04-30 15:28:38", "priceHint": 2, "regularMarketPrice": 17.25, "regularMarketDayHigh": 17.35, "regularMarketDayLow": 17.05, "regularMarketVolume": 5245, "averageDailyVolume10Day": 12643, "averageDailyVolume3Month": 56683, "regularMarketPreviousClose": 16.95, "regularMarketSource": "FREE_REALTIME", "regularMarketOpen": 17.2, "exchange": "BSE", "exchangeName": "BSE", "exchangeDataDelayedBy": 0, "marketState": "CLOSED", "quoteType": "EQUITY", "symbol": "PROZONINTU.BO", "underlyingSymbol": null, "shortName": "PROZONINTU", "longName": "Prozone Intu Properties Limited", "currency": "INR", "quoteSourceName": "Delayed Quote", "currencySymbol": "\u20b9", "fromCurrency": null, "toCurrency": null, "lastMarket": null, "marketCap": 2632401920}, "balanceSheetHistory": {"balanceSheetStatements": [{"maxAge": 1, "endDate": "2020-03-31", "cash": 79901000, "netReceivables": 1032107000, "inventory": 4032907000, "otherCurrentAssets": 190661000, "totalCurrentAssets": 5530915000, "longTermInvestments": 466171000, "propertyPlantEquipment": 53704000, "goodWill": 914491000, "otherAssets": 9142055000, "deferredLongTermAssetCharges": 955492000, "totalAssets": 16107336000, "accountsPayable": 660185000, "shortLongTermDebt": 316751000, "otherCurrentLiab": 2448750000, "longTermDebt": 3666737000, "otherLiab": 473612000, "minorityInterest": 3250084000, "totalCurrentLiabilities": 3750752000, "totalLiab": 7892080000, "commonStock": 305206000, "retainedEarnings": -349886000, "treasuryStock": 35186000, "capitalSurplus": 4974666000, "otherStockholderEquity": 35186000, "totalStockholderEquity": 4965172000, "netTangibleAssets": 4050681000}, {"maxAge": 1, "endDate": "2019-03-31", "cash": 19877000, "netReceivables": 406202000, "inventory": 2752232000, "otherCurrentAssets": 81922000, "totalCurrentAssets": 3563357000, "longTermInvestments": 458954000, "propertyPlantEquipment": 74770000, "goodWill": 914491000, "otherAssets": 9309679000, "deferredLongTermAssetCharges": 942220000, "totalAssets": 14321251000, "accountsPayable": 215265000, "shortLongTermDebt": 205940000, "otherCurrentLiab": 1639683000, "longTermDebt": 3323081000, "otherLiab": 569837000, "minorityInterest": 3282310000, "totalCurrentLiabilities": 2151388000, "totalLiab": 6046949000, "commonStock": 305206000, "retainedEarnings": -315192000, "treasuryStock": 27312000, "capitalSurplus": 4974666000, "otherStockholderEquity": 27312000, "totalStockholderEquity": 4991992000, "netTangibleAssets": 4077501000}, {"maxAge": 1, "endDate": "2018-03-31", "cash": 38056000, "netReceivables": 675704000, "inventory": 1464916000, "otherCurrentAssets": 94307000, "totalCurrentAssets": 2437751000, "longTermInvestments": 472860000, "propertyPlantEquipment": 95139000, "goodWill": 914491000, "otherAssets": 9252174000, "deferredLongTermAssetCharges": 767852000, "totalAssets": 13172415000, "accountsPayable": 230487000, "shortLongTermDebt": 81428000, "otherCurrentLiab": 462404000, "longTermDebt": 3313243000, "otherLiab": 319599000, "minorityInterest": 3430909000, "totalCurrentLiabilities": 873443000, "totalLiab": 4512441000, "commonStock": 305206000, "retainedEarnings": -122622000, "treasuryStock": 71815000, "capitalSurplus": 4974666000, "otherStockholderEquity": 71815000, "totalStockholderEquity": 5229065000, "netTangibleAssets": 4314574000}, {"maxAge": 1, "endDate": "2017-03-31", "cash": 193285000, "netReceivables": 897467000, "inventory": 1897881000, "otherCurrentAssets": 50832000, "totalCurrentAssets": 3275526000, "longTermInvestments": 491243000, "propertyPlantEquipment": 2699600000, "goodWill": 914491000, "otherAssets": 5185727000, "deferredLongTermAssetCharges": 765619000, "totalAssets": 12566587000, "accountsPayable": 174562000, "shortLongTermDebt": 263999000, "otherCurrentLiab": 392150000, "longTermDebt": 2738475000, "otherLiab": 204336000, "minorityInterest": 3402989000, "totalCurrentLiabilities": 880136000, "totalLiab": 3828726000, "commonStock": 305206000, "retainedEarnings": -64402000, "treasuryStock": 88189000, "capitalSurplus": 5005879000, "otherStockholderEquity": 88189000, "totalStockholderEquity": 5334872000, "netTangibleAssets": 4420381000}], "maxAge": 86400}, "financialData": {"maxAge": 86400, "currentPrice": 17.25, "recommendationKey": "none", "grossProfits": 826140000, "financialCurrency": "INR"}}}