{"PRSMJOHNSN.NS": {"assetProfile": {"address1": "Rahejas, Main Avenue", "address2": "2nd Floor V. P. Road Santacruz (West)", "city": "Mumbai", "zip": "400054", "country": "India", "phone": "91 22 6675 4142", "fax": "91 22 6600 1304", "website": "http://prismjohnson.in", "industry": "Building Materials", "sector": "Basic Materials", "longBusinessSummary": "Prism Johnson Limited, an integrated building materials company, provides cement, ready-mixed concrete, ceramic tiles, and bathroom products in India and internationally. It operates through four segments: Cement, Tile and Bath (HRJ), Ready Mixed Concrete (RMC), and Insurance. The company offers Portland pozzolana cement under the Champion, Champion Plus, Duratech and Ordinary Portland Cement brands. It also provides aggregates; and operates quarries. In addition, the company offers ceramic and vitrified tiles; and sanitaryware, bath fittings, and engineered marble and quartz products under the Johnson, Johnson Marbonite, Johnson Porselano, and Johnson Endura brand names. Further, it engages in the general insurance business. The company was formerly known as Prism Cement Limited and changed its name to Prism Johnson Limited in April 2018. Prism Johnson Limited was incorporated in 1992 and is headquartered in Mumbai, India.", "fullTimeEmployees": 5418, "companyOfficers": [{"maxAge": 1, "name": "Mr. Manish  Bhatia", "title": "Chief Financial Officer", "fiscalYear": 2020, "totalPay": 13600000, "exercisedValue": 0, "unexercisedValue": 0}, {"maxAge": 1, "name": "Ms. Aneeta Suhas Kulkarni", "age": 55, "title": "Company Sec. & Compliance Officer", "yearBorn": 1965, "fiscalYear": 2020, "totalPay": 6500000, "exercisedValue": 0, "unexercisedValue": 0}, {"maxAge": 1, "name": "Mr. Vivek Krishan Agnihotri", "age": 60, "title": "CEO of Cement & Exec. Director", "yearBorn": 1960, "exercisedValue": 0, "unexercisedValue": 0}, {"maxAge": 1, "name": "Mr. Atul Rasiklal Desai", "age": 58, "title": "CEO of RMC Division & Exec. Director", "yearBorn": 1962, "exercisedValue": 0, "unexercisedValue": 0}, {"maxAge": 1, "name": "Mr. Sarat Kumar Chandak", "age": 49, "title": "CEO of HRJ Division & Exec. Director", "yearBorn": 1971, "exercisedValue": 0, "unexercisedValue": 0}, {"maxAge": 1, "name": "Mr. Vijay  Aggarwal", "age": 52, "title": "MD & Exec. Non-Independent Director", "yearBorn": 1968, "fiscalYear": 2019, "exercisedValue": 0, "unexercisedValue": 0}, {"maxAge": 1, "name": "Mr. Munzal  Shah", "title": "Gen. Mang. of Investor Relations", "exercisedValue": 0, "unexercisedValue": 0}, {"maxAge": 1, "name": "Mr. Rajnish  Sacheti", "title": "Chief Legal Officer", "exercisedValue": 0, "unexercisedValue": 0}, {"maxAge": 1, "name": "Mr. Harsha  Saksena", "title": "Chief Strategy Officer", "exercisedValue": 0, "unexercisedValue": 0}], "compensationAsOfEpochDate": "2020-12-31 05:30:00", "maxAge": 86400}, "cashflowStatementHistory": {"cashflowStatements": [{"maxAge": 1, "endDate": "2020-03-31", "netIncome": 16500000, "depreciation": 2403200000, "changeToNetincome": 3033100000, "changeToAccountReceivables": -243000000, "changeToLiabilities": 55200000, "changeToInventory": -338900000, "changeToOperatingActivities": -679000000, "totalCashFromOperatingActivities": 4346900000, "capitalExpenditures": -3746200000, "investments": -836600000, "otherCashflowsFromInvestingActivities": 196500000, "totalCashflowsFromInvestingActivities": -4335800000, "dividendsPaid": -503400000, "netBorrowings": 3214900000, "otherCashflowsFromFinancingActivities": -1974300000, "totalCashFromFinancingActivities": 737200000, "changeInCash": 748300000}, {"maxAge": 1, "endDate": "2019-03-31", "netIncome": 1164000000, "depreciation": 1960400000, "changeToNetincome": 2780100000, "changeToAccountReceivables": -806200000, "changeToLiabilities": 889900000, "changeToInventory": -924600000, "changeToOperatingActivities": 1374700000, "totalCashFromOperatingActivities": 6538900000, "capitalExpenditures": -2865900000, "investments": -785500000, "otherCashflowsFromInvestingActivities": 124400000, "totalCashflowsFromInvestingActivities": -3301400000, "dividendsPaid": -303400000, "netBorrowings": -1015700000, "otherCashflowsFromFinancingActivities": -1928100000, "totalCashFromFinancingActivities": -3247200000, "changeInCash": -9700000}, {"maxAge": 1, "endDate": "2018-03-31", "netIncome": 425000000, "depreciation": 1817100000, "changeToNetincome": 2519600000, "changeToAccountReceivables": -656200000, "changeToLiabilities": -258100000, "changeToInventory": -546200000, "changeToOperatingActivities": 2466400000, "totalCashFromOperatingActivities": 5866200000, "capitalExpenditures": -3416400000, "investments": -832500000, "otherCashflowsFromInvestingActivities": 112100000, "totalCashflowsFromInvestingActivities": -4065500000, "dividendsPaid": -303400000, "netBorrowings": 377800000, "otherCashflowsFromFinancingActivities": -2174200000, "totalCashFromFinancingActivities": -1796400000, "changeInCash": 4300000}, {"maxAge": 1, "endDate": "2017-03-31", "netIncome": -18000000, "depreciation": 1894500000, "changeToNetincome": 2441000000, "changeToAccountReceivables": -440800000, "changeToLiabilities": 155100000, "changeToInventory": 823700000, "changeToOperatingActivities": 1803500000, "totalCashFromOperatingActivities": 6756100000, "capitalExpenditures": -1959000000, "investments": -564700000, "otherCashflowsFromInvestingActivities": 76700000, "totalCashflowsFromInvestingActivities": -2361400000, "dividendsPaid": -303400000, "netBorrowings": -2367700000, "otherCashflowsFromFinancingActivities": -2237900000, "totalCashFromFinancingActivities": -4605600000, "changeInCash": -210900000}], "maxAge": 86400}, "institutionOwnership": {"ownershipList": [], "maxAge": 1}, "majorHoldersBreakdown": {"maxAge": 1, "insidersPercentHeld": 0.77061, "institutionsPercentHeld": 0.09901, "institutionsFloatPercentHeld": 0.43164003, "institutionsCount": 12}, "balanceSheetHistoryQuarterly": {"balanceSheetStatements": [{"maxAge": 1, "endDate": "2020-12-31", "totalStockholderEquity": 9979800000, "netTangibleAssets": 9471300000}, {"maxAge": 1, "endDate": "2020-09-30", "cash": 3686400000, "shortTermInvestments": 2104100000, "netReceivables": 5725800000, "inventory": 5520200000, "otherCurrentAssets": 1197200000, "totalCurrentAssets": 18233700000, "longTermInvestments": 6167100000, "propertyPlantEquipment": 29978800000, "goodWill": 273200000, "intangibleAssets": 235300000, "otherAssets": 2512900000, "deferredLongTermAssetCharges": 159100000, "totalAssets": 57401000000, "accountsPayable": 6827300000, "otherCurrentLiab": 10774400000, "longTermDebt": 15763100000, "otherLiab": 6168500000, "minorityInterest": 2824700000, "totalCurrentLiabilities": 21112700000, "totalLiab": 44596500000, "commonStock": 5033600000, "treasuryStock": 4946200000, "otherStockholderEquity": 4946200000, "totalStockholderEquity": 9979800000, "netTangibleAssets": 9471300000}, {"maxAge": 1, "endDate": "2020-06-30", "totalStockholderEquity": 10489700000, "netTangibleAssets": 9979700000}, {"maxAge": 1, "endDate": "2020-03-31", "cash": 1370400000, "shortTermInvestments": 2773300000, "netReceivables": 8765200000, "inventory": 7416700000, "otherCurrentAssets": 805600000, "totalCurrentAssets": 22821300000, "longTermInvestments": 3731900000, "propertyPlantEquipment": 30177700000, "goodWill": 257700000, "intangibleAssets": 252300000, "otherAssets": 3448800000, "deferredLongTermAssetCharges": 165400000, "totalAssets": 60689700000, "accountsPayable": 7778600000, "shortLongTermDebt": 4575500000, "otherCurrentLiab": 4117300000, "longTermDebt": 15043700000, "otherLiab": 5990400000, "minorityInterest": 2448600000, "totalCurrentLiabilities": 25256600000, "totalLiab": 47751400000, "commonStock": 5033600000, "retainedEarnings": 5342500000, "treasuryStock": 113600000, "otherStockholderEquity": 113600000, "totalStockholderEquity": 10489700000, "netTangibleAssets": 9979700000}], "maxAge": 86400}, "indexTrend": {"maxAge": 1, "symbol": "SP5", "peRatio": 19.7411, "pegRatio": 1.34172, "estimates": [{"period": "0q", "growth": 0.549}, {"period": "+1q", "growth": 0.431}, {"period": "0y", "growth": 0.305}, {"period": "+1y", "growth": 0.109}, {"period": "+5y", "growth": 0.120865}, {"period": "-5y"}]}, "defaultKeyStatistics": {"maxAge": 1, "priceHint": 2, "enterpriseValue": 79758049280, "profitMargins": -0.0051200003, "floatShares": 135493676, "sharesOutstanding": 503356992, "heldPercentInsiders": 0.77061, "heldPercentInstitutions": 0.09901, "beta": 1.293741, "category": null, "bookValue": 19.994, "priceToBook": 6.5144544, "fundFamily": null, "legalType": null, "lastFiscalYearEnd": "2020-03-31 05:30:00", "nextFiscalYearEnd": "2022-03-31 05:30:00", "mostRecentQuarter": "2020-12-31 05:30:00", "earningsQuarterlyGrowth": 15.152, "netIncomeToCommon": -267300000, "trailingEps": -0.537, "lastSplitFactor": null, "enterpriseToRevenue": 1.528, "enterpriseToEbitda": 16.907}, "summaryProfile": {"address1": "Rahejas, Main Avenue", "address2": "2nd Floor V. P. Road Santacruz (West)", "city": "Mumbai", "zip": "400054", "country": "India", "phone": "91 22 6675 4142", "fax": "91 22 6600 1304", "website": "http://prismjohnson.in", "industry": "Building Materials", "sector": "Basic Materials", "longBusinessSummary": "Prism Johnson Limited, an integrated building materials company, provides cement, ready-mixed concrete, ceramic tiles, and bathroom products in India and internationally. It operates through four segments: Cement, Tile and Bath (HRJ), Ready Mixed Concrete (RMC), and Insurance. The company offers Portland pozzolana cement under the Champion, Champion Plus, Duratech and Ordinary Portland Cement brands. It also provides aggregates; and operates quarries. In addition, the company offers ceramic and vitrified tiles; and sanitaryware, bath fittings, and engineered marble and quartz products under the Johnson, Johnson Marbonite, Johnson Porselano, and Johnson Endura brand names. Further, it engages in the general insurance business. The company was formerly known as Prism Cement Limited and changed its name to Prism Johnson Limited in April 2018. Prism Johnson Limited was incorporated in 1992 and is headquartered in Mumbai, India.", "fullTimeEmployees": 5418, "companyOfficers": [], "maxAge": 86400}, "netSharePurchaseActivity": {"maxAge": 1, "period": "6m", "buyInfoCount": 0, "buyInfoShares": 0, "sellInfoCount": 0, "netInfoCount": 0, "netInfoShares": 0, "netPercentInsiderShares": 0.0, "totalInsiderShares": 386986336}, "insiderTransactions": {"transactions": [{"maxAge": 1, "shares": 16000, "filerUrl": "", "transactionText": "", "filerName": "Excelsior Constructions Company Pvt Ltd", "filerRelation": "Promoter", "moneyText": "", "startDate": "2020-02-20", "ownership": "D"}, {"maxAge": 1, "shares": 14000, "filerUrl": "", "transactionText": "", "filerName": "Gstaad Investment & Finance Pvt Ltd", "filerRelation": "Promoter", "moneyText": "", "startDate": "2020-02-20", "ownership": "D"}, {"maxAge": 1, "shares": 217700, "filerUrl": "", "transactionText": "", "filerName": "Bloomingdale Investments & Finance Pvt Ltd", "filerRelation": "Promoter", "moneyText": "", "startDate": "2020-02-20", "ownership": "D"}, {"maxAge": 1, "shares": 12000, "filerUrl": "", "transactionText": "", "filerName": "Gstaad Trading Company Pvt. Ltd.", "filerRelation": "Promoter", "moneyText": "", "startDate": "2020-02-20", "ownership": "D"}, {"maxAge": 1, "shares": 14000, "filerUrl": "", "transactionText": "", "filerName": "Colonnade Housing Pvt Ltd", "filerRelation": "Promoter", "moneyText": "", "startDate": "2020-02-20", "ownership": "D"}, {"maxAge": 1, "shares": 123700, "filerUrl": "", "transactionText": "", "filerName": "Peninsula Estates Pvt Ltd", "filerRelation": "Promoter", "moneyText": "", "startDate": "2020-02-20", "ownership": "D"}, {"maxAge": 1, "shares": 4000, "filerUrl": "", "transactionText": "", "filerName": "Shiraz Realtors Pvt. Ltd.", "filerRelation": "Promoter", "moneyText": "", "startDate": "2020-02-20", "ownership": "D"}, {"maxAge": 1, "shares": 14000, "filerUrl": "", "transactionText": "", "filerName": "Brindaban Land Development Pvt Ltd", "filerRelation": "Promoter", "moneyText": "", "startDate": "2020-02-20", "ownership": "D"}, {"maxAge": 1, "shares": 20000, "filerUrl": "", "transactionText": "", "filerName": "Trophy Investment & Finance Pvt Ltd", "filerRelation": "Promoter", "moneyText": "", "startDate": "2020-02-20", "ownership": "D"}], "maxAge": 1}, "quoteType": {"exchange": "NSI", "quoteType": "EQUITY", "symbol": "PRSMJOHNSN.NS", "underlyingSymbol": "PRSMJOHNSN.NS", "shortName": "PRISM JOHNSON LTD", "longName": "Prism Johnson Limited", "firstTradeDateEpochUtc": "2002-07-01 09:15:00", "timeZoneFullName": "Asia/Kolkata", "timeZoneShortName": "IST", "uuid": "d96e0bad-2896-3c1a-a21c-814707fbb1db", "gmtOffSetMilliseconds": 19800000, "maxAge": 1}, "incomeStatementHistory": {"incomeStatementHistory": [{"maxAge": 1, "endDate": "2020-03-31", "totalRevenue": 59562000000, "costOfRevenue": 34024800000, "grossProfit": 25537200000, "researchDevelopment": {}, "sellingGeneralAdministrative": 15520400000, "nonRecurring": {}, "otherOperatingExpenses": 4226700000, "totalOperatingExpenses": 56341700000, "operatingIncome": 3220300000, "totalOtherIncomeExpenseNet": -2599200000, "ebit": 3220300000, "interestExpense": -2433100000, "incomeBeforeTax": 621100000, "incomeTaxExpense": 827600000, "minorityInterest": 2448600000, "netIncomeFromContinuingOps": -206500000, "discontinuedOperations": {}, "extraordinaryItems": {}, "effectOfAccountingCharges": {}, "otherItems": {}, "netIncome": 16500000, "netIncomeApplicableToCommonShares": 16500000}, {"maxAge": 1, "endDate": "2019-03-31", "totalRevenue": 61944200000, "costOfRevenue": 35543800000, "grossProfit": 26400400000, "researchDevelopment": {}, "sellingGeneralAdministrative": 15980700000, "nonRecurring": {}, "otherOperatingExpenses": 4158500000, "totalOperatingExpenses": 57801800000, "operatingIncome": 4142400000, "totalOtherIncomeExpenseNet": -2130300000, "ebit": 4142400000, "interestExpense": -2123400000, "incomeBeforeTax": 2012100000, "incomeTaxExpense": 916100000, "minorityInterest": 2659400000, "netIncomeFromContinuingOps": 1096000000, "discontinuedOperations": {}, "extraordinaryItems": {}, "effectOfAccountingCharges": {}, "otherItems": {}, "netIncome": 1164000000, "netIncomeApplicableToCommonShares": 1164000000}, {"maxAge": 1, "endDate": "2018-03-31", "totalRevenue": 55077300000, "costOfRevenue": 33372600000, "grossProfit": 21704700000, "researchDevelopment": {}, "sellingGeneralAdministrative": 13434600000, "nonRecurring": {}, "otherOperatingExpenses": 3753800000, "totalOperatingExpenses": 52458600000, "operatingIncome": 2618700000, "totalOtherIncomeExpenseNet": -1612100000, "ebit": 2618700000, "interestExpense": -2192000000, "incomeBeforeTax": 1006600000, "incomeTaxExpense": 456600000, "minorityInterest": 2726700000, "netIncomeFromContinuingOps": 550000000, "discontinuedOperations": {}, "extraordinaryItems": {}, "effectOfAccountingCharges": {}, "otherItems": {}, "netIncome": 425000000, "netIncomeApplicableToCommonShares": 425000000}, {"maxAge": 1, "endDate": "2017-03-31", "totalRevenue": 50124600000, "costOfRevenue": 30201000000, "grossProfit": 19923600000, "researchDevelopment": {}, "sellingGeneralAdministrative": 12907400000, "nonRecurring": {}, "otherOperatingExpenses": 3411800000, "totalOperatingExpenses": 48473100000, "operatingIncome": 1651500000, "totalOtherIncomeExpenseNet": -1234300000, "ebit": 1651500000, "interestExpense": -2088000000, "incomeBeforeTax": 417200000, "incomeTaxExpense": 274700000, "minorityInterest": 2694200000, "netIncomeFromContinuingOps": 142500000, "discontinuedOperations": {}, "extraordinaryItems": {}, "effectOfAccountingCharges": {}, "otherItems": {}, "netIncome": -18000000, "netIncomeApplicableToCommonShares": -18000000}], "maxAge": 86400}, "fundOwnership": {"ownershipList": [{"maxAge": 1, "reportDate": "2021-01-31", "organization": "DFA Emerging Markets Small Cap Series", "pctHeld": 0.0013, "position": 631808, "value": 57462937}, {"maxAge": 1, "reportDate": "2021-01-31", "organization": "DFA Emerging Markets Core Equity Portfolio", "pctHeld": 0.001, "position": 499248, "value": 45406605}, {"maxAge": 1, "reportDate": "2021-03-31", "organization": "SPDR Portfolio Emerging Markets ETF", "pctHeld": 0.0002, "position": 117683, "value": 15422357}, {"maxAge": 1, "reportDate": "2021-01-31", "organization": "DFA Investment Dimensions-DFA Emerging Markets Targeted Value Port", "pctHeld": 0.0001, "position": 45272, "value": 4117488}, {"maxAge": 1, "reportDate": "2021-01-31", "organization": "DFA Investment Dimensions-World Ex U.S. Core Equity Port", "pctHeld": 0.0001, "position": 43150, "value": 3924492}, {"maxAge": 1, "reportDate": "2021-03-31", "organization": "Avantis Emerging Markets Equity Fund", "pctHeld": 0.0001, "position": 40245, "value": 5274107}], "maxAge": 1}, "summaryDetail": {"maxAge": 1, "priceHint": 2, "previousClose": 124.55, "open": 123.55, "dayLow": 123.3, "dayHigh": 131.0, "regularMarketPreviousClose": 124.55, "regularMarketOpen": 123.55, "regularMarketDayLow": 123.3, "regularMarketDayHigh": 131.0, "exDividendDate": "2019-08-06 05:30:00", "payoutRatio": 0.0, "beta": 1.293741, "volume": 282472, "regularMarketVolume": 282472, "averageVolume": 791514, "averageVolume10days": 1278860, "averageDailyVolume10Day": 1278860, "bid": 0.0, "ask": 0.0, "bidSize": 0, "askSize": 0, "marketCap": 65562247168, "fiftyTwoWeekLow": 29.4, "fiftyTwoWeekHigh": 134.9, "priceToSalesTrailing12Months": 1.2559745, "fiftyDayAverage": 115.75441, "twoHundredDayAverage": 89.01702, "trailingAnnualDividendRate": 0.0, "trailingAnnualDividendYield": 0.0, "currency": "INR", "fromCurrency": null, "lastMarket": null, "algorithm": null, "tradeable": false}, "incomeStatementHistoryQuarterly": {"incomeStatementHistory": [{"maxAge": 1, "endDate": "2020-12-31", "totalRevenue": 15254100000, "costOfRevenue": 8563400000, "grossProfit": 6690700000, "researchDevelopment": {}, "sellingGeneralAdministrative": 3107900000, "nonRecurring": {}, "otherOperatingExpenses": 1679500000, "totalOperatingExpenses": 13987100000, "operatingIncome": 1267000000, "totalOtherIncomeExpenseNet": -527100000, "ebit": 1267000000, "interestExpense": -502700000, "incomeBeforeTax": 739900000, "incomeTaxExpense": 267700000, "minorityInterest": {}, "netIncomeFromContinuingOps": 472200000, "discontinuedOperations": {}, "extraordinaryItems": {}, "effectOfAccountingCharges": {}, "otherItems": {}, "netIncome": 552400000, "netIncomeApplicableToCommonShares": 552400000}, {"maxAge": 1, "endDate": "2020-09-30", "totalRevenue": 13508300000, "costOfRevenue": 7649400000, "grossProfit": 5858900000, "researchDevelopment": {}, "sellingGeneralAdministrative": 2773400000, "nonRecurring": {}, "otherOperatingExpenses": 1368300000, "totalOperatingExpenses": 12573700000, "operatingIncome": 934600000, "totalOtherIncomeExpenseNet": -620200000, "ebit": 934600000, "interestExpense": -535700000, "incomeBeforeTax": 314400000, "incomeTaxExpense": 50500000, "minorityInterest": 2824700000, "netIncomeFromContinuingOps": 263900000, "discontinuedOperations": {}, "extraordinaryItems": {}, "effectOfAccountingCharges": {}, "otherItems": {}, "netIncome": 289500000, "netIncomeApplicableToCommonShares": 289500000}, {"maxAge": 1, "endDate": "2020-06-30", "totalRevenue": 8607000000, "costOfRevenue": 4501500000, "grossProfit": 4105500000, "researchDevelopment": {}, "sellingGeneralAdministrative": 2518500000, "nonRecurring": {}, "otherOperatingExpenses": 1364400000, "totalOperatingExpenses": 9049900000, "operatingIncome": -442900000, "totalOtherIncomeExpenseNet": -499900000, "ebit": -442900000, "interestExpense": -580700000, "incomeBeforeTax": -942800000, "incomeTaxExpense": -26100000, "minorityInterest": 2824700000, "netIncomeFromContinuingOps": -916700000, "discontinuedOperations": {}, "extraordinaryItems": {}, "effectOfAccountingCharges": {}, "otherItems": {}, "netIncome": -801700000, "netIncomeApplicableToCommonShares": -801700000}, {"maxAge": 1, "endDate": "2020-03-31", "totalRevenue": 14830900000, "costOfRevenue": 7877800000, "grossProfit": 6953100000, "researchDevelopment": {}, "sellingGeneralAdministrative": 5420900000, "nonRecurring": {}, "otherOperatingExpenses": -209600000, "totalOperatingExpenses": 13901200000, "operatingIncome": 929700000, "totalOtherIncomeExpenseNet": -950200000, "ebit": 929700000, "interestExpense": -538000000, "incomeBeforeTax": -20500000, "incomeTaxExpense": 434700000, "minorityInterest": 2448600000, "netIncomeFromContinuingOps": -455200000, "discontinuedOperations": {}, "extraordinaryItems": {}, "effectOfAccountingCharges": {}, "otherItems": {}, "netIncome": -307500000, "netIncomeApplicableToCommonShares": -307500000}], "maxAge": 86400}, "cashflowStatementHistoryQuarterly": {"cashflowStatements": [{"maxAge": 1, "endDate": "2020-12-31", "netIncome": 552400000, "changeToLiabilities": 0}, {"maxAge": 1, "endDate": "2020-09-30", "netIncome": 289500000, "changeToLiabilities": 0}, {"maxAge": 1, "endDate": "2020-06-30", "netIncome": -801700000, "changeToLiabilities": 0}, {"maxAge": 1, "endDate": "2020-03-31", "netIncome": -307500000, "changeToLiabilities": 0}], "maxAge": 86400}, "insiderHolders": {"holders": [{"maxAge": 1, "name": "Bloomingdale Investments & Finance Pvt Ltd", "relation": "Promoter", "url": "", "transactionDescription": "Purchase", "latestTransDate": "2020-02-20", "positionDirect": 31507100, "positionDirectDate": "2020-02-20"}, {"maxAge": 1, "name": "Brindaban Land Development Pvt Ltd", "relation": "Promoter", "url": "", "transactionDescription": "Sale", "latestTransDate": "2020-02-20", "positionDirect": 0, "positionDirectDate": "2020-02-20"}, {"maxAge": 1, "name": "Colonnade Housing Pvt Ltd", "relation": "Promoter", "url": "", "transactionDescription": "Sale", "latestTransDate": "2020-02-20", "positionDirect": 0, "positionDirectDate": "2020-02-20"}, {"maxAge": 1, "name": "Excelsior Constructions Company Pvt Ltd", "relation": "Promoter", "url": "", "transactionDescription": "Sale", "latestTransDate": "2020-02-20", "positionDirect": 0, "positionDirectDate": "2020-02-20"}, {"maxAge": 1, "name": "Gstaad Investment & Finance Pvt Ltd", "relation": "Promoter", "url": "", "transactionDescription": "Sale", "latestTransDate": "2020-02-20", "positionDirect": 0, "positionDirectDate": "2020-02-20"}, {"maxAge": 1, "name": "Gstaad Trading Company Pvt. Ltd.", "relation": "Promoter", "url": "", "transactionDescription": "Sale", "latestTransDate": "2020-02-20", "positionDirect": 0, "positionDirectDate": "2020-02-20"}, {"maxAge": 1, "name": "Peninsula Estates Pvt Ltd", "relation": "Promoter", "url": "", "transactionDescription": "Sale", "latestTransDate": "2020-02-20", "positionDirect": 0, "positionDirectDate": "2020-02-20"}, {"maxAge": 1, "name": "Shiraz Realtors Pvt. Ltd.", "relation": "Promoter", "url": "", "transactionDescription": "Sale", "latestTransDate": "2020-02-20", "positionDirect": 0, "positionDirectDate": "2020-02-20"}, {"maxAge": 1, "name": "Trophy Investment & Finance Pvt Ltd", "relation": "Promoter", "url": "", "transactionDescription": "Sale", "latestTransDate": "2020-02-20", "positionDirect": 0, "positionDirectDate": "2020-02-20"}], "maxAge": 1}, "calendarEvents": {"maxAge": 1, "earnings": {"earningsDate": []}, "exDividendDate": "2019-08-06 05:30:00"}, "upgradeDowngradeHistory": {"history": [], "maxAge": 86400}, "price": {"maxAge": 1, "regularMarketChangePercent": 0.04576473, "regularMarketChange": 5.699997, "regularMarketTime": "2021-04-30 15:30:00", "priceHint": 2, "regularMarketPrice": 130.25, "regularMarketDayHigh": 131.0, "regularMarketDayLow": 123.3, "regularMarketVolume": 282472, "averageDailyVolume10Day": 1278860, "averageDailyVolume3Month": 791514, "regularMarketPreviousClose": 124.55, "regularMarketSource": "FREE_REALTIME", "regularMarketOpen": 123.55, "exchange": "NSI", "exchangeName": "NSE", "exchangeDataDelayedBy": 15, "marketState": "CLOSED", "quoteType": "EQUITY", "symbol": "PRSMJOHNSN.NS", "underlyingSymbol": null, "shortName": "PRISM JOHNSON LTD", "longName": "Prism Johnson Limited", "currency": "INR", "quoteSourceName": "Delayed Quote", "currencySymbol": "\u20b9", "fromCurrency": null, "lastMarket": null, "marketCap": 65562247168}, "balanceSheetHistory": {"balanceSheetStatements": [{"maxAge": 1, "endDate": "2020-03-31", "cash": 1370400000, "shortTermInvestments": 2773300000, "netReceivables": 8765200000, "inventory": 7416700000, "otherCurrentAssets": 805600000, "totalCurrentAssets": 22821300000, "longTermInvestments": 3731900000, "propertyPlantEquipment": 30177700000, "goodWill": 257700000, "intangibleAssets": 252300000, "otherAssets": 3448800000, "deferredLongTermAssetCharges": 165400000, "totalAssets": 60689700000, "accountsPayable": 7778600000, "shortLongTermDebt": 4575500000, "otherCurrentLiab": 4117300000, "longTermDebt": 15043700000, "otherLiab": 5990400000, "minorityInterest": 2448600000, "totalCurrentLiabilities": 25256600000, "totalLiab": 47751400000, "commonStock": 5033600000, "retainedEarnings": 5342500000, "treasuryStock": 113600000, "otherStockholderEquity": 113600000, "totalStockholderEquity": 10489700000, "netTangibleAssets": 9979700000}, {"maxAge": 1, "endDate": "2019-03-31", "cash": 622100000, "shortTermInvestments": 75400000, "netReceivables": 8485100000, "inventory": 7092800000, "otherCurrentAssets": 1159800000, "totalCurrentAssets": 18727600000, "longTermInvestments": 3749700000, "propertyPlantEquipment": 27051200000, "goodWill": 254500000, "intangibleAssets": 194000000, "otherAssets": 4314000000, "deferredLongTermAssetCharges": 406600000, "totalAssets": 54291000000, "accountsPayable": 7726600000, "shortLongTermDebt": 4318000000, "otherCurrentLiab": 3300400000, "longTermDebt": 11548700000, "otherLiab": 5385100000, "minorityInterest": 2659400000, "totalCurrentLiabilities": 23212900000, "totalLiab": 40370500000, "commonStock": 5033600000, "retainedEarnings": 5132700000, "treasuryStock": 1094800000, "otherStockholderEquity": 1094800000, "totalStockholderEquity": 11261100000, "netTangibleAssets": 10812600000}, {"maxAge": 1, "endDate": "2018-03-31", "cash": 631800000, "shortTermInvestments": 98600000, "netReceivables": 8214100000, "inventory": 6168200000, "otherCurrentAssets": 1385100000, "totalCurrentAssets": 16953200000, "longTermInvestments": 3773900000, "propertyPlantEquipment": 26591500000, "goodWill": 254500000, "intangibleAssets": 166200000, "otherAssets": 3929100000, "deferredLongTermAssetCharges": 693600000, "totalAssets": 51668400000, "accountsPayable": 6842400000, "shortLongTermDebt": 3360700000, "otherCurrentLiab": 3415500000, "longTermDebt": 11319200000, "otherLiab": 3742400000, "minorityInterest": 2726700000, "totalCurrentLiabilities": 23281300000, "totalLiab": 38563100000, "commonStock": 5033600000, "retainedEarnings": 4140200000, "treasuryStock": 1204800000, "otherStockholderEquity": 1204800000, "totalStockholderEquity": 10378600000, "netTangibleAssets": 9957900000}, {"maxAge": 1, "endDate": "2017-03-31", "cash": 627500000, "shortTermInvestments": 73400000, "netReceivables": 7537900000, "inventory": 5622000000, "otherCurrentAssets": 1484200000, "totalCurrentAssets": 15989500000, "longTermInvestments": 2857800000, "propertyPlantEquipment": 25085900000, "goodWill": 254200000, "intangibleAssets": 176500000, "otherAssets": 4577100000, "deferredLongTermAssetCharges": 764500000, "totalAssets": 48941000000, "accountsPayable": 7155400000, "shortLongTermDebt": 3372700000, "otherCurrentLiab": 2199200000, "longTermDebt": 11802700000, "otherLiab": 3402700000, "minorityInterest": 2694200000, "totalCurrentLiabilities": 20974900000, "totalLiab": 36297500000, "commonStock": 5033600000, "retainedEarnings": 3579000000, "treasuryStock": 1336700000, "otherStockholderEquity": 1336700000, "totalStockholderEquity": 9949300000, "netTangibleAssets": 9518600000}], "maxAge": 86400}, "financialData": {"maxAge": 86400, "currentPrice": 130.25, "recommendationKey": "none", "totalCash": 5790499840, "totalCashPerShare": 11.531, "ebitda": 4717400064, "totalDebt": 20177100800, "totalRevenue": 52200300544, "debtToEquity": 157.578, "revenuePerShare": 104.287, "grossProfits": 25537200000, "earningsGrowth": 14.714, "revenueGrowth": 0.043, "grossMargins": 0.45226002, "ebitdaMargins": 0.09037, "operatingMargins": 0.0515, "profitMargins": -0.0051200003, "financialCurrency": "INR"}}}