{"PSB.NS": {"assetProfile": {"address1": "21-Rajendra Place", "address2": "1st Floor", "city": "New Delhi", "zip": "110008", "country": "India", "phone": "91 11 2578 2926", "website": "http://www.psbindia.com", "industry": "Banks\u2014Regional", "sector": "Financial Services", "longBusinessSummary": "Punjab & Sind Bank provides various banking and financial products and services in India. It operates through Treasury Operations, Corporate/Wholesale Banking, Retail Banking, and Other Banking Operations segment. The company offers deposit products, including saving accounts, current accounts, recurring deposit accounts, and fixed deposits; and loans, such as housing, auto, education, skill, commercial vehicle, personal, doctor, mortgage, business, gold, and other loans, as well as sukhmoney scheme for senior citizens, and SB OD schemes. It also provides non fund based products, such as letter of credit, LC advising/confirming, bank guarantee, letter of comfort for availing the buyers credit, co-acceptance facility, solvency certificate, and credit report products and services, as well as priority sector schemes and debt restructuring services. In addition, the company offers locker facility, government schemes, and life and general insurance; digital banking services, including internet and mobile banking, SMS banking, Aadhaar seeding, point of sale, unified payment interface, real time gross settlement (RTGS), NEFT, ATM/debit cards, and online payment; international banking services comprising NRI schemes, export/import services, forex treasury, and resident facility, as well as products for micro and small enterprises. Punjab & Sind Bank was founded in 1908 and is headquartered in New Delhi, India.", "fullTimeEmployees": 8862, "companyOfficers": [{"maxAge": 1, "name": "Mr. S.  Krishnan", "age": 58, "title": "CEO, MD & Director", "yearBorn": 1962, "exercisedValue": 0, "unexercisedValue": 0}, {"maxAge": 1, "name": "Mr. Vinay Kumar Mehrotra", "title": "GM & CFO", "exercisedValue": 0, "unexercisedValue": 0}, {"maxAge": 1, "name": "Mr. Saket  Mehrotra", "title": "Company Sec. & Compliance Officer", "exercisedValue": 0, "unexercisedValue": 0}, {"maxAge": 1, "name": "Mr. Dinesh  Kumar", "title": "Chief Compliance Officer", "exercisedValue": 0, "unexercisedValue": 0}, {"maxAge": 1, "name": "Mr. Subhash Chand Ahuja", "title": "Chief Customer Service Officer", "exercisedValue": 0, "unexercisedValue": 0}, {"maxAge": 1, "name": "Mr. Amit  Srivastava", "title": "Chief Risk Officer", "exercisedValue": 0, "unexercisedValue": 0}, {"maxAge": 1, "name": "Mr. Ambrish Kumar Mishra", "title": "Chief Vigilance Officer", "exercisedValue": 0, "unexercisedValue": 0}, {"maxAge": 1, "name": "Mr. Raghavendra  Kollegal Venkatasheshan", "title": "Exec. Director", "exercisedValue": 0, "unexercisedValue": 0}], "maxAge": 86400}, "recommendationTrend": {"trend": [{"period": "0m", "strongBuy": 0, "buy": 0, "hold": 0, "sell": 0, "strongSell": 0}, {"period": "-1m", "strongBuy": 0, "buy": 0, "hold": 0, "sell": 0, "strongSell": 0}, {"period": "-2m", "strongBuy": 0, "buy": 0, "hold": 0, "sell": 0, "strongSell": 0}, {"period": "-3m", "strongBuy": 0, "buy": 0, "hold": 0, "sell": 0, "strongSell": 0}], "maxAge": 86400}, "cashflowStatementHistory": {"cashflowStatements": [{"maxAge": 1, "endDate": "2020-03-31", "netIncome": -9907983000, "depreciation": 539094000, "changeToNetincome": 19588713000, "changeToLiabilities": 0, "changeToOperatingActivities": 100779841000, "totalCashFromOperatingActivities": 110999665000, "capitalExpenditures": -643522000, "totalCashflowsFromInvestingActivities": -633883000, "netBorrowings": 1623000000, "otherCashflowsFromFinancingActivities": -91258474000, "totalCashFromFinancingActivities": -80765474000, "changeInCash": 29600308000, "issuanceOfStock": 8870000000}, {"maxAge": 1, "endDate": "2019-03-31", "netIncome": -5434779000, "depreciation": -147207000, "changeToNetincome": 19650652000, "changeToLiabilities": 0, "changeToOperatingActivities": 16643590000, "totalCashFromOperatingActivities": 30712256000, "capitalExpenditures": -708701000, "totalCashflowsFromInvestingActivities": -610707000, "netBorrowings": -1000000000, "otherCashflowsFromFinancingActivities": -34246239000, "totalCashFromFinancingActivities": -35246239000, "changeInCash": -5144690000, "issuanceOfStock": 8870000000}, {"maxAge": 1, "endDate": "2018-03-31", "netIncome": -7437977000, "depreciation": 641058000, "changeToNetincome": 19024573000, "changeToLiabilities": 0, "changeToOperatingActivities": -163454650000, "totalCashFromOperatingActivities": -151226996000, "capitalExpenditures": -512756000, "otherCashflowsFromInvestingActivities": -1119000, "totalCashflowsFromInvestingActivities": -513875000, "netBorrowings": 10000000000, "otherCashflowsFromFinancingActivities": 159320032000, "totalCashFromFinancingActivities": 177170032000, "changeInCash": 25429161000, "issuanceOfStock": 7850000000}, {"maxAge": 1, "endDate": "2017-03-31", "netIncome": 2010842000, "depreciation": 424594000, "changeToNetincome": 15116333000, "changeToLiabilities": 0, "changeToOperatingActivities": 34594034000, "totalCashFromOperatingActivities": 52145803000, "capitalExpenditures": -332814000, "otherCashflowsFromInvestingActivities": -1860000, "totalCashflowsFromInvestingActivities": -334674000, "netBorrowings": 3500000000, "otherCashflowsFromFinancingActivities": -58439073000, "totalCashFromFinancingActivities": -54939073000, "changeInCash": -3127944000, "issuanceOfStock": 7850000000}], "maxAge": 86400}, "indexTrend": {"maxAge": 1, "symbol": "SP5", "peRatio": 19.7411, "pegRatio": 1.34172, "estimates": [{"period": "0q", "growth": 0.549}, {"period": "+1q", "growth": 0.431}, {"period": "0y", "growth": 0.305}, {"period": "+1y", "growth": 0.109}, {"period": "+5y", "growth": 0.120865}, {"period": "-5y"}]}, "defaultKeyStatistics": {"maxAge": 1, "priceHint": 2, "enterpriseValue": -28249257984, "profitMargins": 0.0, "floatShares": 600226125, "sharesOutstanding": 4052669952, "heldPercentInsiders": 0.14369, "heldPercentInstitutions": 0.01048, "beta": 0.967108, "category": null, "bookValue": 117.022, "priceToBook": 0.15552631, "fundFamily": null, "legalType": null, "lastFiscalYearEnd": "2020-03-31 05:30:00", "nextFiscalYearEnd": "2022-03-31 05:30:00", "mostRecentQuarter": "2020-12-31 05:30:00", "netIncomeToCommon": -31299883008, "trailingEps": -44.66, "lastSplitFactor": null, "enterpriseToRevenue": 1.605}, "industryTrend": {"maxAge": 1, "symbol": null, "estimates": []}, "quoteType": {"exchange": "NSI", "quoteType": "EQUITY", "symbol": "PSB.NS", "underlyingSymbol": "PSB.NS", "shortName": "PUNJAB & SIND BANK", "longName": "Punjab & Sind Bank", "firstTradeDateEpochUtc": "2010-12-30 09:15:00", "timeZoneFullName": "Asia/Kolkata", "timeZoneShortName": "IST", "uuid": "ea978a23-37ea-3736-9c0d-608e681efa1b", "gmtOffSetMilliseconds": 19800000, "maxAge": 1}, "incomeStatementHistory": {"incomeStatementHistory": [{"maxAge": 1, "endDate": "2020-03-31", "totalRevenue": 3356692000, "costOfRevenue": 0, "grossProfit": 3356692000, "researchDevelopment": {}, "sellingGeneralAdministrative": 15617617000, "nonRecurring": {}, "otherOperatingExpenses": 2962658000, "totalOperatingExpenses": 18580275000, "operatingIncome": -15223583000, "totalOtherIncomeExpenseNet": 0, "ebit": 0, "interestExpense": {}, "incomeBeforeTax": -15223583000, "incomeTaxExpense": -5315600000, "minorityInterest": {}, "netIncomeFromContinuingOps": -9907983000, "discontinuedOperations": {}, "extraordinaryItems": {}, "effectOfAccountingCharges": {}, "otherItems": {}, "netIncome": -9907983000, "netIncomeApplicableToCommonShares": -9907983000}, {"maxAge": 1, "endDate": "2019-03-31", "totalRevenue": 8523541000, "costOfRevenue": 0, "grossProfit": 8523541000, "researchDevelopment": {}, "sellingGeneralAdministrative": 14493555000, "nonRecurring": {}, "otherOperatingExpenses": 2617665000, "totalOperatingExpenses": 17111220000, "operatingIncome": -8587679000, "totalOtherIncomeExpenseNet": 0, "ebit": 0, "interestExpense": {}, "incomeBeforeTax": -8587679000, "incomeTaxExpense": -3152900000, "minorityInterest": {}, "netIncomeFromContinuingOps": -5434779000, "discontinuedOperations": {}, "extraordinaryItems": {}, "effectOfAccountingCharges": {}, "otherItems": {}, "netIncome": -5434779000, "netIncomeApplicableToCommonShares": -5434779000}, {"maxAge": 1, "endDate": "2018-03-31", "totalRevenue": 10768459000, "costOfRevenue": 0, "grossProfit": 10768459000, "researchDevelopment": {}, "sellingGeneralAdministrative": 14574126000, "nonRecurring": {}, "otherOperatingExpenses": 2142710000, "totalOperatingExpenses": 16716836000, "operatingIncome": -5948377000, "totalOtherIncomeExpenseNet": 0, "ebit": 0, "interestExpense": {}, "incomeBeforeTax": -5948377000, "incomeTaxExpense": 1489600000, "minorityInterest": {}, "netIncomeFromContinuingOps": -7437977000, "discontinuedOperations": {}, "extraordinaryItems": {}, "effectOfAccountingCharges": {}, "otherItems": {}, "netIncome": -7437977000, "netIncomeApplicableToCommonShares": -7437977000}, {"maxAge": 1, "endDate": "2017-03-31", "totalRevenue": 17460289000, "costOfRevenue": 0, "grossProfit": 17460289000, "researchDevelopment": {}, "sellingGeneralAdministrative": 13057946000, "nonRecurring": {}, "otherOperatingExpenses": 1897601000, "totalOperatingExpenses": 14955547000, "operatingIncome": 2504742000, "totalOtherIncomeExpenseNet": 0, "ebit": 0, "interestExpense": {}, "incomeBeforeTax": 2504742000, "incomeTaxExpense": 493900000, "minorityInterest": {}, "netIncomeFromContinuingOps": 2010842000, "discontinuedOperations": {}, "extraordinaryItems": {}, "effectOfAccountingCharges": {}, "otherItems": {}, "netIncome": 2010842000, "netIncomeApplicableToCommonShares": 2010842000}], "maxAge": 86400}, "fundOwnership": {"ownershipList": [], "maxAge": 1}, "summaryDetail": {"maxAge": 1, "priceHint": 2, "previousClose": 18.3, "open": 18.3, "dayLow": 17.85, "dayHigh": 18.6, "regularMarketPreviousClose": 18.3, "regularMarketOpen": 18.3, "regularMarketDayLow": 17.85, "regularMarketDayHigh": 18.6, "exDividendDate": "2016-06-20 05:30:00", "payoutRatio": 0.0, "beta": 0.967108, "volume": 417118, "regularMarketVolume": 417118, "averageVolume": 2029770, "averageVolume10days": 619718, "averageDailyVolume10Day": 619718, "bid": 0.0, "ask": 0.0, "bidSize": 0, "askSize": 0, "marketCap": 73758597120, "fiftyTwoWeekLow": 10.3, "fiftyTwoWeekHigh": 23.75, "priceToSalesTrailing12Months": -4.1912084, "fiftyDayAverage": 17.47353, "twoHundredDayAverage": 13.686879, "trailingAnnualDividendRate": 1.65, "trailingAnnualDividendYield": 0.09016394, "currency": "INR", "fromCurrency": null, "lastMarket": null, "algorithm": null, "tradeable": false}, "insiderHolders": {"holders": [{"maxAge": 1, "name": "Babuta (Sukhen Pal)", "relation": "UNREPORTED", "url": "", "transactionDescription": "Acquisition", "latestTransDate": "2014-07-01", "positionDirect": 500, "positionDirectDate": "2014-07-01"}, {"maxAge": 1, "name": "Life Insurance Corporation of India", "relation": "Institution- Corporation", "url": "", "transactionDescription": "Other", "latestTransDate": "2014-10-17", "positionDirect": 42014177, "positionDirectDate": "2014-10-17"}, {"maxAge": 1, "name": "President of India", "relation": "Promoter", "url": "", "transactionDescription": "Other", "latestTransDate": "2013-12-24", "positionDirect": 224132212, "positionDirectDate": "2013-12-24"}, {"maxAge": 1, "name": "Sarang (Manjit Singh)", "relation": "UNREPORTED", "url": "", "transactionDescription": "Acquisition", "latestTransDate": "2014-07-02", "positionDirect": 1100, "positionDirectDate": "2014-07-02"}], "maxAge": 1}, "calendarEvents": {"maxAge": 1, "earnings": {"earningsDate": []}, "exDividendDate": "2016-06-20 05:30:00"}, "upgradeDowngradeHistory": {"history": [], "maxAge": 86400}, "price": {"maxAge": 1, "regularMarketChangePercent": -0.005464398, "regularMarketChange": -0.099998474, "regularMarketTime": "2021-04-30 15:29:59", "priceHint": 2, "regularMarketPrice": 18.2, "regularMarketDayHigh": 18.6, "regularMarketDayLow": 17.85, "regularMarketVolume": 417118, "averageDailyVolume10Day": 619718, "averageDailyVolume3Month": 2029770, "regularMarketPreviousClose": 18.3, "regularMarketSource": "FREE_REALTIME", "regularMarketOpen": 18.3, "exchange": "NSI", "exchangeName": "NSE", "exchangeDataDelayedBy": 15, "marketState": "CLOSED", "quoteType": "EQUITY", "symbol": "PSB.NS", "underlyingSymbol": null, "shortName": "PUNJAB & SIND BANK", "longName": "Punjab & Sind Bank", "currency": "INR", "quoteSourceName": "Delayed Quote", "currencySymbol": "\u20b9", "fromCurrency": null, "lastMarket": null, "marketCap": 73758597120}, "balanceSheetHistory": {"balanceSheetStatements": [{"maxAge": 1, "endDate": "2020-03-31", "cash": 3941128000, "shortTermInvestments": 29775300000, "otherCurrentAssets": 99797016000, "totalCurrentAssets": 133513444000, "longTermInvestments": 238888158000, "propertyPlantEquipment": 12408273000, "otherAssets": 620228195000, "deferredLongTermAssetCharges": 17502682000, "totalAssets": 1005038070000, "accountsPayable": 896675534000, "otherCurrentLiab": 2156411000, "longTermDebt": 32130500000, "otherLiab": 9355245000, "totalCurrentLiabilities": 907588351000, "totalLiab": 949074096000, "commonStock": 7010531000, "retainedEarnings": 7084023000, "treasuryStock": 14997351000, "capitalSurplus": 26872069000, "otherStockholderEquity": 14997351000, "totalStockholderEquity": 55963974000, "netTangibleAssets": 55963974000}, {"maxAge": 1, "endDate": "2019-03-31", "cash": 18851903000, "shortTermInvestments": 28783900000, "otherCurrentAssets": 52701845000, "totalCurrentAssets": 100337648000, "longTermInvestments": 259419978000, "propertyPlantEquipment": 12303845000, "otherAssets": 717758987000, "deferredLongTermAssetCharges": 11130753000, "totalAssets": 1089820458000, "accountsPayable": 985576045000, "otherCurrentLiab": 2243306000, "longTermDebt": 27140000000, "otherLiab": 7649176000, "totalCurrentLiabilities": 998017259000, "totalLiab": 1032806435000, "commonStock": 5649123000, "retainedEarnings": 17536844000, "treasuryStock": 14452513000, "capitalSurplus": 19375543000, "otherStockholderEquity": 14452513000, "totalStockholderEquity": 57014023000, "netTangibleAssets": 57014023000}, {"maxAge": 1, "endDate": "2018-03-31", "cash": 11442412000, "shortTermInvestments": 35579700000, "otherCurrentAssets": 67601483000, "totalCurrentAssets": 114623595000, "longTermInvestments": 319024072000, "propertyPlantEquipment": 10825985000, "otherAssets": 693118771000, "deferredLongTermAssetCharges": 5933319000, "totalAssets": 1137592423000, "accountsPayable": 1017261664000, "otherCurrentLiab": 2682625000, "longTermDebt": 36829849000, "otherLiab": 8610817000, "totalCurrentLiabilities": 1030324907000, "totalLiab": 1075765573000, "commonStock": 5649123000, "retainedEarnings": 24046028000, "treasuryStock": 12756156000, "capitalSurplus": 19375543000, "otherStockholderEquity": 12756156000, "totalStockholderEquity": 61826850000, "netTangibleAssets": 61826850000}, {"maxAge": 1, "endDate": "2017-03-31", "cash": 4775627000, "shortTermInvestments": 27976900000, "otherCurrentAssets": 46455392000, "totalCurrentAssets": 79207919000, "longTermInvestments": 267459919000, "propertyPlantEquipment": 10954287000, "otherAssets": 608812246000, "deferredLongTermAssetCharges": 2225706000, "totalAssets": 966434371000, "accountsPayable": 855401613000, "otherCurrentLiab": 2768724000, "longTermDebt": 29584377000, "otherLiab": 8897575000, "totalCurrentLiabilities": 866527730000, "totalLiab": 905009682000, "commonStock": 4004110000, "retainedEarnings": 32235189000, "treasuryStock": 12004972000, "capitalSurplus": 13180418000, "otherStockholderEquity": 12004972000, "totalStockholderEquity": 61424689000, "netTangibleAssets": 61424689000}], "maxAge": 86400}, "earningsTrend": {"trend": [{"maxAge": 1, "period": "0q", "endDate": null, "growth": {}, "earningsEstimate": {"avg": 0.0, "low": 0.0, "high": 0.0, "yearAgoEps": {}, "numberOfAnalysts": 0, "growth": {}}, "revenueEstimate": {"avg": 0, "low": 0, "high": 0, "numberOfAnalysts": 0, "yearAgoRevenue": {}, "growth": {}}, "epsTrend": {"current": 0.0, "7daysAgo": 0.0, "30daysAgo": 0.0, "60daysAgo": 0.0, "90daysAgo": 0.0}, "epsRevisions": {"upLast7days": 0, "upLast30days": 0, "downLast30days": 0, "downLast90days": {}}}, {"maxAge": 1, "period": "+1q", "endDate": null, "growth": {}, "earningsEstimate": {"avg": 0.0, "low": 0.0, "high": 0.0, "yearAgoEps": {}, "numberOfAnalysts": 0, "growth": {}}, "revenueEstimate": {"avg": 0, "low": 0, "high": 0, "numberOfAnalysts": 0, "yearAgoRevenue": {}, "growth": {}}, "epsTrend": {"current": 0.0, "7daysAgo": 0.0, "30daysAgo": 0.0, "60daysAgo": 0.0, "90daysAgo": 0.0}, "epsRevisions": {"upLast7days": 0, "upLast30days": 0, "downLast30days": 0, "downLast90days": {}}}, {"maxAge": 1, "period": "0y", "endDate": null, "growth": {}, "earningsEstimate": {"avg": 0.0, "low": 0.0, "high": 0.0, "yearAgoEps": {}, "numberOfAnalysts": 0, "growth": {}}, "revenueEstimate": {"avg": 0, "low": 0, "high": 0, "numberOfAnalysts": 0, "yearAgoRevenue": {}, "growth": {}}, "epsTrend": {"current": 0.0, "7daysAgo": 0.0, "30daysAgo": 0.0, "60daysAgo": 0.0, "90daysAgo": 0.0}, "epsRevisions": {"upLast7days": 0, "upLast30days": 0, "downLast30days": 0, "downLast90days": {}}}, {"maxAge": 1, "period": "+1y", "endDate": null, "growth": {}, "earningsEstimate": {"avg": 0.0, "low": 0.0, "high": 0.0, "yearAgoEps": {}, "numberOfAnalysts": 0, "growth": {}}, "revenueEstimate": {"avg": 0, "low": 0, "high": 0, "numberOfAnalysts": 0, "yearAgoRevenue": {}, "growth": {}}, "epsTrend": {"current": 0.0, "7daysAgo": 0.0, "30daysAgo": 0.0, "60daysAgo": 0.0, "90daysAgo": 0.0}, "epsRevisions": {"upLast7days": 0, "upLast30days": 0, "downLast30days": 0, "downLast90days": {}}}, {"maxAge": 1, "period": "+5y", "endDate": null, "growth": {}, "earningsEstimate": {"avg": {}, "low": {}, "high": {}, "yearAgoEps": {}, "numberOfAnalysts": {}, "growth": {}}, "revenueEstimate": {"avg": {}, "low": {}, "high": {}, "numberOfAnalysts": {}, "yearAgoRevenue": {}, "growth": {}}, "epsTrend": {"current": {}, "7daysAgo": {}, "30daysAgo": {}, "60daysAgo": {}, "90daysAgo": {}}, "epsRevisions": {"upLast7days": {}, "upLast30days": {}, "downLast30days": {}, "downLast90days": {}}}, {"maxAge": 1, "period": "-5y", "endDate": null, "growth": {}, "earningsEstimate": {"avg": {}, "low": {}, "high": {}, "yearAgoEps": {}, "numberOfAnalysts": {}, "growth": {}}, "revenueEstimate": {"avg": {}, "low": {}, "high": {}, "numberOfAnalysts": {}, "yearAgoRevenue": {}, "growth": {}}, "epsTrend": {"current": {}, "7daysAgo": {}, "30daysAgo": {}, "60daysAgo": {}, "90daysAgo": {}}, "epsRevisions": {"upLast7days": {}, "upLast30days": {}, "downLast30days": {}, "downLast90days": {}}}], "maxAge": 1}, "institutionOwnership": {"ownershipList": [], "maxAge": 1}, "majorHoldersBreakdown": {"maxAge": 1, "insidersPercentHeld": 0.14369, "institutionsPercentHeld": 0.01048, "institutionsFloatPercentHeld": 0.01224, "institutionsCount": 3}, "balanceSheetHistoryQuarterly": {"balanceSheetStatements": [{"maxAge": 1, "endDate": "2020-12-31", "cash": 67122200000, "netReceivables": 11805000000, "totalCurrentAssets": 78927200000, "longTermInvestments": 303596000000, "propertyPlantEquipment": 12608000000, "otherAssets": 654627300000, "totalAssets": 1049758500000, "accountsPayable": 905088500000, "longTermDebt": 26045500000, "otherLiab": 36597500000, "totalCurrentLiabilities": 905088500000, "totalLiab": 967731500000, "commonStock": 7010500000, "treasuryStock": 75016500000, "otherStockholderEquity": 75016500000, "totalStockholderEquity": 82027000000, "netTangibleAssets": 82027000000}, {"maxAge": 1, "endDate": "2020-09-30", "cash": 57301700000, "totalCurrentAssets": 57301700000, "longTermInvestments": 242031200000, "propertyPlantEquipment": 12262600000, "otherAssets": 632451800000, "totalAssets": 944047300000, "accountsPayable": 845592400000, "longTermDebt": 27382500000, "otherLiab": 20290000000, "totalCurrentLiabilities": 845592400000, "totalLiab": 893264900000, "commonStock": 7010500000, "treasuryStock": 43771900000, "otherStockholderEquity": 43771900000, "totalStockholderEquity": 50782400000, "netTangibleAssets": 50782400000}, {"maxAge": 1, "endDate": "2020-06-30", "cash": 59477200000, "netReceivables": 744300000, "totalCurrentAssets": 60221500000, "longTermInvestments": 241545000000, "propertyPlantEquipment": 12302200000, "otherAssets": 643584400000, "totalAssets": 957653100000, "accountsPayable": 852254400000, "longTermDebt": 30580500000, "otherLiab": 20023200000, "totalCurrentLiabilities": 852254400000, "totalLiab": 902858100000, "commonStock": 7010500000, "treasuryStock": 47784500000, "otherStockholderEquity": 47784500000, "totalStockholderEquity": 54795000000, "netTangibleAssets": 54795000000}, {"maxAge": 1, "endDate": "2020-03-31", "cash": 3941128000, "shortTermInvestments": 29775300000, "otherCurrentAssets": 99797016000, "totalCurrentAssets": 133513444000, "longTermInvestments": 238888158000, "propertyPlantEquipment": 12408273000, "otherAssets": 620228195000, "deferredLongTermAssetCharges": 17502682000, "totalAssets": 1005038070000, "accountsPayable": 896675534000, "otherCurrentLiab": 2156411000, "longTermDebt": 32130500000, "otherLiab": 9355245000, "totalCurrentLiabilities": 907588351000, "totalLiab": 949074096000, "commonStock": 7010531000, "retainedEarnings": 7084023000, "treasuryStock": 14997351000, "capitalSurplus": 26872069000, "otherStockholderEquity": 14997351000, "totalStockholderEquity": 55963974000, "netTangibleAssets": 55963974000}], "maxAge": 86400}, "earningsHistory": {"history": [{"maxAge": 1, "epsActual": {}, "epsEstimate": {}, "epsDifference": {}, "surprisePercent": {}, "quarter": {}, "period": "-4q"}, {"maxAge": 1, "epsActual": {}, "epsEstimate": {}, "epsDifference": {}, "surprisePercent": {}, "quarter": {}, "period": "-3q"}, {"maxAge": 1, "epsActual": {}, "epsEstimate": {}, "epsDifference": {}, "surprisePercent": {}, "quarter": {}, "period": "-2q"}, {"maxAge": 1, "epsActual": {}, "epsEstimate": {}, "epsDifference": {}, "surprisePercent": {}, "quarter": {}, "period": "-1q"}], "maxAge": 86400}, "summaryProfile": {"address1": "21-Rajendra Place", "address2": "1st Floor", "city": "New Delhi", "zip": "110008", "country": "India", "phone": "91 11 2578 2926", "website": "http://www.psbindia.com", "industry": "Banks\u2014Regional", "sector": "Financial Services", "longBusinessSummary": "Punjab & Sind Bank provides various banking and financial products and services in India. It operates through Treasury Operations, Corporate/Wholesale Banking, Retail Banking, and Other Banking Operations segment. The company offers deposit products, including saving accounts, current accounts, recurring deposit accounts, and fixed deposits; and loans, such as housing, auto, education, skill, commercial vehicle, personal, doctor, mortgage, business, gold, and other loans, as well as sukhmoney scheme for senior citizens, and SB OD schemes. It also provides non fund based products, such as letter of credit, LC advising/confirming, bank guarantee, letter of comfort for availing the buyers credit, co-acceptance facility, solvency certificate, and credit report products and services, as well as priority sector schemes and debt restructuring services. In addition, the company offers locker facility, government schemes, and life and general insurance; digital banking services, including internet and mobile banking, SMS banking, Aadhaar seeding, point of sale, unified payment interface, real time gross settlement (RTGS), NEFT, ATM/debit cards, and online payment; international banking services comprising NRI schemes, export/import services, forex treasury, and resident facility, as well as products for micro and small enterprises. Punjab & Sind Bank was founded in 1908 and is headquartered in New Delhi, India.", "fullTimeEmployees": 8862, "companyOfficers": [], "maxAge": 86400}, "netSharePurchaseActivity": {"maxAge": 1, "period": "6m", "buyInfoCount": 0, "buyInfoShares": 0, "sellInfoCount": 0, "netInfoCount": 0, "netInfoShares": 0, "netPercentInsiderShares": 0.0, "totalInsiderShares": 100719952}, "insiderTransactions": {"transactions": [{"maxAge": 1, "shares": 30436252, "filerUrl": "", "transactionText": "", "filerName": "Life Insurance Corporation of India", "filerRelation": "Institution- Corporation", "moneyText": "", "startDate": "2014-10-17", "ownership": "D"}, {"maxAge": 1, "shares": 1100, "filerUrl": "", "transactionText": "", "filerName": "Sarang (Manjit Singh)", "filerRelation": "UNREPORTED", "moneyText": "", "startDate": "2014-07-02", "ownership": "D"}, {"maxAge": 1, "shares": 500, "filerUrl": "", "transactionText": "", "filerName": "Babuta (Sukhen Pal)", "filerRelation": "UNREPORTED", "moneyText": "", "startDate": "2014-07-01", "ownership": "D"}, {"maxAge": 1, "shares": 21263023, "filerUrl": "", "transactionText": "", "filerName": "President of India", "filerRelation": "Promoter", "moneyText": "", "startDate": "2013-12-24", "ownership": "D"}], "maxAge": 1}, "sectorTrend": {"maxAge": 1, "symbol": null, "estimates": []}, "incomeStatementHistoryQuarterly": {"incomeStatementHistory": [{"maxAge": 1, "endDate": "2020-12-31", "totalRevenue": -20889900000, "costOfRevenue": 0, "grossProfit": -20889900000, "researchDevelopment": {}, "sellingGeneralAdministrative": 5204100000, "nonRecurring": {}, "otherOperatingExpenses": 1751500000, "totalOperatingExpenses": 6955600000, "operatingIncome": -27845500000, "totalOtherIncomeExpenseNet": 0, "ebit": 0, "interestExpense": {}, "incomeBeforeTax": -27845500000, "incomeTaxExpense": -4090200000, "minorityInterest": {}, "netIncomeFromContinuingOps": -23755300000, "discontinuedOperations": {}, "extraordinaryItems": {}, "effectOfAccountingCharges": {}, "otherItems": {}, "netIncome": -23755300000, "netIncomeApplicableToCommonShares": -23755300000}, {"maxAge": 1, "endDate": "2020-09-30", "totalRevenue": -513200000, "costOfRevenue": 0, "grossProfit": -513200000, "researchDevelopment": {}, "sellingGeneralAdministrative": 4168400000, "nonRecurring": {}, "otherOperatingExpenses": 1642300000, "totalOperatingExpenses": 5810700000, "operatingIncome": -6323900000, "totalOtherIncomeExpenseNet": 0, "ebit": 0, "interestExpense": {}, "incomeBeforeTax": -6323900000, "incomeTaxExpense": -2311200000, "minorityInterest": {}, "netIncomeFromContinuingOps": -4012700000, "discontinuedOperations": {}, "extraordinaryItems": {}, "effectOfAccountingCharges": {}, "otherItems": {}, "netIncome": -4012700000, "netIncomeApplicableToCommonShares": -4012700000}, {"maxAge": 1, "endDate": "2020-06-30", "totalRevenue": 3090300000, "costOfRevenue": 0, "grossProfit": 3090300000, "researchDevelopment": {}, "sellingGeneralAdministrative": 3195200000, "nonRecurring": {}, "otherOperatingExpenses": 1461600000, "totalOperatingExpenses": 4656800000, "operatingIncome": -1566500000, "totalOtherIncomeExpenseNet": 0, "ebit": 0, "interestExpense": {}, "incomeBeforeTax": -1566500000, "incomeTaxExpense": -397600000, "minorityInterest": {}, "netIncomeFromContinuingOps": -1168900000, "discontinuedOperations": {}, "extraordinaryItems": {}, "effectOfAccountingCharges": {}, "otherItems": {}, "netIncome": -1168900000, "netIncomeApplicableToCommonShares": -1168900000}, {"maxAge": 1, "endDate": "2020-03-31", "totalRevenue": 714392000, "costOfRevenue": 0, "grossProfit": 714392000, "researchDevelopment": {}, "sellingGeneralAdministrative": 6413017000, "nonRecurring": {}, "otherOperatingExpenses": -1817942000, "totalOperatingExpenses": 4595075000, "operatingIncome": -3880683000, "totalOtherIncomeExpenseNet": 0, "ebit": 0, "interestExpense": {}, "incomeBeforeTax": -3880683000, "incomeTaxExpense": -1517700000, "minorityInterest": {}, "netIncomeFromContinuingOps": -2362983000, "discontinuedOperations": {}, "extraordinaryItems": {}, "effectOfAccountingCharges": {}, "otherItems": {}, "netIncome": -2362983000, "netIncomeApplicableToCommonShares": -2362983000}], "maxAge": 86400}, "cashflowStatementHistoryQuarterly": {"cashflowStatements": [{"maxAge": 1, "endDate": "2020-12-31", "netIncome": -23755300000, "changeToLiabilities": 0}, {"maxAge": 1, "endDate": "2020-09-30", "netIncome": -4012700000, "changeToLiabilities": 0}, {"maxAge": 1, "endDate": "2020-06-30", "netIncome": -1168900000, "changeToLiabilities": 0}, {"maxAge": 1, "endDate": "2020-03-31", "netIncome": -2362983000, "changeToLiabilities": 0}], "maxAge": 86400}, "earnings": {"maxAge": 86400, "earningsChart": {"quarterly": [], "earningsDate": []}, "financialsChart": {"yearly": [{"date": 2017, "revenue": 17460289000, "earnings": 2010842000}, {"date": 2018, "revenue": 10768459000, "earnings": -7437977000}, {"date": 2019, "revenue": 8523541000, "earnings": -5434779000}, {"date": 2020, "revenue": 3356692000, "earnings": -9907983000}], "quarterly": [{"date": "1Q2020", "revenue": 714392000, "earnings": -2362983000}, {"date": "2Q2020", "revenue": 3090300000, "earnings": -1168900000}, {"date": "3Q2020", "revenue": -513200000, "earnings": -4012700000}, {"date": "4Q2020", "revenue": -20889900000, "earnings": -23755300000}]}, "financialCurrency": "INR"}, "financialData": {"maxAge": 86400, "currentPrice": 18.2, "targetHighPrice": 81.0, "targetLowPrice": 81.0, "targetMeanPrice": 81.0, "targetMedianPrice": 81.0, "recommendationKey": "none", "numberOfAnalystOpinions": 1, "totalCash": 67122200576, "totalCashPerShare": 95.758, "totalDebt": 26045499392, "totalRevenue": -17598408704, "revenuePerShare": -25.11, "returnOnEquity": -0.43800998, "grossProfits": 3356692000, "grossMargins": 0.0, "ebitdaMargins": 0.0, "operatingMargins": 2.2511501, "profitMargins": 0.0, "financialCurrency": "INR"}}}