{"PTC.NS": {"assetProfile": {"address1": "NBCC Tower", "address2": "2nd Floor 15, Bhikaji Cama Place", "city": "New Delhi", "zip": "110066", "country": "India", "phone": "91 11 4165 9500", "fax": "91 11 4165 9144", "website": "http://www.ptcindia.com", "industry": "Utilities\u2014Independent Power Producers", "sector": "Utilities", "longBusinessSummary": "PTC India Limited, together with its subsidiaries, engages in the trading of power in India, Nepal, Bhutan, and Bangladesh. The company engages in long term, medium term, and short term power trading activities, as well as cross border power trading business. It serves utilities, generators, and industrial and commercial customers. The company also provides fund based/non-fund based financial assistance for companies in power sector and related areas; and engages in consultancy and advisory activities. In addition, it operates 50 MW wind power projects in Madhya Pradesh; 50 MW wind power project in Karnataka; and 188.8 MW wind power projects in Andhra Pradesh. The company was formerly known as Power Trading Corporation of India Ltd. PTC India Limited was founded in 1999 and is based in New Delhi, India.", "fullTimeEmployees": 97, "companyOfficers": [{"maxAge": 1, "name": "Mr. Deepak  Amitabh M.Sc.", "age": 60, "title": "Chairman & MD", "yearBorn": 1960, "exercisedValue": 0, "unexercisedValue": 0}, {"maxAge": 1, "name": "Mr. Pankaj  Goel", "age": 51, "title": "CFO & Exec. VP of Fin.", "yearBorn": 1969, "exercisedValue": 0, "unexercisedValue": 0}, {"maxAge": 1, "name": "Mr. Rajiv Kumar Maheshwari", "title": "Compliance Officer & Company Sec.", "exercisedValue": 0, "unexercisedValue": 0}, {"maxAge": 1, "name": "Mr. Harish  Saran", "age": 55, "title": "Exec. Director of Marketing", "yearBorn": 1965, "exercisedValue": 0, "unexercisedValue": 0}, {"maxAge": 1, "name": "Sanjeev  Puri", "age": 59, "title": "Sr. VP of HR", "yearBorn": 1961, "exercisedValue": 0, "unexercisedValue": 0}, {"maxAge": 1, "name": "Mr. Hiranmay  De", "age": 56, "title": "Exec. VP of Commercial & Operations", "yearBorn": 1964, "exercisedValue": 0, "unexercisedValue": 0}, {"maxAge": 1, "name": "Dr. Rajib Kumar Mishra", "age": 57, "title": "Director of Marketing & Bus. Devel. and Whole Time Director", "yearBorn": 1963, "exercisedValue": 0, "unexercisedValue": 0}, {"maxAge": 1, "name": "Mr. Rajiv  Malhotra", "age": 54, "title": "Group Chief Risk Officer & Exec. Director", "yearBorn": 1966, "exercisedValue": 0, "unexercisedValue": 0}, {"maxAge": 1, "name": "Hira Lal Choudhary", "age": 49, "title": "Sr. VP of Commercial", "yearBorn": 1971, "exercisedValue": 0, "unexercisedValue": 0}, {"maxAge": 1, "name": "Mr. Bimal  Dhar", "age": 64, "title": "Head of Commercial Functions", "yearBorn": 1956, "exercisedValue": 0, "unexercisedValue": 0}], "maxAge": 86400}, "recommendationTrend": {"trend": [{"period": "0m", "strongBuy": 0, "buy": 0, "hold": 0, "sell": 0, "strongSell": 0}, {"period": "-1m", "strongBuy": 5, "buy": 3, "hold": 1, "sell": 0, "strongSell": 0}, {"period": "-2m", "strongBuy": 5, "buy": 2, "hold": 0, "sell": 0, "strongSell": 0}, {"period": "-3m", "strongBuy": 4, "buy": 4, "hold": 2, "sell": 0, "strongSell": 0}], "maxAge": 86400}, "cashflowStatementHistory": {"cashflowStatements": [{"maxAge": 1, "endDate": "2020-03-31", "netIncome": 3675500000, "depreciation": 999200000, "changeToNetincome": 13262500000, "changeToAccountReceivables": -21109900000, "changeToLiabilities": 0, "changeToOperatingActivities": 36102400000, "totalCashFromOperatingActivities": 32935200000, "capitalExpenditures": -20000000, "investments": -4199200000, "otherCashflowsFromInvestingActivities": 78800000, "totalCashflowsFromInvestingActivities": -4138700000, "dividendsPaid": -1183900000, "netBorrowings": -12403500000, "otherCashflowsFromFinancingActivities": -12117100000, "totalCashFromFinancingActivities": -25704500000, "changeInCash": 3092000000}, {"maxAge": 1, "endDate": "2019-03-31", "netIncome": 4252800000, "depreciation": 963700000, "changeToNetincome": 12035000000, "changeToAccountReceivables": -15727400000, "changeToLiabilities": 0, "changeToOperatingActivities": -2610200000, "totalCashFromOperatingActivities": -1079000000, "capitalExpenditures": -28800000, "investments": 931100000, "otherCashflowsFromInvestingActivities": 1254000000, "totalCashflowsFromInvestingActivities": 2442400000, "dividendsPaid": -1184000000, "netBorrowings": 9583500000, "otherCashflowsFromFinancingActivities": -12478700000, "totalCashFromFinancingActivities": -4079200000, "changeInCash": -2715800000}, {"maxAge": 1, "endDate": "2018-03-31", "netIncome": 1999500000, "depreciation": 964300000, "changeToNetincome": 11795900000, "changeToAccountReceivables": -675900000, "changeToLiabilities": 0, "changeToOperatingActivities": -28469800000, "totalCashFromOperatingActivities": -14375900000, "capitalExpenditures": -3162500000, "investments": 3950300000, "otherCashflowsFromInvestingActivities": 1390000000, "totalCashflowsFromInvestingActivities": 2491600000, "dividendsPaid": -887900000, "netBorrowings": 23597100000, "otherCashflowsFromFinancingActivities": -9933600000, "totalCashFromFinancingActivities": 12775600000, "changeInCash": 891300000}, {"maxAge": 1, "endDate": "2017-03-31", "netIncome": 4147200000, "depreciation": 199000000, "changeToNetincome": 10589300000, "changeToAccountReceivables": 3996400000, "changeToLiabilities": 0, "changeToOperatingActivities": -17832900000, "totalCashFromOperatingActivities": 1112400000, "capitalExpenditures": -14770600000, "investments": -715800000, "otherCashflowsFromInvestingActivities": 1607300000, "totalCashflowsFromInvestingActivities": -13739400000, "dividendsPaid": -733200000, "netBorrowings": 22548000000, "otherCashflowsFromFinancingActivities": -8281000000, "totalCashFromFinancingActivities": 13533800000, "changeInCash": 906800000}], "maxAge": 86400}, "indexTrend": {"maxAge": 1, "symbol": "SP5", "peRatio": 19.7411, "pegRatio": 1.34172, "estimates": [{"period": "0q", "growth": 0.549}, {"period": "+1q", "growth": 0.431}, {"period": "0y", "growth": 0.305}, {"period": "+1y", "growth": 0.109}, {"period": "+5y", "growth": 0.120865}, {"period": "-5y"}]}, "defaultKeyStatistics": {"maxAge": 1, "priceHint": 2, "enterpriseValue": 114090262528, "forwardPE": 7.183908, "profitMargins": 0.02355, "floatShares": 248048871, "sharesOutstanding": 296008000, "heldPercentInsiders": 0.19594, "heldPercentInstitutions": 0.40012002, "beta": 0.872087, "category": null, "bookValue": 145.501, "priceToBook": 0.55841535, "fundFamily": null, "legalType": null, "lastFiscalYearEnd": "2020-03-31 05:30:00", "nextFiscalYearEnd": "2022-03-31 05:30:00", "mostRecentQuarter": "2020-12-31 05:30:00", "earningsQuarterlyGrowth": 1.207, "netIncomeToCommon": 4255899904, "trailingEps": 14.377, "forwardEps": 8.94, "pegRatio": 0.28, "lastSplitFactor": null, "enterpriseToRevenue": 0.631, "enterpriseToEbitda": 6.004}, "industryTrend": {"maxAge": 1, "symbol": null, "estimates": []}, "quoteType": {"exchange": "NSI", "quoteType": "EQUITY", "symbol": "PTC.NS", "underlyingSymbol": "PTC.NS", "shortName": "PTC INDIA LTD", "longName": "PTC India Limited", "firstTradeDateEpochUtc": "2004-04-07 09:15:00", "timeZoneFullName": "Asia/Kolkata", "timeZoneShortName": "IST", "uuid": "8bf8271d-b987-3e15-b408-6bb7c631cb50", "gmtOffSetMilliseconds": 19800000, "maxAge": 1}, "incomeStatementHistory": {"incomeStatementHistory": [{"maxAge": 1, "endDate": "2020-03-31", "totalRevenue": 181084100000, "costOfRevenue": 159343900000, "grossProfit": 21740200000, "researchDevelopment": {}, "sellingGeneralAdministrative": 655200000, "nonRecurring": {}, "otherOperatingExpenses": 878100000, "totalOperatingExpenses": 161881900000, "operatingIncome": 19202200000, "totalOtherIncomeExpenseNet": -13309300000, "ebit": 19202200000, "interestExpense": -11331500000, "incomeBeforeTax": 5892900000, "incomeTaxExpense": 1832300000, "minorityInterest": 7399700000, "netIncomeFromContinuingOps": 4060600000, "discontinuedOperations": {}, "extraordinaryItems": {}, "effectOfAccountingCharges": {}, "otherItems": {}, "netIncome": 3675500000, "netIncomeApplicableToCommonShares": 3675500000}, {"maxAge": 1, "endDate": "2019-03-31", "totalRevenue": 152801600000, "costOfRevenue": 128390800000, "grossProfit": 24410800000, "researchDevelopment": {}, "sellingGeneralAdministrative": 2364400000, "nonRecurring": {}, "otherOperatingExpenses": 679700000, "totalOperatingExpenses": 132405200000, "operatingIncome": 20396400000, "totalOtherIncomeExpenseNet": -12954100000, "ebit": 20396400000, "interestExpense": -12169100000, "incomeBeforeTax": 7442300000, "incomeTaxExpense": 2544800000, "minorityInterest": 7230700000, "netIncomeFromContinuingOps": 4897500000, "discontinuedOperations": {}, "extraordinaryItems": {}, "effectOfAccountingCharges": {}, "otherItems": {}, "netIncome": 4252800000, "netIncomeApplicableToCommonShares": 4252800000}, {"maxAge": 1, "endDate": "2018-03-31", "totalRevenue": 129049500000, "costOfRevenue": 113076700000, "grossProfit": 15972800000, "researchDevelopment": {}, "sellingGeneralAdministrative": 2428800000, "nonRecurring": {}, "otherOperatingExpenses": 637800000, "totalOperatingExpenses": 117117200000, "operatingIncome": 11932300000, "totalOtherIncomeExpenseNet": -9355800000, "ebit": 11932300000, "interestExpense": -9341900000, "incomeBeforeTax": 2576500000, "incomeTaxExpense": 928000000, "minorityInterest": 6785400000, "netIncomeFromContinuingOps": 1648500000, "discontinuedOperations": {}, "extraordinaryItems": {}, "effectOfAccountingCharges": {}, "otherItems": {}, "netIncome": 1999500000, "netIncomeApplicableToCommonShares": 1999500000}, {"maxAge": 1, "endDate": "2017-03-31", "totalRevenue": 154708000000, "costOfRevenue": 136154100000, "grossProfit": 18553900000, "researchDevelopment": {}, "sellingGeneralAdministrative": 2454200000, "nonRecurring": {}, "otherOperatingExpenses": 598100000, "totalOperatingExpenses": 139418700000, "operatingIncome": 15289300000, "totalOtherIncomeExpenseNet": -7570800000, "ebit": 15289300000, "interestExpense": -7840200000, "incomeBeforeTax": 7718500000, "incomeTaxExpense": 2660400000, "minorityInterest": 8344600000, "netIncomeFromContinuingOps": 5058100000, "discontinuedOperations": {}, "extraordinaryItems": {}, "effectOfAccountingCharges": {}, "otherItems": {}, "netIncome": 4147200000, "netIncomeApplicableToCommonShares": 4147200000}], "maxAge": 86400}, "fundOwnership": {"ownershipList": [{"maxAge": 1, "reportDate": "2021-01-31", "organization": "Vanguard International Stock Index-Emerging Markets Stk", "pctHeld": 0.0093, "position": 2745224, "value": 166772358}, {"maxAge": 1, "reportDate": "2021-01-31", "organization": "Vanguard International Stock Index-Total Intl Stock Indx", "pctHeld": 0.0069, "position": 2035916, "value": 123681897}, {"maxAge": 1, "reportDate": "2021-01-31", "organization": "DFA Emerging Markets Core Equity Portfolio", "pctHeld": 0.0063, "position": 1863015, "value": 113178161}, {"maxAge": 1, "reportDate": "2021-03-31", "organization": "SEI Institutional Investment Tr-Emerging Markets Equity Fd", "pctHeld": 0.0045, "position": 1334156, "value": 103730629}, {"maxAge": 1, "reportDate": "2021-02-28", "organization": "WisdomTree Tr-WisdomTree India Earnings Fd", "pctHeld": 0.0039, "position": 1147043, "value": 84422364}, {"maxAge": 1, "reportDate": "2021-01-31", "organization": "DFA Investment Dimensions-DFA Emerging Mkts Value", "pctHeld": 0.0031, "position": 919939, "value": 55886294}, {"maxAge": 1, "reportDate": "2021-03-31", "organization": "SPDR Portfolio Emerging Markets ETF", "pctHeld": 0.0028, "position": 840784, "value": 65370956}, {"maxAge": 1, "reportDate": "2020-11-30", "organization": "GMO Implementation Fund", "pctHeld": 0.0027, "position": 809264, "value": 44226277}, {"maxAge": 1, "reportDate": "2021-01-31", "organization": "DFA Emerging Markets Small Cap Series", "pctHeld": 0.0022, "position": 650155, "value": 39496916}, {"maxAge": 1, "reportDate": "2021-01-31", "organization": "Vanguard Intl Equity Index Fds-FTSE All World ex U.S.Small Cap Index", "pctHeld": 0.0018000001, "position": 534306, "value": 32459089}], "maxAge": 1}, "summaryDetail": {"maxAge": 1, "priceHint": 2, "previousClose": 80.55, "open": 80.0, "dayLow": 79.9, "dayHigh": 81.95, "regularMarketPreviousClose": 80.55, "regularMarketOpen": 80.0, "regularMarketDayLow": 79.9, "regularMarketDayHigh": 81.95, "dividendRate": 7.5, "dividendYield": 0.093100004, "exDividendDate": "2020-11-19 05:30:00", "payoutRatio": 0.5216, "fiveYearAvgDividendYield": 5.59, "beta": 0.872087, "trailingPE": 5.6513877, "forwardPE": 9.088367, "volume": 1065985, "regularMarketVolume": 1065985, "averageVolume": 2388803, "averageVolume10days": 1168342, "averageDailyVolume10Day": 1168342, "bid": 0.0, "ask": 0.0, "bidSize": 0, "askSize": 0, "marketCap": 24065599488, "fiftyTwoWeekLow": 32.85, "fiftyTwoWeekHigh": 87.0, "priceToSalesTrailing12Months": 0.1331674, "fiftyDayAverage": 76.65588, "twoHundredDayAverage": 60.174114, "trailingAnnualDividendRate": 5.5, "trailingAnnualDividendYield": 0.06828057, "currency": "INR", "fromCurrency": null, "lastMarket": null, "algorithm": null, "tradeable": false}, "insiderHolders": {"holders": [{"maxAge": 1, "name": "Birla Sun Life Trustee Co Ltd", "relation": "Promoter", "url": "", "transactionDescription": "Sale", "latestTransDate": "2020-11-12", "positionDirect": 10119775, "positionDirectDate": "2020-11-12"}, {"maxAge": 1, "name": "Birla Sun Life Trustee Company Pvt Ltd A/c India Excel Offsh", "relation": "UNREPORTED", "url": "", "transactionDescription": "Acquisition", "latestTransDate": "2010-04-27", "positionDirect": 14870235, "positionDirectDate": "2010-04-27"}, {"maxAge": 1, "name": "LIC of India Market Plus", "relation": "UNREPORTED", "url": "", "transactionDescription": "Acquisition", "latestTransDate": "2009-09-15", "positionDirect": 42798252, "positionDirectDate": "2009-09-15"}, {"maxAge": 1, "name": "Life Insurance Corporation of India", "relation": "Institution- Corporation", "url": "", "transactionDescription": "Sale", "latestTransDate": "2014-06-25", "positionDirect": 36324222, "positionDirectDate": "2014-06-25"}], "maxAge": 1}, "calendarEvents": {"maxAge": 1, "earnings": {"earningsDate": []}, "exDividendDate": "2020-11-19 05:30:00"}, "upgradeDowngradeHistory": {"history": [], "maxAge": 86400}, "price": {"maxAge": 1, "regularMarketChangePercent": 0.008690217, "regularMarketChange": 0.69999695, "regularMarketTime": "2021-04-30 15:29:53", "priceHint": 2, "regularMarketPrice": 81.25, "regularMarketDayHigh": 81.95, "regularMarketDayLow": 79.9, "regularMarketVolume": 1065985, "averageDailyVolume10Day": 1168342, "averageDailyVolume3Month": 2388803, "regularMarketPreviousClose": 80.55, "regularMarketSource": "FREE_REALTIME", "regularMarketOpen": 80.0, "exchange": "NSI", "exchangeName": "NSE", "exchangeDataDelayedBy": 15, "marketState": "CLOSED", "quoteType": "EQUITY", "symbol": "PTC.NS", "underlyingSymbol": null, "shortName": "PTC INDIA LTD", "longName": "PTC India Limited", "currency": "INR", "quoteSourceName": "Delayed Quote", "currencySymbol": "\u20b9", "fromCurrency": null, "lastMarket": null, "volume24Hr": {}, "volumeAllCurrencies": {}, "circulatingSupply": {}, "marketCap": 24065599488}, "balanceSheetHistory": {"balanceSheetStatements": [{"maxAge": 1, "endDate": "2020-03-31", "cash": 4210200000, "shortTermInvestments": 2389000000, "netReceivables": 78644700000, "otherCurrentAssets": 2153400000, "totalCurrentAssets": 87545800000, "longTermInvestments": 5638200000, "propertyPlantEquipment": 18829400000, "intangibleAssets": 8300000, "otherAssets": 99070400000, "deferredLongTermAssetCharges": 969600000, "totalAssets": 211092100000, "accountsPayable": 43604200000, "shortLongTermDebt": 13154300000, "otherCurrentLiab": 1646600000, "longTermDebt": 84756100000, "otherLiab": 1050400000, "deferredLongTermLiab": 1700000, "minorityInterest": 7399700000, "totalCurrentLiabilities": 75920100000, "totalLiab": 161817900000, "commonStock": 2960100000, "retainedEarnings": 24897300000, "treasuryStock": -2477600000, "capitalSurplus": 16494700000, "otherStockholderEquity": -2477600000, "totalStockholderEquity": 41874500000, "netTangibleAssets": 41866200000}, {"maxAge": 1, "endDate": "2019-03-31", "cash": 1118200000, "shortTermInvestments": 311000000, "netReceivables": 61216700000, "otherCurrentAssets": 2645000000, "totalCurrentAssets": 65316300000, "longTermInvestments": 2908300000, "propertyPlantEquipment": 19658900000, "intangibleAssets": 9500000, "otherAssets": 124888600000, "deferredLongTermAssetCharges": 1762900000, "totalAssets": 212781600000, "accountsPayable": 29540400000, "shortLongTermDebt": 20751500000, "otherCurrentLiab": 990700000, "longTermDebt": 86139300000, "otherLiab": 847400000, "deferredLongTermLiab": 1800000, "minorityInterest": 7230700000, "totalCurrentLiabilities": 72747500000, "totalLiab": 165931600000, "commonStock": 2960100000, "retainedEarnings": 22650700000, "treasuryStock": -2486200000, "capitalSurplus": 16494700000, "otherStockholderEquity": -2486200000, "totalStockholderEquity": 39619300000, "netTangibleAssets": 39609800000}, {"maxAge": 1, "endDate": "2018-03-31", "cash": 3834000000, "shortTermInvestments": 102500000, "netReceivables": 42232600000, "otherCurrentAssets": 1979400000, "totalCurrentAssets": 49468400000, "longTermInvestments": 2702300000, "propertyPlantEquipment": 20602200000, "intangibleAssets": 10100000, "otherAssets": 119744100000, "deferredLongTermAssetCharges": 2761500000, "totalAssets": 192527100000, "accountsPayable": 22379600000, "shortLongTermDebt": 9644000000, "otherCurrentLiab": 1086600000, "longTermDebt": 70438700000, "otherLiab": 368200000, "deferredLongTermLiab": 2200000, "minorityInterest": 6785400000, "totalCurrentLiabilities": 71255800000, "totalLiab": 148551500000, "commonStock": 2960100000, "retainedEarnings": 19825500000, "treasuryStock": -2090100000, "capitalSurplus": 16494700000, "otherStockholderEquity": -2090100000, "totalStockholderEquity": 37190200000, "netTangibleAssets": 37180100000}, {"maxAge": 1, "endDate": "2017-03-31", "cash": 2942600000, "shortTermInvestments": 500000, "netReceivables": 40325700000, "otherCurrentAssets": 1242600000, "totalCurrentAssets": 50250300000, "longTermInvestments": 4014600000, "propertyPlantEquipment": 21535100000, "intangibleAssets": 16000000, "otherAssets": 105168800000, "deferredLongTermAssetCharges": 441300000, "totalAssets": 180984800000, "accountsPayable": 27373000000, "shortLongTermDebt": 5727100000, "otherCurrentLiab": 4045200000, "longTermDebt": 58565800000, "otherLiab": 1379900000, "minorityInterest": 8344600000, "totalCurrentLiabilities": 67315400000, "totalLiab": 134089100000, "commonStock": 2960100000, "retainedEarnings": 19707700000, "treasuryStock": -611400000, "capitalSurplus": 16494700000, "otherStockholderEquity": -611400000, "totalStockholderEquity": 38551100000, "netTangibleAssets": 38535100000}], "maxAge": 86400}, "earningsTrend": {"trend": [{"maxAge": 1, "period": "0q", "endDate": "2018-06-30", "growth": {}, "earningsEstimate": {"avg": 0.0, "low": 0.0, "high": 0.0, "yearAgoEps": 2.21, "numberOfAnalysts": 0, "growth": {}}, "revenueEstimate": {"avg": 0, "low": 0, "high": 0, "numberOfAnalysts": 0, "yearAgoRevenue": {}, "growth": {}}, "epsTrend": {"current": 0.0, "7daysAgo": 0.0, "30daysAgo": 0.0, "60daysAgo": 0.0, "90daysAgo": 0.0}, "epsRevisions": {"upLast7days": 0, "upLast30days": 0, "downLast30days": 0, "downLast90days": {}}}, {"maxAge": 1, "period": "+1q", "endDate": "2018-09-30", "growth": {}, "earningsEstimate": {"avg": 0.0, "low": 0.0, "high": 0.0, "yearAgoEps": 4.41, "numberOfAnalysts": 0, "growth": {}}, "revenueEstimate": {"avg": 8200000, "low": 8200000, "high": 8200000, "numberOfAnalysts": 1, "yearAgoRevenue": 52893100000, "growth": -1.0}, "epsTrend": {"current": 0.0, "7daysAgo": 0.0, "30daysAgo": 0.0, "60daysAgo": 0.0, "90daysAgo": 0.0}, "epsRevisions": {"upLast7days": 0, "upLast30days": 0, "downLast30days": 0, "downLast90days": {}}}, {"maxAge": 1, "period": "0y", "endDate": "2019-03-31", "growth": -0.035, "earningsEstimate": {"avg": 10.4, "low": 8.6, "high": 11.99, "yearAgoEps": 10.78, "numberOfAnalysts": 7, "growth": -0.035}, "revenueEstimate": {"avg": 199033000000, "low": 181049000000, "high": 207950000000, "numberOfAnalysts": 7, "yearAgoRevenue": 181890000000, "growth": 0.094}, "epsTrend": {"current": 10.4, "7daysAgo": 10.4, "30daysAgo": 10.62, "60daysAgo": 13.45, "90daysAgo": 11.31}, "epsRevisions": {"upLast7days": 0, "upLast30days": 0, "downLast30days": 0, "downLast90days": {}}}, {"maxAge": 1, "period": "+1y", "endDate": "2020-03-31", "growth": 0.088, "earningsEstimate": {"avg": 11.31, "low": 9.8, "high": 13.26, "yearAgoEps": 10.4, "numberOfAnalysts": 7, "growth": 0.088}, "revenueEstimate": {"avg": 220157000000, "low": 210407000000, "high": 235440000000, "numberOfAnalysts": 7, "yearAgoRevenue": 199033000000, "growth": 0.106000006}, "epsTrend": {"current": 11.31, "7daysAgo": 11.31, "30daysAgo": 10.98, "60daysAgo": 16.85, "90daysAgo": 11.73}, "epsRevisions": {"upLast7days": 0, "upLast30days": 0, "downLast30days": 0, "downLast90days": {}}}, {"maxAge": 1, "period": "+5y", "endDate": null, "growth": 0.257, "earningsEstimate": {"avg": {}, "low": {}, "high": {}, "yearAgoEps": {}, "numberOfAnalysts": {}, "growth": {}}, "revenueEstimate": {"avg": {}, "low": {}, "high": {}, "numberOfAnalysts": {}, "yearAgoRevenue": {}, "growth": {}}, "epsTrend": {"current": {}, "7daysAgo": {}, "30daysAgo": {}, "60daysAgo": {}, "90daysAgo": {}}, "epsRevisions": {"upLast7days": {}, "upLast30days": {}, "downLast30days": {}, "downLast90days": {}}}, {"maxAge": 1, "period": "-5y", "endDate": null, "growth": 0.11734, "earningsEstimate": {"avg": {}, "low": {}, "high": {}, "yearAgoEps": {}, "numberOfAnalysts": {}, "growth": {}}, "revenueEstimate": {"avg": {}, "low": {}, "high": {}, "numberOfAnalysts": {}, "yearAgoRevenue": {}, "growth": {}}, "epsTrend": {"current": {}, "7daysAgo": {}, "30daysAgo": {}, "60daysAgo": {}, "90daysAgo": {}}, "epsRevisions": {"upLast7days": {}, "upLast30days": {}, "downLast30days": {}, "downLast90days": {}}}], "maxAge": 1}, "institutionOwnership": {"ownershipList": [], "maxAge": 1}, "majorHoldersBreakdown": {"maxAge": 1, "insidersPercentHeld": 0.19594, "institutionsPercentHeld": 0.40012002, "institutionsFloatPercentHeld": 0.49762002, "institutionsCount": 33}, "balanceSheetHistoryQuarterly": {"balanceSheetStatements": [{"maxAge": 1, "endDate": "2020-12-31", "totalStockholderEquity": 43034700000, "netTangibleAssets": 43026900000}, {"maxAge": 1, "endDate": "2020-09-30", "cash": 12637300000, "shortTermInvestments": 17374800000, "netReceivables": 83879300000, "otherCurrentAssets": 1753400000, "totalCurrentAssets": 115644800000, "longTermInvestments": 5835800000, "propertyPlantEquipment": 18340100000, "intangibleAssets": 7800000, "otherAssets": 90100500000, "deferredLongTermAssetCharges": 684200000, "totalAssets": 229929000000, "accountsPayable": 64848300000, "shortLongTermDebt": 17480600000, "otherCurrentLiab": 800800000, "longTermDebt": 80920400000, "otherLiab": 975100000, "minorityInterest": 7532500000, "totalCurrentLiabilities": 97466300000, "totalLiab": 179361800000, "commonStock": 2960100000, "treasuryStock": 40074600000, "otherStockholderEquity": 40074600000, "totalStockholderEquity": 43034700000, "netTangibleAssets": 43026900000}, {"maxAge": 1, "endDate": "2020-06-30", "totalStockholderEquity": 41874500000, "netTangibleAssets": 41866200000}, {"maxAge": 1, "endDate": "2020-03-31", "cash": 4210200000, "shortTermInvestments": 2389000000, "netReceivables": 78644700000, "otherCurrentAssets": 2153400000, "totalCurrentAssets": 87545800000, "longTermInvestments": 5638200000, "propertyPlantEquipment": 18829400000, "intangibleAssets": 8300000, "otherAssets": 99070400000, "deferredLongTermAssetCharges": 969600000, "totalAssets": 211092100000, "accountsPayable": 43604200000, "shortLongTermDebt": 13154300000, "otherCurrentLiab": 1646600000, "longTermDebt": 84756100000, "otherLiab": 1050400000, "deferredLongTermLiab": 1700000, "minorityInterest": 7399700000, "totalCurrentLiabilities": 75920100000, "totalLiab": 161817900000, "commonStock": 2960100000, "retainedEarnings": 24897300000, "treasuryStock": -2477600000, "capitalSurplus": 16494700000, "otherStockholderEquity": -2477600000, "totalStockholderEquity": 41874500000, "netTangibleAssets": 41866200000}], "maxAge": 86400}, "earningsHistory": {"history": [{"maxAge": 1, "epsActual": 2.21, "epsEstimate": 2.69, "epsDifference": -0.48, "surprisePercent": -0.17799999, "quarter": "2017-06-30", "period": "-4q"}, {"maxAge": 1, "epsActual": 4.41, "epsEstimate": 3.26, "epsDifference": 1.15, "surprisePercent": 0.353, "quarter": "2017-09-30", "period": "-3q"}, {"maxAge": 1, "epsActual": 1.99, "epsEstimate": 2.0, "epsDifference": -0.01, "surprisePercent": -0.005, "quarter": "2017-12-31", "period": "-2q"}, {"maxAge": 1, "epsActual": 2.17, "epsEstimate": 2.76, "epsDifference": -0.59, "surprisePercent": -0.214, "quarter": "2018-03-31", "period": "-1q"}], "maxAge": 86400}, "summaryProfile": {"address1": "NBCC Tower", "address2": "2nd Floor 15, Bhikaji Cama Place", "city": "New Delhi", "zip": "110066", "country": "India", "phone": "91 11 4165 9500", "fax": "91 11 4165 9144", "website": "http://www.ptcindia.com", "industry": "Utilities\u2014Independent Power Producers", "sector": "Utilities", "longBusinessSummary": "PTC India Limited, together with its subsidiaries, engages in the trading of power in India, Nepal, Bhutan, and Bangladesh. The company engages in long term, medium term, and short term power trading activities, as well as cross border power trading business. It serves utilities, generators, and industrial and commercial customers. The company also provides fund based/non-fund based financial assistance for companies in power sector and related areas; and engages in consultancy and advisory activities. In addition, it operates 50 MW wind power projects in Madhya Pradesh; 50 MW wind power project in Karnataka; and 188.8 MW wind power projects in Andhra Pradesh. The company was formerly known as Power Trading Corporation of India Ltd. PTC India Limited was founded in 1999 and is based in New Delhi, India.", "fullTimeEmployees": 97, "companyOfficers": [], "maxAge": 86400}, "netSharePurchaseActivity": {"maxAge": 1, "period": "6m", "buyInfoCount": 0, "buyInfoShares": 0, "sellInfoCount": 0, "netInfoCount": 0, "netInfoShares": 0, "netPercentInsiderShares": 0.0, "totalInsiderShares": 57994988}, "insiderTransactions": {"transactions": [{"maxAge": 1, "shares": 6030404, "filerUrl": "", "transactionText": "", "filerName": "Birla Sun Life Trustee Co Ltd", "filerRelation": "Promoter", "moneyText": "", "startDate": "2020-11-12", "ownership": "D"}, {"maxAge": 1, "shares": 1279944, "filerUrl": "", "transactionText": "", "filerName": "Birla Sun Life Trustee Co Ltd", "filerRelation": "Promoter", "moneyText": "", "startDate": "2020-10-16", "ownership": "D"}, {"maxAge": 1, "shares": 6174700, "filerUrl": "", "transactionText": "", "filerName": "Life Insurance Corporation of India", "filerRelation": "Institution- Corporation", "moneyText": "", "startDate": "2014-06-25", "ownership": "D"}, {"maxAge": 1, "shares": 299330, "filerUrl": "", "transactionText": "", "filerName": "Life Insurance Corporation of India", "filerRelation": "Institution- Corporation", "moneyText": "", "startDate": "2014-06-24", "ownership": "D"}, {"maxAge": 1, "shares": 200000, "filerUrl": "", "transactionText": "", "filerName": "Birla Sun Life Trustee Company Pvt Ltd A/c India Excel Offsh", "filerRelation": "UNREPORTED", "moneyText": "", "startDate": "2010-04-27", "ownership": "D"}, {"maxAge": 1, "shares": 6078058, "filerUrl": "", "transactionText": "", "filerName": "LIC of India Market Plus", "filerRelation": "UNREPORTED", "moneyText": "", "startDate": "2009-09-15", "ownership": "D"}], "maxAge": 1}, "sectorTrend": {"maxAge": 1, "symbol": null, "estimates": []}, "incomeStatementHistoryQuarterly": {"incomeStatementHistory": [{"maxAge": 1, "endDate": "2020-12-31", "totalRevenue": 37935100000, "costOfRevenue": 33068500000, "grossProfit": 4866600000, "researchDevelopment": {}, "sellingGeneralAdministrative": 177200000, "nonRecurring": {}, "otherOperatingExpenses": 213400000, "totalOperatingExpenses": 33709400000, "operatingIncome": 4225700000, "totalOtherIncomeExpenseNet": -2642300000, "ebit": 4225700000, "interestExpense": -2249400000, "incomeBeforeTax": 1583400000, "incomeTaxExpense": 441900000, "minorityInterest": {}, "netIncomeFromContinuingOps": 1141500000, "discontinuedOperations": {}, "extraordinaryItems": {}, "effectOfAccountingCharges": {}, "otherItems": {}, "netIncome": 1068500000, "netIncomeApplicableToCommonShares": 1068500000}, {"maxAge": 1, "endDate": "2020-09-30", "totalRevenue": 60046300000, "costOfRevenue": 54087300000, "grossProfit": 5959000000, "researchDevelopment": {}, "sellingGeneralAdministrative": 150300000, "nonRecurring": {}, "otherOperatingExpenses": 220900000, "totalOperatingExpenses": 54708600000, "operatingIncome": 5337700000, "totalOtherIncomeExpenseNet": -2682300000, "ebit": 5337700000, "interestExpense": -2335500000, "incomeBeforeTax": 2655400000, "incomeTaxExpense": 719000000, "minorityInterest": 7532500000, "netIncomeFromContinuingOps": 1936400000, "discontinuedOperations": {}, "extraordinaryItems": {}, "effectOfAccountingCharges": {}, "otherItems": {}, "netIncome": 1824900000, "netIncomeApplicableToCommonShares": 1824900000}, {"maxAge": 1, "endDate": "2020-06-30", "totalRevenue": 46307800000, "costOfRevenue": 41553700000, "grossProfit": 4754100000, "researchDevelopment": {}, "sellingGeneralAdministrative": 149400000, "nonRecurring": {}, "otherOperatingExpenses": 162000000, "totalOperatingExpenses": 42113700000, "operatingIncome": 4194100000, "totalOtherIncomeExpenseNet": -2776200000, "ebit": 4194100000, "interestExpense": -2475600000, "incomeBeforeTax": 1417900000, "incomeTaxExpense": 417300000, "minorityInterest": 7532500000, "netIncomeFromContinuingOps": 1000600000, "discontinuedOperations": {}, "extraordinaryItems": {}, "effectOfAccountingCharges": {}, "otherItems": {}, "netIncome": 907600000, "netIncomeApplicableToCommonShares": 907600000}, {"maxAge": 1, "endDate": "2020-03-31", "totalRevenue": 36233400000, "costOfRevenue": 30289400000, "grossProfit": 5944000000, "researchDevelopment": {}, "sellingGeneralAdministrative": 219200000, "nonRecurring": {}, "otherOperatingExpenses": 156100000, "totalOperatingExpenses": 30916200000, "operatingIncome": 5317200000, "totalOtherIncomeExpenseNet": -4513800000, "ebit": 5317200000, "interestExpense": -2539100000, "incomeBeforeTax": 803400000, "incomeTaxExpense": 323800000, "minorityInterest": 7399700000, "netIncomeFromContinuingOps": 479600000, "discontinuedOperations": {}, "extraordinaryItems": {}, "effectOfAccountingCharges": {}, "otherItems": {}, "netIncome": 454900000, "netIncomeApplicableToCommonShares": 454900000}], "maxAge": 86400}, "cashflowStatementHistoryQuarterly": {"cashflowStatements": [{"maxAge": 1, "endDate": "2020-12-31", "netIncome": 1068500000, "changeToLiabilities": 0}, {"maxAge": 1, "endDate": "2020-09-30", "netIncome": 1824900000, "changeToLiabilities": 0}, {"maxAge": 1, "endDate": "2020-06-30", "netIncome": 907600000, "changeToLiabilities": 0}, {"maxAge": 1, "endDate": "2020-03-31", "netIncome": 454900000, "changeToLiabilities": 0}], "maxAge": 86400}, "earnings": {"maxAge": 86400, "earningsChart": {"quarterly": [{"date": "2Q2017", "actual": 2.21, "estimate": 2.69}, {"date": "3Q2017", "actual": 4.41, "estimate": 3.26}, {"date": "4Q2017", "actual": 1.99, "estimate": 2.0}, {"date": "1Q2018", "actual": 2.17, "estimate": 2.76}], "currentQuarterEstimateDate": "2Q", "currentQuarterEstimateYear": 2018, "earningsDate": []}, "financialsChart": {"yearly": [{"date": 2017, "revenue": 154708000000, "earnings": 4147200000}, {"date": 2018, "revenue": 129049500000, "earnings": 1999500000}, {"date": 2019, "revenue": 152801600000, "earnings": 4252800000}, {"date": 2020, "revenue": 181084100000, "earnings": 3675500000}], "quarterly": [{"date": "1Q2020", "revenue": 36233400000, "earnings": 454900000}, {"date": "2Q2020", "revenue": 46307800000, "earnings": 907600000}, {"date": "3Q2020", "revenue": 60046300000, "earnings": 1824900000}, {"date": "4Q2020", "revenue": 37935100000, "earnings": 1068500000}]}, "financialCurrency": "INR"}, "financialData": {"maxAge": 86400, "currentPrice": 81.25, "targetHighPrice": 141.0, "targetLowPrice": 95.0, "targetMeanPrice": 121.57, "targetMedianPrice": 130.0, "recommendationMean": 1.6, "recommendationKey": "buy", "numberOfAnalystOpinions": 7, "totalCash": 30012100608, "totalCashPerShare": 101.398, "ebitda": 19001249792, "totalDebt": 112728399872, "totalRevenue": 180716896256, "debtToEquity": 222.928, "revenuePerShare": 610.487, "grossProfits": 21740200000, "earningsGrowth": 1.201, "revenueGrowth": -0.011, "grossMargins": 0.11343, "ebitdaMargins": 0.10514, "operatingMargins": 0.09988, "profitMargins": 0.02355, "financialCurrency": "INR"}}}