{"PTC.BO": {"recommendationTrend": {"trend": [{"period": "0m", "strongBuy": 0, "buy": 0, "hold": 0, "sell": 0, "strongSell": 0}, {"period": "-1m", "strongBuy": 0, "buy": 0, "hold": 0, "sell": 0, "strongSell": 0}, {"period": "-2m", "strongBuy": 0, "buy": 0, "hold": 0, "sell": 0, "strongSell": 0}, {"period": "-3m", "strongBuy": 0, "buy": 0, "hold": 0, "sell": 0, "strongSell": 0}], "maxAge": 86400}, "cashflowStatementHistory": {"cashflowStatements": [{"maxAge": 1, "endDate": "2020-03-31", "netIncome": 3675500000, "depreciation": 999200000, "changeToNetincome": 13262500000, "changeToAccountReceivables": -21109900000, "changeToLiabilities": 0, "changeToOperatingActivities": 36102400000, "totalCashFromOperatingActivities": 32935200000, "capitalExpenditures": -20000000, "investments": -4199200000, "otherCashflowsFromInvestingActivities": 78800000, "totalCashflowsFromInvestingActivities": -4138700000, "dividendsPaid": -1183900000, "netBorrowings": -12403500000, "otherCashflowsFromFinancingActivities": -12117100000, "totalCashFromFinancingActivities": -25704500000, "changeInCash": 3092000000}, {"maxAge": 1, "endDate": "2019-03-31", "netIncome": 4252800000, "depreciation": 963700000, "changeToNetincome": 12035000000, "changeToAccountReceivables": -15727400000, "changeToLiabilities": 0, "changeToOperatingActivities": -2610200000, "totalCashFromOperatingActivities": -1079000000, "capitalExpenditures": -28800000, "investments": 931100000, "otherCashflowsFromInvestingActivities": 1254000000, "totalCashflowsFromInvestingActivities": 2442400000, "dividendsPaid": -1184000000, "netBorrowings": 9583500000, "otherCashflowsFromFinancingActivities": -12478700000, "totalCashFromFinancingActivities": -4079200000, "changeInCash": -2715800000}, {"maxAge": 1, "endDate": "2018-03-31", "netIncome": 1999500000, "depreciation": 964300000, "changeToNetincome": 11795900000, "changeToAccountReceivables": -675900000, "changeToLiabilities": 0, "changeToOperatingActivities": -28469800000, "totalCashFromOperatingActivities": -14375900000, "capitalExpenditures": -3162500000, "investments": 3950300000, "otherCashflowsFromInvestingActivities": 1390000000, "totalCashflowsFromInvestingActivities": 2491600000, "dividendsPaid": -887900000, "netBorrowings": 23597100000, "otherCashflowsFromFinancingActivities": -9933600000, "totalCashFromFinancingActivities": 12775600000, "changeInCash": 891300000}, {"maxAge": 1, "endDate": "2017-03-31", "netIncome": 4147200000, "depreciation": 199000000, "changeToNetincome": 10589300000, "changeToAccountReceivables": 3996400000, "changeToLiabilities": 0, "changeToOperatingActivities": -17832900000, "totalCashFromOperatingActivities": 1112400000, "capitalExpenditures": -14770600000, "investments": -715800000, "otherCashflowsFromInvestingActivities": 1607300000, "totalCashflowsFromInvestingActivities": -13739400000, "dividendsPaid": -733200000, "netBorrowings": 22548000000, "otherCashflowsFromFinancingActivities": -8281000000, "totalCashFromFinancingActivities": 13533800000, "changeInCash": 906800000}], "maxAge": 86400}, "institutionOwnership": {"ownershipList": [], "maxAge": 1}, "balanceSheetHistoryQuarterly": {"balanceSheetStatements": [{"maxAge": 1, "endDate": "2020-06-30", "totalStockholderEquity": 41874500000, "netTangibleAssets": 41866200000}, {"maxAge": 1, "endDate": "2020-03-31", "cash": 4210200000, "shortTermInvestments": 2389000000, "netReceivables": 78644700000, "otherCurrentAssets": 2153400000, "totalCurrentAssets": 87545800000, "longTermInvestments": 5638200000, "propertyPlantEquipment": 18829400000, "intangibleAssets": 8300000, "otherAssets": 99070400000, "deferredLongTermAssetCharges": 969600000, "totalAssets": 211092100000, "accountsPayable": 43604200000, "shortLongTermDebt": 13154300000, "otherCurrentLiab": 1646600000, "longTermDebt": 84756100000, "otherLiab": 1050400000, "deferredLongTermLiab": 1700000, "minorityInterest": 7399700000, "totalCurrentLiabilities": 75920100000, "totalLiab": 161817900000, "commonStock": 2960100000, "retainedEarnings": 24897300000, "treasuryStock": -2477600000, "capitalSurplus": 16494700000, "otherStockholderEquity": -2477600000, "totalStockholderEquity": 41874500000, "netTangibleAssets": 41866200000}, {"maxAge": 1, "endDate": "2019-12-31", "totalStockholderEquity": 40949100000, "netTangibleAssets": 40939500000}, {"maxAge": 1, "endDate": "2019-09-30", "cash": 6829600000, "shortTermInvestments": 14539600000, "netReceivables": 76729600000, "otherCurrentAssets": 1324000000, "totalCurrentAssets": 99422800000, "longTermInvestments": 3110100000, "propertyPlantEquipment": 19326600000, "intangibleAssets": 9600000, "otherAssets": 110025000000, "deferredLongTermAssetCharges": 2142100000, "totalAssets": 231894100000, "accountsPayable": 51412800000, "shortLongTermDebt": 21046000000, "otherCurrentLiab": 794500000, "longTermDebt": 81094100000, "otherLiab": 1187100000, "minorityInterest": 7235100000, "totalCurrentLiabilities": 101428700000, "totalLiab": 183709900000, "commonStock": 2960100000, "treasuryStock": 37989000000, "otherStockholderEquity": 37989000000, "totalStockholderEquity": 40949100000, "netTangibleAssets": 40939500000}], "maxAge": 86400}, "earningsHistory": {"history": [{"maxAge": 1, "epsActual": 4.41, "epsEstimate": 3.26, "epsDifference": 1.15, "surprisePercent": 0.353, "quarter": "2017-09-30", "period": "-4q"}, {"maxAge": 1, "epsActual": 1.99, "epsEstimate": 2.0, "epsDifference": -0.01, "surprisePercent": -0.005, "quarter": "2017-12-31", "period": "-3q"}, {"maxAge": 1, "epsActual": 2.17, "epsEstimate": 2.76, "epsDifference": -0.59, "surprisePercent": -0.214, "quarter": "2018-03-31", "period": "-2q"}, {"maxAge": 1, "epsActual": 2.08, "epsEstimate": 2.6, "epsDifference": -0.52, "surprisePercent": -0.2, "quarter": "2018-06-30", "period": "-1q"}], "maxAge": 86400}, "indexTrend": {"maxAge": 1, "symbol": "SP5", "peRatio": 19.7411, "pegRatio": 1.34172, "estimates": [{"period": "0q", "growth": 0.549}, {"period": "+1q", "growth": 0.431}, {"period": "0y", "growth": 0.305}, {"period": "+1y", "growth": 0.109}, {"period": "+5y", "growth": 0.120865}, {"period": "-5y"}]}, "industryTrend": {"maxAge": 1, "symbol": null, "estimates": []}, "insiderTransactions": {"transactions": [{"maxAge": 1, "shares": 1279944, "filerUrl": "", "transactionText": "", "filerName": "Birla Sun Life Trustee Co Ltd", "filerRelation": "Promoter", "moneyText": "", "startDate": "2020-10-16", "ownership": "D"}, {"maxAge": 1, "shares": 6174700, "filerUrl": "", "transactionText": "", "filerName": "Life Insurance Corporation of India", "filerRelation": "Institution- Corporation", "moneyText": "", "startDate": "2014-06-25", "ownership": "D"}, {"maxAge": 1, "shares": 299330, "filerUrl": "", "transactionText": "", "filerName": "Life Insurance Corporation of India", "filerRelation": "Institution- Corporation", "moneyText": "", "startDate": "2014-06-24", "ownership": "D"}, {"maxAge": 1, "shares": 200000, "filerUrl": "", "transactionText": "", "filerName": "Birla Sun Life Trustee Company Pvt Ltd A/c India Excel Offsh", "filerRelation": "UNREPORTED", "moneyText": "", "startDate": "2010-04-27", "ownership": "D"}, {"maxAge": 1, "shares": 6078058, "filerUrl": "", "transactionText": "", "filerName": "LIC of India Market Plus", "filerRelation": "UNREPORTED", "moneyText": "", "startDate": "2009-09-15", "ownership": "D"}], "maxAge": 1}, "quoteType": {"exchange": "BSE", "quoteType": "EQUITY", "symbol": "PTC.BO", "underlyingSymbol": "PTC.BO", "shortName": "PTC INDIA LTD.", "longName": "PTC India Limited", "firstTradeDateEpochUtc": "2004-04-07 09:15:00", "timeZoneFullName": "Asia/Kolkata", "timeZoneShortName": "IST", "uuid": "36af5abf-a9ae-3072-b872-65ec2cb8858e", "gmtOffSetMilliseconds": 19800000, "maxAge": 1}, "incomeStatementHistory": {"incomeStatementHistory": [{"maxAge": 1, "endDate": "2020-03-31", "totalRevenue": 181084100000, "costOfRevenue": 159343900000, "grossProfit": 21740200000, "researchDevelopment": {}, "sellingGeneralAdministrative": 655200000, "nonRecurring": {}, "otherOperatingExpenses": 878100000, "totalOperatingExpenses": 161881900000, "operatingIncome": 19202200000, "totalOtherIncomeExpenseNet": -13309300000, "ebit": 19202200000, "interestExpense": -11331500000, "incomeBeforeTax": 5892900000, "incomeTaxExpense": 1832300000, "minorityInterest": 7399700000, "netIncomeFromContinuingOps": 4060600000, "discontinuedOperations": {}, "extraordinaryItems": {}, "effectOfAccountingCharges": {}, "otherItems": {}, "netIncome": 3675500000, "netIncomeApplicableToCommonShares": 3675500000}, {"maxAge": 1, "endDate": "2019-03-31", "totalRevenue": 152801600000, "costOfRevenue": 128390800000, "grossProfit": 24410800000, "researchDevelopment": {}, "sellingGeneralAdministrative": 2364400000, "nonRecurring": {}, "otherOperatingExpenses": 679700000, "totalOperatingExpenses": 132405200000, "operatingIncome": 20396400000, "totalOtherIncomeExpenseNet": -12954100000, "ebit": 20396400000, "interestExpense": -12169100000, "incomeBeforeTax": 7442300000, "incomeTaxExpense": 2544800000, "minorityInterest": 7230700000, "netIncomeFromContinuingOps": 4897500000, "discontinuedOperations": {}, "extraordinaryItems": {}, "effectOfAccountingCharges": {}, "otherItems": {}, "netIncome": 4252800000, "netIncomeApplicableToCommonShares": 4252800000}, {"maxAge": 1, "endDate": "2018-03-31", "totalRevenue": 129049500000, "costOfRevenue": 113076700000, "grossProfit": 15972800000, "researchDevelopment": {}, "sellingGeneralAdministrative": 2428800000, "nonRecurring": {}, "otherOperatingExpenses": 637800000, "totalOperatingExpenses": 117117200000, "operatingIncome": 11932300000, "totalOtherIncomeExpenseNet": -9355800000, "ebit": 11932300000, "interestExpense": -9341900000, "incomeBeforeTax": 2576500000, "incomeTaxExpense": 928000000, "minorityInterest": 6785400000, "netIncomeFromContinuingOps": 1648500000, "discontinuedOperations": {}, "extraordinaryItems": {}, "effectOfAccountingCharges": {}, "otherItems": {}, "netIncome": 1999500000, "netIncomeApplicableToCommonShares": 1999500000}, {"maxAge": 1, "endDate": "2017-03-31", "totalRevenue": 154708000000, "costOfRevenue": 136154100000, "grossProfit": 18553900000, "researchDevelopment": {}, "sellingGeneralAdministrative": 2454200000, "nonRecurring": {}, "otherOperatingExpenses": 598100000, "totalOperatingExpenses": 139418700000, "operatingIncome": 15289300000, "totalOtherIncomeExpenseNet": -7570800000, "ebit": 15289300000, "interestExpense": -7840200000, "incomeBeforeTax": 7718500000, "incomeTaxExpense": 2660400000, "minorityInterest": 8344600000, "netIncomeFromContinuingOps": 5058100000, "discontinuedOperations": {}, "extraordinaryItems": {}, "effectOfAccountingCharges": {}, "otherItems": {}, "netIncome": 4147200000, "netIncomeApplicableToCommonShares": 4147200000}], "maxAge": 86400}, "fundOwnership": {"ownershipList": [{"maxAge": 1, "reportDate": "2020-07-31", "organization": "Vanguard International Stock Index-Emerging Markets Stk", "pctHeld": 0.0093, "position": 2745224, "value": 141928080}, {"maxAge": 1, "reportDate": "2020-07-31", "organization": "Vanguard International Stock Index-Total Intl Stock Indx", "pctHeld": 0.0092, "position": 2731661, "value": 141226873}, {"maxAge": 1, "reportDate": "2020-07-31", "organization": "DFA Emerging Markets Core Equity Portfolio", "pctHeld": 0.0070999996, "position": 2092804, "value": 108197966}, {"maxAge": 1, "reportDate": "2020-07-31", "organization": "DFA Investment Dimensions-DFA Emerging Mkts Value", "pctHeld": 0.0054, "position": 1595812, "value": 82503480}, {"maxAge": 1, "reportDate": "2020-08-31", "organization": "WisdomTree Tr-WisdomTree Emerging Markets Small Cap Dividend Fund", "pctHeld": 0.0042, "position": 1228456, "value": 72601749}, {"maxAge": 1, "reportDate": "2020-07-31", "organization": "DFA Emerging Markets Small Cap Series", "pctHeld": 0.0036000002, "position": 1064913, "value": 55056002}, {"maxAge": 1, "reportDate": "2020-05-31", "organization": "GMO Implementation Fund", "pctHeld": 0.0027, "position": 809264, "value": 26948491}, {"maxAge": 1, "reportDate": "2020-08-31", "organization": "SPDR Portfolio Emerging Markets ETF", "pctHeld": 0.0023999999, "position": 713190, "value": 42149529}, {"maxAge": 1, "reportDate": "2020-08-31", "organization": "WisdomTree Tr-WisdomTree India Earnings Fd", "pctHeld": 0.0023999999, "position": 705284, "value": 41682284}, {"maxAge": 1, "reportDate": "2020-05-31", "organization": "GMO Benchmark-Free Fund", "pctHeld": 0.0018000001, "position": 532044, "value": 17717065}], "maxAge": 1}, "summaryDetail": {"maxAge": 1, "priceHint": 2, "previousClose": 80.6, "open": 80.5, "dayLow": 79.8, "dayHigh": 82.0, "regularMarketPreviousClose": 80.6, "regularMarketOpen": 80.5, "regularMarketDayLow": 79.8, "regularMarketDayHigh": 82.0, "trailingPE": 6.4816294, "forwardPE": 9.077182, "volume": 288452, "regularMarketVolume": 288452, "averageVolume": 153801, "averageVolume10days": 73948, "averageDailyVolume10Day": 73948, "bid": 81.7, "ask": 81.9, "bidSize": 0, "askSize": 0, "marketCap": 24021049344, "fiftyTwoWeekLow": 32.4, "fiftyTwoWeekHigh": 82.0, "fiftyDayAverage": 59.610607, "twoHundredDayAverage": 54.51875, "trailingAnnualDividendRate": 5.5, "trailingAnnualDividendYield": 0.06823821, "currency": "INR", "fromCurrency": null, "lastMarket": null, "algorithm": null, "tradeable": false}, "sectorTrend": {"maxAge": 1, "symbol": null, "estimates": []}, "incomeStatementHistoryQuarterly": {"incomeStatementHistory": [{"maxAge": 1, "endDate": "2020-06-30", "totalRevenue": 46412800000, "costOfRevenue": 41553700000, "grossProfit": 4859100000, "researchDevelopment": {}, "sellingGeneralAdministrative": 149400000, "nonRecurring": {}, "otherOperatingExpenses": 162000000, "totalOperatingExpenses": 42113700000, "operatingIncome": 4299100000, "totalOtherIncomeExpenseNet": -2881200000, "ebit": 4299100000, "interestExpense": -2475600000, "incomeBeforeTax": 1417900000, "incomeTaxExpense": 417300000, "minorityInterest": {}, "netIncomeFromContinuingOps": 1000600000, "discontinuedOperations": {}, "extraordinaryItems": {}, "effectOfAccountingCharges": {}, "otherItems": {}, "netIncome": 907600000, "netIncomeApplicableToCommonShares": 907600000}, {"maxAge": 1, "endDate": "2020-03-31", "totalRevenue": 36233400000, "costOfRevenue": 30289400000, "grossProfit": 5944000000, "researchDevelopment": {}, "sellingGeneralAdministrative": 219200000, "nonRecurring": {}, "otherOperatingExpenses": 156100000, "totalOperatingExpenses": 30916200000, "operatingIncome": 5317200000, "totalOtherIncomeExpenseNet": -4513800000, "ebit": 5317200000, "interestExpense": -2539100000, "incomeBeforeTax": 803400000, "incomeTaxExpense": 323800000, "minorityInterest": 7399700000, "netIncomeFromContinuingOps": 479600000, "discontinuedOperations": {}, "extraordinaryItems": {}, "effectOfAccountingCharges": {}, "otherItems": {}, "netIncome": 454900000, "netIncomeApplicableToCommonShares": 454900000}, {"maxAge": 1, "endDate": "2019-12-31", "totalRevenue": 38344200000, "costOfRevenue": 33725500000, "grossProfit": 4618700000, "researchDevelopment": {}, "sellingGeneralAdministrative": 152900000, "nonRecurring": {}, "otherOperatingExpenses": 280200000, "totalOperatingExpenses": 34410200000, "operatingIncome": 3934000000, "totalOtherIncomeExpenseNet": -2813600000, "ebit": 3934000000, "interestExpense": -2813600000, "incomeBeforeTax": 1120400000, "incomeTaxExpense": 485500000, "minorityInterest": 7399700000, "netIncomeFromContinuingOps": 634900000, "discontinuedOperations": {}, "extraordinaryItems": {}, "effectOfAccountingCharges": {}, "otherItems": {}, "netIncome": 484200000, "netIncomeApplicableToCommonShares": 484200000}, {"maxAge": 1, "endDate": "2019-09-30", "totalRevenue": 52356600000, "costOfRevenue": 46193600000, "grossProfit": 6163000000, "researchDevelopment": {}, "sellingGeneralAdministrative": 143000000, "nonRecurring": {}, "otherOperatingExpenses": 247100000, "totalOperatingExpenses": 46835000000, "operatingIncome": 5521600000, "totalOtherIncomeExpenseNet": -2948600000, "ebit": 5521600000, "interestExpense": -2948600000, "incomeBeforeTax": 2573000000, "incomeTaxExpense": 559500000, "minorityInterest": 7235100000, "netIncomeFromContinuingOps": 2013500000, "discontinuedOperations": {}, "extraordinaryItems": {}, "effectOfAccountingCharges": {}, "otherItems": {}, "netIncome": 1858600000, "netIncomeApplicableToCommonShares": 1858600000}], "maxAge": 86400}, "cashflowStatementHistoryQuarterly": {"cashflowStatements": [{"maxAge": 1, "endDate": "2020-06-30", "netIncome": 907600000, "changeToLiabilities": 0}, {"maxAge": 1, "endDate": "2020-03-31", "netIncome": 454900000, "changeToLiabilities": 0}, {"maxAge": 1, "endDate": "2019-12-31", "netIncome": 484200000, "changeToLiabilities": 0}, {"maxAge": 1, "endDate": "2019-09-30", "netIncome": 1858600000, "changeToLiabilities": 0}], "maxAge": 86400}, "insiderHolders": {"holders": [{"maxAge": 1, "name": "Birla Sun Life Trustee Co Ltd", "relation": "Promoter", "url": "", "transactionDescription": "Sale", "latestTransDate": "2020-10-16", "positionDirect": 16150179, "positionDirectDate": "2020-10-16"}, {"maxAge": 1, "name": "Birla Sun Life Trustee Company Pvt Ltd A/c India Excel Offsh", "relation": "UNREPORTED", "url": "", "transactionDescription": "Acquisition", "latestTransDate": "2010-04-27", "positionDirect": 14870235, "positionDirectDate": "2010-04-27"}, {"maxAge": 1, "name": "LIC of India Market Plus", "relation": "UNREPORTED", "url": "", "transactionDescription": "Acquisition", "latestTransDate": "2009-09-15", "positionDirect": 42798252, "positionDirectDate": "2009-09-15"}, {"maxAge": 1, "name": "Life Insurance Corporation of India", "relation": "Institution- Corporation", "url": "", "transactionDescription": "Sale", "latestTransDate": "2014-06-25", "positionDirect": 36324222, "positionDirectDate": "2014-06-25"}], "maxAge": 1}, "earnings": {"maxAge": 86400, "earningsChart": {"quarterly": [{"date": "3Q2017", "actual": 4.41, "estimate": 3.26}, {"date": "4Q2017", "actual": 1.99, "estimate": 2.0}, {"date": "1Q2018", "actual": 2.17, "estimate": 2.76}, {"date": "2Q2018", "actual": 2.08, "estimate": 2.6}], "currentQuarterEstimateDate": "3Q", "currentQuarterEstimateYear": 2018, "earningsDate": ["2020-08-11 05:30:S"]}, "financialsChart": {"yearly": [{"date": 2017, "revenue": 154708000000, "earnings": 4147200000}, {"date": 2018, "revenue": 129049500000, "earnings": 1999500000}, {"date": 2019, "revenue": 152801600000, "earnings": 4252800000}, {"date": 2020, "revenue": 181084100000, "earnings": 3675500000}], "quarterly": [{"date": "3Q2019", "revenue": 52356600000, "earnings": 1858600000}, {"date": "4Q2019", "revenue": 38344200000, "earnings": 484200000}, {"date": "1Q2020", "revenue": 36233400000, "earnings": 454900000}, {"date": "2Q2020", "revenue": 46412800000, "earnings": 907600000}]}, "financialCurrency": "INR"}, "calendarEvents": {"maxAge": 1, "earnings": {"earningsDate": ["2020-08-11 05:30:S"], "revenueAverage": 45349800000, "revenueLow": 59624000000, "revenueHigh": 59624000000}}, "upgradeDowngradeHistory": {"history": [], "maxAge": 86400}, "price": {"maxAge": 1, "regularMarketChangePercent": 0.006823859, "regularMarketChange": 0.55000305, "regularMarketTime": "2021-04-30 15:47:16", "priceHint": 2, "regularMarketPrice": 81.15, "regularMarketDayHigh": 82.0, "regularMarketDayLow": 79.8, "regularMarketVolume": 288452, "averageDailyVolume10Day": 73948, "averageDailyVolume3Month": 153801, "regularMarketPreviousClose": 80.6, "regularMarketSource": "FREE_REALTIME", "regularMarketOpen": 80.5, "exchange": "BSE", "exchangeName": "BSE", "exchangeDataDelayedBy": 0, "marketState": "CLOSED", "quoteType": "EQUITY", "symbol": "PTC.BO", "underlyingSymbol": null, "shortName": "PTC INDIA LTD.", "longName": "PTC India Limited", "currency": "INR", "quoteSourceName": "Delayed Quote", "currencySymbol": "\u20b9", "fromCurrency": null, "lastMarket": null, "marketCap": 24021049344}, "balanceSheetHistory": {"balanceSheetStatements": [{"maxAge": 1, "endDate": "2020-03-31", "cash": 4210200000, "shortTermInvestments": 2389000000, "netReceivables": 78644700000, "otherCurrentAssets": 2153400000, "totalCurrentAssets": 87545800000, "longTermInvestments": 5638200000, "propertyPlantEquipment": 18829400000, "intangibleAssets": 8300000, "otherAssets": 99070400000, "deferredLongTermAssetCharges": 969600000, "totalAssets": 211092100000, "accountsPayable": 43604200000, "shortLongTermDebt": 13154300000, "otherCurrentLiab": 1646600000, "longTermDebt": 84756100000, "otherLiab": 1050400000, "deferredLongTermLiab": 1700000, "minorityInterest": 7399700000, "totalCurrentLiabilities": 75920100000, "totalLiab": 161817900000, "commonStock": 2960100000, "retainedEarnings": 24897300000, "treasuryStock": -2477600000, "capitalSurplus": 16494700000, "otherStockholderEquity": -2477600000, "totalStockholderEquity": 41874500000, "netTangibleAssets": 41866200000}, {"maxAge": 1, "endDate": "2019-03-31", "cash": 1118200000, "shortTermInvestments": 311000000, "netReceivables": 61216700000, "otherCurrentAssets": 2645000000, "totalCurrentAssets": 65316300000, "longTermInvestments": 2908300000, "propertyPlantEquipment": 19658900000, "intangibleAssets": 9500000, "otherAssets": 124888600000, "deferredLongTermAssetCharges": 1762900000, "totalAssets": 212781600000, "accountsPayable": 29540400000, "shortLongTermDebt": 20751500000, "otherCurrentLiab": 990700000, "longTermDebt": 86139300000, "otherLiab": 847400000, "deferredLongTermLiab": 1800000, "minorityInterest": 7230700000, "totalCurrentLiabilities": 72747500000, "totalLiab": 165931600000, "commonStock": 2960100000, "retainedEarnings": 22650700000, "treasuryStock": -2486200000, "capitalSurplus": 16494700000, "otherStockholderEquity": -2486200000, "totalStockholderEquity": 39619300000, "netTangibleAssets": 39609800000}, {"maxAge": 1, "endDate": "2018-03-31", "cash": 3834000000, "shortTermInvestments": 102500000, "netReceivables": 42232600000, "otherCurrentAssets": 1979400000, "totalCurrentAssets": 49468400000, "longTermInvestments": 2702300000, "propertyPlantEquipment": 20602200000, "intangibleAssets": 10100000, "otherAssets": 119744100000, "deferredLongTermAssetCharges": 2761500000, "totalAssets": 192527100000, "accountsPayable": 22379600000, "shortLongTermDebt": 9644000000, "otherCurrentLiab": 1086600000, "longTermDebt": 70438700000, "otherLiab": 368200000, "deferredLongTermLiab": 2200000, "minorityInterest": 6785400000, "totalCurrentLiabilities": 71255800000, "totalLiab": 148551500000, "commonStock": 2960100000, "retainedEarnings": 19825500000, "treasuryStock": -2090100000, "capitalSurplus": 16494700000, "otherStockholderEquity": -2090100000, "totalStockholderEquity": 37190200000, "netTangibleAssets": 37180100000}, {"maxAge": 1, "endDate": "2017-03-31", "cash": 2942600000, "shortTermInvestments": 500000, "netReceivables": 40325700000, "otherCurrentAssets": 1242600000, "totalCurrentAssets": 50250300000, "longTermInvestments": 4014600000, "propertyPlantEquipment": 21535100000, "intangibleAssets": 16000000, "otherAssets": 105168800000, "deferredLongTermAssetCharges": 441300000, "totalAssets": 180984800000, "accountsPayable": 27373000000, "shortLongTermDebt": 5727100000, "otherCurrentLiab": 4045200000, "longTermDebt": 58565800000, "otherLiab": 1379900000, "minorityInterest": 8344600000, "totalCurrentLiabilities": 67315400000, "totalLiab": 134089100000, "commonStock": 2960100000, "retainedEarnings": 19707700000, "treasuryStock": -611400000, "capitalSurplus": 16494700000, "otherStockholderEquity": -611400000, "totalStockholderEquity": 38551100000, "netTangibleAssets": 38535100000}], "maxAge": 86400}, "earningsTrend": {"trend": [{"maxAge": 1, "period": "0q", "endDate": "2018-09-30", "growth": {}, "earningsEstimate": {"avg": 0.0, "low": 0.0, "high": 0.0, "yearAgoEps": 4.41, "numberOfAnalysts": 0, "growth": {}}, "revenueEstimate": {"avg": 45349800000, "low": 59624000000, "high": 59624000000, "numberOfAnalysts": 1, "yearAgoRevenue": 52893100000, "growth": -0.143}, "epsTrend": {"current": 0.0, "7daysAgo": 0.0, "30daysAgo": 0.0, "60daysAgo": 0.0, "90daysAgo": 0.0}, "epsRevisions": {"upLast7days": 0, "upLast30days": 0, "downLast30days": 0, "downLast90days": {}}}, {"maxAge": 1, "period": "+1q", "endDate": "2018-12-31", "growth": {}, "earningsEstimate": {"avg": 0.0, "low": 0.0, "high": 0.0, "yearAgoEps": 1.99, "numberOfAnalysts": 0, "growth": {}}, "revenueEstimate": {"avg": 0, "low": 0, "high": 0, "numberOfAnalysts": 0, "yearAgoRevenue": {}, "growth": {}}, "epsTrend": {"current": 0.0, "7daysAgo": 0.0, "30daysAgo": 0.0, "60daysAgo": 0.0, "90daysAgo": 0.0}, "epsRevisions": {"upLast7days": 0, "upLast30days": 0, "downLast30days": 0, "downLast90days": {}}}, {"maxAge": 1, "period": "0y", "endDate": "2019-03-31", "growth": {}, "earningsEstimate": {"avg": 0.0, "low": 0.0, "high": 0.0, "yearAgoEps": {}, "numberOfAnalysts": 0, "growth": {}}, "revenueEstimate": {"avg": 204390000000, "low": 181186000000, "high": 222813000000, "numberOfAnalysts": 3, "yearAgoRevenue": 181890000000, "growth": 0.124}, "epsTrend": {"current": 0.0, "7daysAgo": 10.4, "30daysAgo": 10.4, "60daysAgo": 10.4, "90daysAgo": 10.4}, "epsRevisions": {"upLast7days": 0, "upLast30days": 1, "downLast30days": 0, "downLast90days": {}}}, {"maxAge": 1, "period": "+1y", "endDate": "2020-03-31", "growth": {}, "earningsEstimate": {"avg": 0.0, "low": 0.0, "high": 0.0, "yearAgoEps": {}, "numberOfAnalysts": 0, "growth": {}}, "revenueEstimate": {"avg": 242666000000, "low": 210581000000, "high": 282096000000, "numberOfAnalysts": 3, "yearAgoRevenue": 204390000000, "growth": 0.187}, "epsTrend": {"current": 0.0, "7daysAgo": 12.0, "30daysAgo": 12.0, "60daysAgo": 12.0, "90daysAgo": 12.0}, "epsRevisions": {"upLast7days": 0, "upLast30days": 0, "downLast30days": 0, "downLast90days": {}}}, {"maxAge": 1, "period": "+5y", "endDate": null, "growth": 0.02, "earningsEstimate": {"avg": {}, "low": {}, "high": {}, "yearAgoEps": {}, "numberOfAnalysts": {}, "growth": {}}, "revenueEstimate": {"avg": {}, "low": {}, "high": {}, "numberOfAnalysts": {}, "yearAgoRevenue": {}, "growth": {}}, "epsTrend": {"current": {}, "7daysAgo": {}, "30daysAgo": {}, "60daysAgo": {}, "90daysAgo": {}}, "epsRevisions": {"upLast7days": {}, "upLast30days": {}, "downLast30days": {}, "downLast90days": {}}}, {"maxAge": 1, "period": "-5y", "endDate": null, "growth": {}, "earningsEstimate": {"avg": {}, "low": {}, "high": {}, "yearAgoEps": {}, "numberOfAnalysts": {}, "growth": {}}, "revenueEstimate": {"avg": {}, "low": {}, "high": {}, "numberOfAnalysts": {}, "yearAgoRevenue": {}, "growth": {}}, "epsTrend": {"current": {}, "7daysAgo": {}, "30daysAgo": {}, "60daysAgo": {}, "90daysAgo": {}}, "epsRevisions": {"upLast7days": {}, "upLast30days": {}, "downLast30days": {}, "downLast90days": {}}}], "maxAge": 1}, "financialData": {"maxAge": 86400, "currentPrice": 81.15, "targetHighPrice": 141.0, "targetLowPrice": 95.0, "targetMeanPrice": 121.14, "targetMedianPrice": 130.0, "recommendationKey": "none", "numberOfAnalystOpinions": 7, "grossProfits": 21740200000, "financialCurrency": "INR"}}}