{"PTCIL.BO": {"cashflowStatementHistory": {"cashflowStatements": [{"maxAge": 1, "endDate": "2020-03-31", "netIncome": 105059000, "depreciation": 100921000, "changeToNetincome": 118750000, "changeToAccountReceivables": -2502000, "changeToLiabilities": -78703000, "changeToInventory": -81279000, "changeToOperatingActivities": 18996000, "totalCashFromOperatingActivities": 182444000, "capitalExpenditures": -154971000, "investments": 377000, "otherCashflowsFromInvestingActivities": -7232000, "totalCashflowsFromInvestingActivities": -161694000, "netBorrowings": 71847000, "otherCashflowsFromFinancingActivities": -133340000, "totalCashFromFinancingActivities": -61493000, "changeInCash": -40742000}, {"maxAge": 1, "endDate": "2019-03-31", "netIncome": 109154000, "depreciation": 89799000, "changeToNetincome": 63049000, "changeToAccountReceivables": -107900000, "changeToLiabilities": 174064000, "changeToInventory": -57513000, "changeToOperatingActivities": 31869000, "totalCashFromOperatingActivities": 303665000, "capitalExpenditures": -176523000, "investments": 377000, "otherCashflowsFromInvestingActivities": -2178000, "totalCashflowsFromInvestingActivities": -177432000, "netBorrowings": 8738000, "otherCashflowsFromFinancingActivities": -90059000, "totalCashFromFinancingActivities": -81321000, "changeInCash": 44912000}, {"maxAge": 1, "endDate": "2018-03-31", "netIncome": 74401000, "depreciation": 56990000, "changeToNetincome": 32416000, "changeToAccountReceivables": -65898000, "changeToLiabilities": 89225000, "changeToInventory": 750000, "changeToOperatingActivities": -39994000, "totalCashFromOperatingActivities": 148568000, "capitalExpenditures": -292799000, "investments": 24905000, "otherCashflowsFromInvestingActivities": 1545000, "totalCashflowsFromInvestingActivities": -265740000, "netBorrowings": 183952000, "otherCashflowsFromFinancingActivities": -62416000, "totalCashFromFinancingActivities": 121536000, "changeInCash": 4364000}, {"maxAge": 1, "endDate": "2017-03-31", "netIncome": 60141000, "depreciation": 54765000, "changeToNetincome": 32471000, "changeToAccountReceivables": 26174000, "changeToLiabilities": 0, "changeToInventory": -28134000, "changeToOperatingActivities": -23986000, "totalCashFromOperatingActivities": 122068000, "capitalExpenditures": -676063000, "investments": -24089000, "otherCashflowsFromInvestingActivities": 2225000, "totalCashflowsFromInvestingActivities": -682841000, "netBorrowings": 620772000, "otherCashflowsFromFinancingActivities": -58234000, "totalCashFromFinancingActivities": 562538000, "changeInCash": 1766000}], "maxAge": 86400}, "institutionOwnership": {"ownershipList": [], "maxAge": 1}, "balanceSheetHistoryQuarterly": {"balanceSheetStatements": [{"maxAge": 1, "endDate": "2020-06-30", "totalStockholderEquity": 1506855000, "netTangibleAssets": 1499285000}, {"maxAge": 1, "endDate": "2020-03-31", "cash": 15109000, "shortTermInvestments": 66615000, "netReceivables": 491868000, "inventory": 520893000, "otherCurrentAssets": 105412000, "totalCurrentAssets": 1204075000, "longTermInvestments": 1441000, "propertyPlantEquipment": 2285118000, "intangibleAssets": 7570000, "otherAssets": 42049000, "totalAssets": 3540253000, "accountsPayable": 273561000, "shortLongTermDebt": 88738000, "otherCurrentLiab": 65831000, "longTermDebt": 771709000, "otherLiab": 139304000, "totalCurrentLiabilities": 1122385000, "totalLiab": 2033398000, "commonStock": 52391000, "retainedEarnings": 1042216000, "treasuryStock": 176000, "capitalSurplus": 412072000, "otherStockholderEquity": 176000, "totalStockholderEquity": 1506855000, "netTangibleAssets": 1499285000}, {"maxAge": 1, "endDate": "2019-12-31", "totalStockholderEquity": 1447925000, "netTangibleAssets": 1442977000}, {"maxAge": 1, "endDate": "2019-09-30", "cash": 19418000, "shortTermInvestments": 1037000, "netReceivables": 492820000, "inventory": 566534000, "otherCurrentAssets": 108015000, "totalCurrentAssets": 1187824000, "longTermInvestments": 497000, "propertyPlantEquipment": 2252095000, "intangibleAssets": 4948000, "otherAssets": 63709000, "totalAssets": 3509073000, "accountsPayable": 380567000, "otherCurrentLiab": 191064000, "longTermDebt": 744829000, "otherLiab": 134374000, "totalCurrentLiabilities": 1181945000, "totalLiab": 2061148000, "commonStock": 52391000, "treasuryStock": 1395534000, "otherStockholderEquity": 1395534000, "totalStockholderEquity": 1447925000, "netTangibleAssets": 1442977000}], "maxAge": 86400}, "indexTrend": {"maxAge": 1, "symbol": "SP5", "peRatio": 19.7411, "pegRatio": 1.34172, "estimates": [{"period": "0q", "growth": 0.549}, {"period": "+1q", "growth": 0.431}, {"period": "0y", "growth": 0.305}, {"period": "+1y", "growth": 0.109}, {"period": "+5y", "growth": 0.120859005}, {"period": "-5y"}]}, "insiderTransactions": {"transactions": [{"maxAge": 1, "shares": 225, "filerUrl": "", "transactionText": "", "filerName": "Agarwal (Bina)", "filerRelation": "Promoter", "moneyText": "", "startDate": "2020-08-24", "ownership": "D"}, {"maxAge": 1, "shares": 345, "filerUrl": "", "transactionText": "", "filerName": "Agarwal (Bina)", "filerRelation": "Promoter", "moneyText": "", "startDate": "2020-08-14", "ownership": "D"}, {"maxAge": 1, "shares": 450000, "filerUrl": "", "transactionText": "", "filerName": "Mehta (Mona Russell)", "filerRelation": "UNREPORTED", "moneyText": "", "startDate": "2020-08-14", "ownership": "D"}, {"maxAge": 1, "shares": 261900, "value": 1047416, "filerUrl": "", "transactionText": "Acquisition at price 4.00 per share.", "filerName": "Agarwal (Sachin HUF)", "filerRelation": "Promoter", "moneyText": "", "startDate": "2020-08-07", "ownership": "D"}, {"maxAge": 1, "shares": 261900, "filerUrl": "", "transactionText": "", "filerName": "Pragati India Fund, Ltd.", "filerRelation": "Institution- Corporation", "moneyText": "", "startDate": "2020-08-07", "ownership": "D"}, {"maxAge": 1, "shares": 132400, "filerUrl": "", "transactionText": "", "filerName": "Agarwal (Sachin)", "filerRelation": "Promoter", "moneyText": "", "startDate": "2019-11-25", "ownership": "D"}, {"maxAge": 1, "shares": 131000, "filerUrl": "", "transactionText": "", "filerName": "Agarwal (Smita)", "filerRelation": "UNREPORTED", "moneyText": "", "startDate": "2019-11-25", "ownership": "D"}, {"maxAge": 1, "shares": 584480, "filerUrl": "", "transactionText": "", "filerName": "Agarwal (Sachin)", "filerRelation": "Managing Director", "moneyText": "", "startDate": "2017-02-23", "ownership": "D"}, {"maxAge": 1, "shares": 529700, "filerUrl": "", "transactionText": "", "filerName": "Agarwal (Sachin)", "filerRelation": "Managing Director", "moneyText": "", "startDate": "2016-06-29", "ownership": "D"}, {"maxAge": 1, "shares": 529700, "filerUrl": "", "transactionText": "", "filerName": "Agarwal (Satish Chandra)", "filerRelation": "Promoter", "moneyText": "", "startDate": "2016-06-15", "ownership": "D"}], "maxAge": 1}, "quoteType": {"exchange": "BSE", "quoteType": "EQUITY", "symbol": "PTCIL.BO", "underlyingSymbol": "PTCIL.BO", "shortName": "PTC Industries Ltd.", "longName": "PTC Industries Limited", "firstTradeDateEpochUtc": "2015-06-10 09:15:00", "timeZoneFullName": "Asia/Kolkata", "timeZoneShortName": "IST", "uuid": "1b184bc0-0c0d-3ff6-9f1b-0d1d53316719", "gmtOffSetMilliseconds": 19800000, "maxAge": 1}, "incomeStatementHistory": {"incomeStatementHistory": [{"maxAge": 1, "endDate": "2020-03-31", "totalRevenue": 1681269000, "costOfRevenue": 365258000, "grossProfit": 1316011000, "researchDevelopment": 18264000, "sellingGeneralAdministrative": 222506000, "nonRecurring": {}, "otherOperatingExpenses": 776816000, "totalOperatingExpenses": 1496346000, "operatingIncome": 184923000, "totalOtherIncomeExpenseNet": -45941000, "ebit": 184923000, "interestExpense": -101757000, "incomeBeforeTax": 138982000, "incomeTaxExpense": 33923000, "minorityInterest": {}, "netIncomeFromContinuingOps": 105059000, "discontinuedOperations": {}, "extraordinaryItems": {}, "effectOfAccountingCharges": {}, "otherItems": {}, "netIncome": 105059000, "netIncomeApplicableToCommonShares": 105059000}, {"maxAge": 1, "endDate": "2019-03-31", "totalRevenue": 1512480000, "costOfRevenue": 406779000, "grossProfit": 1105701000, "researchDevelopment": 11105000, "sellingGeneralAdministrative": 200015000, "nonRecurring": {}, "otherOperatingExpenses": 649685000, "totalOperatingExpenses": 1358526000, "operatingIncome": 153954000, "totalOtherIncomeExpenseNet": -59711000, "ebit": 153954000, "interestExpense": -84012000, "incomeBeforeTax": 94243000, "incomeTaxExpense": -14911000, "minorityInterest": {}, "netIncomeFromContinuingOps": 109154000, "discontinuedOperations": {}, "extraordinaryItems": {}, "effectOfAccountingCharges": {}, "otherItems": {}, "netIncome": 109154000, "netIncomeApplicableToCommonShares": 109154000}, {"maxAge": 1, "endDate": "2018-03-31", "totalRevenue": 1010677000, "costOfRevenue": 274708000, "grossProfit": 735969000, "researchDevelopment": 8580000, "sellingGeneralAdministrative": 169364000, "nonRecurring": {}, "otherOperatingExpenses": 399870000, "totalOperatingExpenses": 910385000, "operatingIncome": 100292000, "totalOtherIncomeExpenseNet": -15387000, "ebit": 100292000, "interestExpense": -34888000, "incomeBeforeTax": 84905000, "incomeTaxExpense": 10504000, "minorityInterest": {}, "netIncomeFromContinuingOps": 74401000, "discontinuedOperations": {}, "extraordinaryItems": {}, "effectOfAccountingCharges": {}, "otherItems": {}, "netIncome": 74401000, "netIncomeApplicableToCommonShares": 74401000}, {"maxAge": 1, "endDate": "2017-03-31", "totalRevenue": 993991000, "costOfRevenue": 233796000, "grossProfit": 760195000, "researchDevelopment": 8004000, "sellingGeneralAdministrative": 177036000, "nonRecurring": {}, "otherOperatingExpenses": 418996000, "totalOperatingExpenses": 896455000, "operatingIncome": 97536000, "totalOtherIncomeExpenseNet": -19576000, "ebit": 97536000, "interestExpense": -30064000, "incomeBeforeTax": 77960000, "incomeTaxExpense": 17819000, "minorityInterest": {}, "netIncomeFromContinuingOps": 60141000, "discontinuedOperations": {}, "extraordinaryItems": {}, "effectOfAccountingCharges": {}, "otherItems": {}, "netIncome": 60141000, "netIncomeApplicableToCommonShares": 60141000}], "maxAge": 86400}, "fundOwnership": {"ownershipList": [], "maxAge": 1}, "summaryDetail": {"maxAge": 1, "priceHint": 2, "previousClose": 1554.85, "open": 1540.5, "dayLow": 1500.0, "dayHigh": 1630.0, "regularMarketPreviousClose": 1554.85, "regularMarketOpen": 1540.5, "regularMarketDayLow": 1500.0, "regularMarketDayHigh": 1630.0, "trailingPE": 96.53499, "volume": 1425, "regularMarketVolume": 1425, "averageVolume": 2349, "averageVolume10days": 1149, "averageDailyVolume10Day": 1149, "bid": 1590.0, "ask": 1594.5, "bidSize": 0, "askSize": 0, "marketCap": 8334297088, "fiftyTwoWeekLow": 223.0, "fiftyTwoWeekHigh": 1630.0, "fiftyDayAverage": 833.8985, "twoHundredDayAverage": 787.4908, "currency": "INR", "fromCurrency": null, "lastMarket": null, "algorithm": null, "tradeable": false}, "incomeStatementHistoryQuarterly": {"incomeStatementHistory": [{"maxAge": 1, "endDate": "2020-06-30", "totalRevenue": 281594000, "costOfRevenue": 76052000, "grossProfit": 205542000, "researchDevelopment": 1196000, "sellingGeneralAdministrative": 47735000, "nonRecurring": {}, "otherOperatingExpenses": 89322000, "totalOperatingExpenses": 253250000, "operatingIncome": 28344000, "totalOtherIncomeExpenseNet": -24322000, "ebit": 28344000, "interestExpense": -32699000, "incomeBeforeTax": 4022000, "incomeTaxExpense": 763000, "minorityInterest": {}, "netIncomeFromContinuingOps": 3259000, "discontinuedOperations": {}, "extraordinaryItems": {}, "effectOfAccountingCharges": {}, "otherItems": {}, "netIncome": 3259000, "netIncomeApplicableToCommonShares": 3259000}, {"maxAge": 1, "endDate": "2020-03-31", "totalRevenue": 390957000, "costOfRevenue": -267873000, "grossProfit": 658830000, "researchDevelopment": 6251000, "sellingGeneralAdministrative": 57204000, "nonRecurring": {}, "otherOperatingExpenses": 503968000, "totalOperatingExpenses": 339071000, "operatingIncome": 51886000, "totalOtherIncomeExpenseNet": -9908000, "ebit": 51886000, "interestExpense": -19344000, "incomeBeforeTax": 41978000, "incomeTaxExpense": 9836000, "minorityInterest": {}, "netIncomeFromContinuingOps": 32142000, "discontinuedOperations": {}, "extraordinaryItems": {}, "effectOfAccountingCharges": {}, "otherItems": {}, "netIncome": 32142000, "netIncomeApplicableToCommonShares": 32142000}, {"maxAge": 1, "endDate": "2019-12-31", "totalRevenue": 502334000, "costOfRevenue": 248234000, "grossProfit": 254100000, "researchDevelopment": 3776000, "sellingGeneralAdministrative": 58940000, "nonRecurring": {}, "otherOperatingExpenses": 109391000, "totalOperatingExpenses": 446604000, "operatingIncome": 55730000, "totalOtherIncomeExpenseNet": -16578000, "ebit": 55730000, "interestExpense": -26128000, "incomeBeforeTax": 39152000, "incomeTaxExpense": 10389000, "minorityInterest": {}, "netIncomeFromContinuingOps": 28763000, "discontinuedOperations": {}, "extraordinaryItems": {}, "effectOfAccountingCharges": {}, "otherItems": {}, "netIncome": 28763000, "netIncomeApplicableToCommonShares": 28763000}, {"maxAge": 1, "endDate": "2019-09-30", "totalRevenue": 394707000, "costOfRevenue": 182217000, "grossProfit": 212490000, "researchDevelopment": 7255000, "sellingGeneralAdministrative": 55133000, "nonRecurring": {}, "otherOperatingExpenses": 94297000, "totalOperatingExpenses": 363170000, "operatingIncome": 31537000, "totalOtherIncomeExpenseNet": -2321000, "ebit": 31537000, "interestExpense": -27907000, "incomeBeforeTax": 29216000, "incomeTaxExpense": 6953000, "minorityInterest": {}, "netIncomeFromContinuingOps": 22263000, "discontinuedOperations": {}, "extraordinaryItems": {}, "effectOfAccountingCharges": {}, "otherItems": {}, "netIncome": 22263000, "netIncomeApplicableToCommonShares": 22263000}], "maxAge": 86400}, "cashflowStatementHistoryQuarterly": {"cashflowStatements": [{"maxAge": 1, "endDate": "2020-06-30", "netIncome": 3259000, "changeToLiabilities": 0}, {"maxAge": 1, "endDate": "2020-03-31", "netIncome": 32142000, "changeToLiabilities": 0}, {"maxAge": 1, "endDate": "2019-12-31", "netIncome": 28763000, "changeToLiabilities": 0}, {"maxAge": 1, "endDate": "2019-09-30", "netIncome": 22263000, "changeToLiabilities": 0}], "maxAge": 86400}, "insiderHolders": {"holders": [{"maxAge": 1, "name": "Agarwal (Bina)", "relation": "Promoter", "url": "", "transactionDescription": "Acquisition", "latestTransDate": "2020-08-24", "positionDirect": 27930, "positionDirectDate": "2020-08-24"}, {"maxAge": 1, "name": "Agarwal (Sachin HUF)", "relation": "Promoter", "url": "", "transactionDescription": "Acquisition", "latestTransDate": "2020-08-07", "positionDirect": 261900, "positionDirectDate": "2020-08-07"}, {"maxAge": 1, "name": "Agarwal (Sachin)", "relation": "Promoter", "url": "", "transactionDescription": "Other", "latestTransDate": "2019-11-25", "positionDirect": 1113560, "positionDirectDate": "2019-11-25"}, {"maxAge": 1, "name": "Agarwal (Satish Chandra)", "relation": "Promoter", "url": "", "transactionDescription": "Acquisition", "latestTransDate": "2016-06-15", "positionDirect": 1114180, "positionDirectDate": "2016-06-15"}, {"maxAge": 1, "name": "Agarwal (Smita)", "relation": "UNREPORTED", "url": "", "transactionDescription": "Other", "latestTransDate": "2019-11-25", "positionDirect": 131000, "positionDirectDate": "2019-11-25"}, {"maxAge": 1, "name": "Mehta (Mona Russell)", "relation": "UNREPORTED", "url": "", "transactionDescription": "Acquisition", "latestTransDate": "2020-08-14", "positionDirect": 450000, "positionDirectDate": "2020-08-14"}, {"maxAge": 1, "name": "Pragati India Fund, Ltd.", "relation": "Institution- Corporation", "url": "", "transactionDescription": "Sale", "latestTransDate": "2020-08-07", "positionDirect": 785913, "positionDirectDate": "2020-08-07"}], "maxAge": 1}, "calendarEvents": {"maxAge": 1, "earnings": {"earningsDate": ["2020-08-04 05:30:S"]}}, "upgradeDowngradeHistory": {"history": [], "maxAge": 86400}, "price": {"maxAge": 1, "regularMarketChangePercent": 0.023121249, "regularMarketChange": 35.950073, "regularMarketTime": "2021-04-30 15:29:04", "priceHint": 2, "regularMarketPrice": 1590.8, "regularMarketDayHigh": 1630.0, "regularMarketDayLow": 1500.0, "regularMarketVolume": 1425, "averageDailyVolume10Day": 1149, "averageDailyVolume3Month": 2349, "regularMarketPreviousClose": 1554.85, "regularMarketSource": "FREE_REALTIME", "regularMarketOpen": 1540.5, "exchange": "BSE", "exchangeName": "BSE", "exchangeDataDelayedBy": 0, "marketState": "CLOSED", "quoteType": "EQUITY", "symbol": "PTCIL.BO", "underlyingSymbol": null, "shortName": "PTC Industries Ltd.", "longName": "PTC Industries Limited", "currency": "INR", "quoteSourceName": "Delayed Quote", "currencySymbol": "\u20b9", "fromCurrency": null, "lastMarket": null, "marketCap": 8334297088}, "balanceSheetHistory": {"balanceSheetStatements": [{"maxAge": 1, "endDate": "2020-03-31", "cash": 15109000, "shortTermInvestments": 66615000, "netReceivables": 491868000, "inventory": 520893000, "otherCurrentAssets": 105412000, "totalCurrentAssets": 1204075000, "longTermInvestments": 1441000, "propertyPlantEquipment": 2285118000, "intangibleAssets": 7570000, "otherAssets": 42049000, "totalAssets": 3540253000, "accountsPayable": 273561000, "shortLongTermDebt": 88738000, "otherCurrentLiab": 65831000, "longTermDebt": 771709000, "otherLiab": 139304000, "totalCurrentLiabilities": 1122385000, "totalLiab": 2033398000, "commonStock": 52391000, "retainedEarnings": 1042216000, "treasuryStock": 176000, "capitalSurplus": 412072000, "otherStockholderEquity": 176000, "totalStockholderEquity": 1506855000, "netTangibleAssets": 1499285000}, {"maxAge": 1, "endDate": "2019-03-31", "cash": 55851000, "shortTermInvestments": 8742000, "netReceivables": 516697000, "inventory": 439614000, "otherCurrentAssets": 78240000, "totalCurrentAssets": 1102696000, "longTermInvestments": 1335000, "propertyPlantEquipment": 2256547000, "intangibleAssets": 5523000, "otherAssets": 37928000, "totalAssets": 3404029000, "accountsPayable": 350012000, "shortLongTermDebt": 106163000, "otherCurrentLiab": 67846000, "longTermDebt": 741433000, "otherLiab": 130049000, "totalCurrentLiabilities": 1128585000, "totalLiab": 2000067000, "commonStock": 52391000, "retainedEarnings": 939323000, "treasuryStock": 176000, "capitalSurplus": 412072000, "otherStockholderEquity": 176000, "totalStockholderEquity": 1403962000, "netTangibleAssets": 1398439000}, {"maxAge": 1, "endDate": "2018-03-31", "cash": 10939000, "shortTermInvestments": 5590000, "netReceivables": 376622000, "inventory": 382101000, "otherCurrentAssets": 125423000, "totalCurrentAssets": 904103000, "longTermInvestments": 402000, "propertyPlantEquipment": 2137534000, "intangibleAssets": 6666000, "otherAssets": 44881000, "totalAssets": 3093586000, "accountsPayable": 174770000, "shortLongTermDebt": 75833000, "otherCurrentLiab": 76556000, "longTermDebt": 770824000, "otherLiab": 132703000, "totalCurrentLiabilities": 894871000, "totalLiab": 1798398000, "commonStock": 52391000, "retainedEarnings": 830549000, "treasuryStock": 176000, "capitalSurplus": 412072000, "otherStockholderEquity": 176000, "totalStockholderEquity": 1295188000, "netTangibleAssets": 1288522000}, {"maxAge": 1, "endDate": "2017-03-31", "cash": 6575000, "shortTermInvestments": 29095000, "netReceivables": 337596000, "inventory": 382850000, "otherCurrentAssets": 69478000, "totalCurrentAssets": 830198000, "longTermInvestments": 2013000, "propertyPlantEquipment": 1835655000, "intangibleAssets": 1268000, "otherAssets": 83978000, "totalAssets": 2753112000, "accountsPayable": 86355000, "shortLongTermDebt": 36033000, "otherCurrentLiab": 109727000, "longTermDebt": 780498000, "otherLiab": 107692000, "totalCurrentLiabilities": 644462000, "totalLiab": 1532652000, "commonStock": 52391000, "retainedEarnings": 755822000, "treasuryStock": 175000, "capitalSurplus": 412072000, "otherStockholderEquity": 175000, "totalStockholderEquity": 1220460000, "netTangibleAssets": 1219192000}], "maxAge": 86400}, "financialData": {"maxAge": 86400, "currentPrice": 1590.8, "recommendationKey": "none", "grossProfits": 1316011000, "financialCurrency": "INR"}}}