{"PTIL.BO": {"cashflowStatementHistory": {"cashflowStatements": [{"maxAge": 1, "endDate": "2019-03-31", "netIncome": -39376000, "depreciation": 6918000, "changeToNetincome": -20028000, "changeToAccountReceivables": 246525000, "changeToLiabilities": -76683000, "changeToInventory": 148550000, "changeToOperatingActivities": -361583000, "totalCashFromOperatingActivities": -93694000, "capitalExpenditures": -6718000, "otherCashflowsFromInvestingActivities": 18199000, "totalCashflowsFromInvestingActivities": -19688000, "netBorrowings": 116760000, "otherCashflowsFromFinancingActivities": -11038000, "totalCashFromFinancingActivities": 105722000, "changeInCash": -7660000}, {"maxAge": 1, "endDate": "2018-03-31", "netIncome": -193995000, "depreciation": 6916000, "changeToNetincome": 31846000, "changeToAccountReceivables": 98904000, "changeToLiabilities": -428290000, "changeToInventory": 336000000, "changeToOperatingActivities": -93500000, "totalCashFromOperatingActivities": -239983000, "capitalExpenditures": -861000, "otherCashflowsFromInvestingActivities": 488000, "totalCashflowsFromInvestingActivities": -76000, "netBorrowings": 180634000, "otherCashflowsFromFinancingActivities": -27194000, "totalCashFromFinancingActivities": 244506000, "changeInCash": 4447000, "issuanceOfStock": 91066000}, {"maxAge": 1, "endDate": "2017-03-31", "netIncome": 17391060, "depreciation": 17837145, "changeToNetincome": 112044911, "changeToAccountReceivables": 245378470, "changeToLiabilities": -39420710, "changeToInventory": -309214414, "changeToOperatingActivities": 788981, "totalCashFromOperatingActivities": 47924937, "capitalExpenditures": -861000, "otherCashflowsFromInvestingActivities": 2289084, "totalCashflowsFromInvestingActivities": 26213792, "netBorrowings": 29760990, "otherCashflowsFromFinancingActivities": -111715843, "totalCashFromFinancingActivities": -81954853, "changeInCash": -7816124, "issuanceOfStock": 91066000}, {"maxAge": 1, "endDate": "2016-03-31", "netIncome": 12835512, "depreciation": 15826927, "changeToNetincome": 102020106, "changeToAccountReceivables": -281446885, "changeToLiabilities": 194086426, "changeToInventory": -29625932, "changeToOperatingActivities": 50073233, "totalCashFromOperatingActivities": 69185066, "capitalExpenditures": -663374, "otherCashflowsFromInvestingActivities": 4957170, "totalCashflowsFromInvestingActivities": 8526671, "netBorrowings": 22844917, "otherCashflowsFromFinancingActivities": -94286063, "totalCashFromFinancingActivities": -71441137, "changeInCash": 6270600, "issuanceOfStock": 9}], "maxAge": 86400}, "institutionOwnership": {"ownershipList": [], "maxAge": 1}, "balanceSheetHistoryQuarterly": {"balanceSheetStatements": [{"maxAge": 1, "endDate": "2019-12-31"}, {"maxAge": 1, "endDate": "2019-06-30", "totalStockholderEquity": 264069000, "netTangibleAssets": 262216000}, {"maxAge": 1, "endDate": "2019-03-31", "cash": 32513000, "shortTermInvestments": 28000, "netReceivables": 613591000, "inventory": 167520000, "otherCurrentAssets": 427181000, "totalCurrentAssets": 1240833000, "longTermInvestments": 32336000, "propertyPlantEquipment": 243577000, "intangibleAssets": 1853000, "otherAssets": 25796000, "totalAssets": 1544395000, "accountsPayable": 227935000, "otherCurrentLiab": 110249000, "otherLiab": -42523000, "totalCurrentLiabilities": 1322849000, "totalLiab": 1280326000, "commonStock": 107063000, "treasuryStock": 157006000, "otherStockholderEquity": 157006000, "totalStockholderEquity": 264069000, "netTangibleAssets": 262216000}, {"maxAge": 1, "endDate": "2018-12-31"}], "maxAge": 86400}, "indexTrend": {"maxAge": 1, "symbol": "SP5", "peRatio": 19.7411, "pegRatio": 1.34172, "estimates": [{"period": "0q", "growth": 0.549}, {"period": "+1q", "growth": 0.431}, {"period": "0y", "growth": 0.305}, {"period": "+1y", "growth": 0.109}, {"period": "+5y", "growth": 0.120859005}, {"period": "-5y"}]}, "insiderTransactions": {"transactions": [{"maxAge": 1, "shares": 14000, "filerUrl": "", "transactionText": "", "filerName": "Malde (Alipta)", "filerRelation": "UNREPORTED", "moneyText": "", "startDate": "2018-12-28", "ownership": "D"}, {"maxAge": 1, "shares": 99700, "filerUrl": "", "transactionText": "", "filerName": "Malde (Parag R)", "filerRelation": "Chief Financial Officer", "moneyText": "", "startDate": "2018-11-21", "ownership": "D"}, {"maxAge": 1, "shares": 55500, "filerUrl": "", "transactionText": "", "filerName": "Malde (Alipta)", "filerRelation": "UNREPORTED", "moneyText": "", "startDate": "2018-11-16", "ownership": "D"}, {"maxAge": 1, "shares": 70000, "filerUrl": "", "transactionText": "", "filerName": "Malde (Parag R)", "filerRelation": "Chief Financial Officer", "moneyText": "", "startDate": "2018-11-16", "ownership": "D"}, {"maxAge": 1, "shares": 19000, "filerUrl": "", "transactionText": "", "filerName": "Tiwari (Prabha V)", "filerRelation": "Chairman of the Board", "moneyText": "", "startDate": "2018-11-15", "ownership": "D"}, {"maxAge": 1, "shares": 4600, "filerUrl": "", "transactionText": "", "filerName": "Malde (Parag R)", "filerRelation": "Chief Financial Officer", "moneyText": "", "startDate": "2018-11-15", "ownership": "D"}, {"maxAge": 1, "shares": 13463, "filerUrl": "", "transactionText": "", "filerName": "Malde (Parag R)", "filerRelation": "Chief Financial Officer", "moneyText": "", "startDate": "2018-11-14", "ownership": "D"}, {"maxAge": 1, "shares": 400, "filerUrl": "", "transactionText": "", "filerName": "Malde (Parag R)", "filerRelation": "Chief Financial Officer", "moneyText": "", "startDate": "2018-10-12", "ownership": "D"}, {"maxAge": 1, "shares": 134, "filerUrl": "", "transactionText": "", "filerName": "Malde (Parag R)", "filerRelation": "Chief Financial Officer", "moneyText": "", "startDate": "2018-10-12", "ownership": "D"}, {"maxAge": 1, "shares": 400, "filerUrl": "", "transactionText": "", "filerName": "Malde (Parag R)", "filerRelation": "Chief Financial Officer", "moneyText": "", "startDate": "2018-10-05", "ownership": "D"}, {"maxAge": 1, "shares": 12600, "filerUrl": "", "transactionText": "", "filerName": "Malde (Parag R)", "filerRelation": "Chief Financial Officer", "moneyText": "", "startDate": "2018-08-28", "ownership": "D"}, {"maxAge": 1, "shares": 36000, "filerUrl": "", "transactionText": "", "filerName": "Malde (Parag R)", "filerRelation": "Wholetime Director", "moneyText": "", "startDate": "2018-08-13", "ownership": "D"}, {"maxAge": 1, "shares": 22800, "filerUrl": "", "transactionText": "", "filerName": "Malde (Parag R)", "filerRelation": "Chief Financial Officer", "moneyText": "", "startDate": "2018-07-10", "ownership": "D"}, {"maxAge": 1, "shares": 27000, "filerUrl": "", "transactionText": "", "filerName": "Tiwari (Vishwamani Matamani)", "filerRelation": "Chairman of the Board", "moneyText": "", "startDate": "2018-07-09", "ownership": "D"}, {"maxAge": 1, "shares": 10200, "filerUrl": "", "transactionText": "", "filerName": "Malde (Parag R)", "filerRelation": "Chief Financial Officer", "moneyText": "", "startDate": "2018-07-09", "ownership": "D"}, {"maxAge": 1, "shares": 4800, "filerUrl": "", "transactionText": "", "filerName": "Tiwari (Prabha V)", "filerRelation": "Promoter", "moneyText": "", "startDate": "2018-07-03", "ownership": "D"}, {"maxAge": 1, "shares": 4200, "filerUrl": "", "transactionText": "", "filerName": "Tiwari (Prabha V)", "filerRelation": "Promoter", "moneyText": "", "startDate": "2018-07-02", "ownership": "D"}, {"maxAge": 1, "shares": 19800, "filerUrl": "", "transactionText": "", "filerName": "Malde (Parag R)", "filerRelation": "Chief Financial Officer", "moneyText": "", "startDate": "2018-06-29", "ownership": "D"}, {"maxAge": 1, "shares": 18500, "filerUrl": "", "transactionText": "", "filerName": "Malde (Parag R)", "filerRelation": "Chief Financial Officer", "moneyText": "", "startDate": "2018-06-08", "ownership": "D"}, {"maxAge": 1, "shares": 18500, "filerUrl": "", "transactionText": "", "filerName": "Tiwari (Prabha V)", "filerRelation": "Promoter", "moneyText": "", "startDate": "2018-06-08", "ownership": "D"}, {"maxAge": 1, "shares": 10500, "filerUrl": "", "transactionText": "", "filerName": "Tiwari (Prabha V)", "filerRelation": "Promoter", "moneyText": "", "startDate": "2018-05-16", "ownership": "D"}, {"maxAge": 1, "shares": 251438, "filerUrl": "", "transactionText": "", "filerName": "Tiwari (Vishwamani Matamani)", "filerRelation": "Chairman of the Board", "moneyText": "", "startDate": "2018-05-15", "ownership": "D"}, {"maxAge": 1, "shares": 6500, "filerUrl": "", "transactionText": "", "filerName": "Malde (Alipta)", "filerRelation": "UNREPORTED", "moneyText": "", "startDate": "2018-05-14", "ownership": "D"}, {"maxAge": 1, "shares": 6500, "filerUrl": "", "transactionText": "", "filerName": "Malde (Parag R)", "filerRelation": "Chief Financial Officer", "moneyText": "", "startDate": "2018-05-03", "ownership": "D"}, {"maxAge": 1, "shares": 10500, "filerUrl": "", "transactionText": "", "filerName": "Malde (Alipta)", "filerRelation": "UNREPORTED", "moneyText": "", "startDate": "2018-04-27", "ownership": "D"}, {"maxAge": 1, "shares": 3000, "filerUrl": "", "transactionText": "", "filerName": "Tiwari (Vishwamani Matamani)", "filerRelation": "Chairman of the Board", "moneyText": "", "startDate": "2017-10-11", "ownership": "D"}, {"maxAge": 1, "shares": 24000, "filerUrl": "", "transactionText": "", "filerName": "Tiwari (Vishwamani Matamani)", "filerRelation": "Chairman of the Board", "moneyText": "", "startDate": "2017-06-14", "ownership": "D"}], "maxAge": 1}, "quoteType": {"exchange": "BSE", "quoteType": "EQUITY", "symbol": "PTIL.BO", "underlyingSymbol": "PTIL.BO", "shortName": "PRABHAT TECHNOLOGIES (INDIA) L", "longName": "Prabhat Telecoms (India) Limited", "firstTradeDateEpochUtc": "2016-08-05 09:15:00", "timeZoneFullName": "Asia/Kolkata", "timeZoneShortName": "IST", "uuid": "05d53d07-9821-3e57-801d-eefb16db0a4b", "gmtOffSetMilliseconds": 19800000, "maxAge": 1}, "incomeStatementHistory": {"incomeStatementHistory": [{"maxAge": 1, "endDate": "2019-03-31", "totalRevenue": 1304310000, "costOfRevenue": 1310907000, "grossProfit": -6597000, "researchDevelopment": {}, "sellingGeneralAdministrative": 10557000, "nonRecurring": {}, "otherOperatingExpenses": 77287000, "totalOperatingExpenses": 1407652000, "operatingIncome": -103342000, "totalOtherIncomeExpenseNet": 7759000, "ebit": -103342000, "interestExpense": -11008000, "incomeBeforeTax": -95583000, "incomeTaxExpense": -56207000, "minorityInterest": {}, "netIncomeFromContinuingOps": -39376000, "discontinuedOperations": {}, "extraordinaryItems": {}, "effectOfAccountingCharges": {}, "otherItems": {}, "netIncome": -39376000, "netIncomeApplicableToCommonShares": -39376000}, {"maxAge": 1, "endDate": "2018-03-31", "totalRevenue": 2913588000, "costOfRevenue": 3049068000, "grossProfit": -135480000, "researchDevelopment": {}, "sellingGeneralAdministrative": 21002000, "nonRecurring": {}, "otherOperatingExpenses": -3295000, "totalOperatingExpenses": 3075827000, "operatingIncome": -162239000, "totalOtherIncomeExpenseNet": -26893000, "ebit": -162239000, "interestExpense": -26421000, "incomeBeforeTax": -189132000, "incomeTaxExpense": 4863000, "minorityInterest": {}, "netIncomeFromContinuingOps": -193995000, "discontinuedOperations": {}, "extraordinaryItems": {}, "effectOfAccountingCharges": {}, "otherItems": {}, "netIncome": -193995000, "netIncomeApplicableToCommonShares": -193995000}, {"maxAge": 1, "endDate": "2017-03-31", "totalRevenue": 3013469968, "costOfRevenue": 2779991410, "grossProfit": 233478558, "researchDevelopment": {}, "sellingGeneralAdministrative": 45909804, "nonRecurring": {}, "otherOperatingExpenses": 39555197, "totalOperatingExpenses": 2886491083, "operatingIncome": 126978885, "totalOtherIncomeExpenseNet": -103788831, "ebit": 126978885, "interestExpense": -99893714, "incomeBeforeTax": 23190054, "incomeTaxExpense": 5798994, "minorityInterest": {}, "netIncomeFromContinuingOps": 17391060, "discontinuedOperations": {}, "extraordinaryItems": {}, "effectOfAccountingCharges": {}, "otherItems": {}, "netIncome": 17391060, "netIncomeApplicableToCommonShares": 17391060}, {"maxAge": 1, "endDate": "2016-03-31", "totalRevenue": 3360414870, "costOfRevenue": 3197761280, "grossProfit": 162653590, "researchDevelopment": {}, "sellingGeneralAdministrative": 15346316, "nonRecurring": {}, "otherOperatingExpenses": 11295262, "totalOperatingExpenses": 3245645464, "operatingIncome": 114769406, "totalOtherIncomeExpenseNet": -94440905, "ebit": 114769406, "interestExpense": -87972097, "incomeBeforeTax": 20328501, "incomeTaxExpense": 7492989, "minorityInterest": {}, "netIncomeFromContinuingOps": 12835512, "discontinuedOperations": {}, "extraordinaryItems": {}, "effectOfAccountingCharges": {}, "otherItems": {}, "netIncome": 12835512, "netIncomeApplicableToCommonShares": 12835512}], "maxAge": 86400}, "fundOwnership": {"ownershipList": [], "maxAge": 1}, "summaryDetail": {"maxAge": 1, "priceHint": 2, "previousClose": 361.5, "open": 361.9, "dayLow": 360.25, "dayHigh": 361.9, "regularMarketPreviousClose": 361.5, "regularMarketOpen": 361.9, "regularMarketDayLow": 360.25, "regularMarketDayHigh": 361.9, "volume": 5009, "regularMarketVolume": 5009, "averageVolume": 10785, "averageVolume10days": 4531, "averageDailyVolume10Day": 4531, "bid": 361.35, "ask": 0.0, "bidSize": 0, "askSize": 0, "marketCap": 3868721664, "fiftyTwoWeekLow": 262.0, "fiftyTwoWeekHigh": 389.25, "fiftyDayAverage": 367.29697, "twoHundredDayAverage": 356.61102, "currency": "INR", "fromCurrency": null, "lastMarket": null, "algorithm": null, "tradeable": false}, "incomeStatementHistoryQuarterly": {"incomeStatementHistory": [{"maxAge": 1, "endDate": "2019-12-31", "totalRevenue": 1983000, "costOfRevenue": 988000, "grossProfit": 995000, "researchDevelopment": {}, "sellingGeneralAdministrative": 1912000, "nonRecurring": {}, "otherOperatingExpenses": 3887000, "totalOperatingExpenses": 8920000, "operatingIncome": -6937000, "totalOtherIncomeExpenseNet": -25796000, "ebit": -6937000, "interestExpense": -1818000, "incomeBeforeTax": -32733000, "incomeTaxExpense": 0, "minorityInterest": {}, "netIncomeFromContinuingOps": -32733000, "discontinuedOperations": {}, "extraordinaryItems": {}, "effectOfAccountingCharges": {}, "otherItems": {}, "netIncome": -32733000, "netIncomeApplicableToCommonShares": -32733000}, {"maxAge": 1, "endDate": "2019-06-30", "totalRevenue": 140649000, "costOfRevenue": 174145000, "grossProfit": -33496000, "researchDevelopment": {}, "sellingGeneralAdministrative": 2343000, "nonRecurring": {}, "otherOperatingExpenses": -6755000, "totalOperatingExpenses": 172071000, "operatingIncome": -31422000, "totalOtherIncomeExpenseNet": -22000, "ebit": -31422000, "interestExpense": -22000, "incomeBeforeTax": -31444000, "incomeTaxExpense": 0, "minorityInterest": {}, "netIncomeFromContinuingOps": -31444000, "discontinuedOperations": {}, "extraordinaryItems": {}, "effectOfAccountingCharges": {}, "otherItems": {}, "netIncome": -31444000, "netIncomeApplicableToCommonShares": -31444000}, {"maxAge": 1, "endDate": "2019-03-31", "totalRevenue": 391645000, "costOfRevenue": 348004000, "grossProfit": 43641000, "researchDevelopment": {}, "sellingGeneralAdministrative": 639000, "nonRecurring": {}, "otherOperatingExpenses": 32258000, "totalOperatingExpenses": 383189000, "operatingIncome": 8456000, "totalOtherIncomeExpenseNet": -10616000, "ebit": 8456000, "interestExpense": -10606000, "incomeBeforeTax": -2160000, "incomeTaxExpense": -58272000, "minorityInterest": {}, "netIncomeFromContinuingOps": 56112000, "discontinuedOperations": {}, "extraordinaryItems": {}, "effectOfAccountingCharges": {}, "otherItems": {}, "netIncome": 56112000, "netIncomeApplicableToCommonShares": 56112000}, {"maxAge": 1, "endDate": "2018-12-31", "totalRevenue": 76967000, "costOfRevenue": 86054000, "grossProfit": -9087000, "researchDevelopment": {}, "sellingGeneralAdministrative": 681000, "nonRecurring": {}, "otherOperatingExpenses": 5376000, "totalOperatingExpenses": 94322000, "operatingIncome": -17355000, "totalOtherIncomeExpenseNet": -300000, "ebit": -17355000, "interestExpense": -301000, "incomeBeforeTax": -17655000, "incomeTaxExpense": 0, "minorityInterest": {}, "netIncomeFromContinuingOps": -17655000, "discontinuedOperations": {}, "extraordinaryItems": {}, "effectOfAccountingCharges": {}, "otherItems": {}, "netIncome": -17655000, "netIncomeApplicableToCommonShares": -17655000}], "maxAge": 86400}, "cashflowStatementHistoryQuarterly": {"cashflowStatements": [{"maxAge": 1, "endDate": "2019-12-31", "netIncome": -32733000, "changeToLiabilities": 0}, {"maxAge": 1, "endDate": "2019-06-30", "netIncome": -31444000, "changeToLiabilities": 0}, {"maxAge": 1, "endDate": "2019-03-31", "netIncome": 56112000, "changeToLiabilities": 0}, {"maxAge": 1, "endDate": "2018-12-31", "netIncome": -17655000, "changeToLiabilities": 0}], "maxAge": 86400}, "insiderHolders": {"holders": [{"maxAge": 1, "name": "Malde (Alipta)", "relation": "UNREPORTED", "url": "", "transactionDescription": "Acquisition", "latestTransDate": "2018-12-28", "positionDirect": 99000, "positionDirectDate": "2018-12-28"}, {"maxAge": 1, "name": "Malde (Parag R)", "relation": "Chief Financial Officer", "url": "", "transactionDescription": "Acquisition", "latestTransDate": "2018-11-21", "positionDirect": 254353, "positionDirectDate": "2018-11-21"}, {"maxAge": 1, "name": "Tiwari (Prabha V)", "relation": "Chairman of the Board", "url": "", "transactionDescription": "Sale", "latestTransDate": "2018-11-15", "positionDirect": 81930, "positionDirectDate": "2018-11-15"}, {"maxAge": 1, "name": "Tiwari (Vishwamani Matamani)", "relation": "Chairman of the Board", "url": "", "transactionDescription": "Acquisition", "latestTransDate": "2018-07-09", "positionDirect": 5502538, "positionDirectDate": "2018-07-09"}], "maxAge": 1}, "calendarEvents": {"maxAge": 1, "earnings": {"earningsDate": ["2020-02-12 05:30:S"]}}, "upgradeDowngradeHistory": {"history": [], "maxAge": 86400}, "price": {"maxAge": 1, "regularMarketChangePercent": -0.00041492088, "regularMarketChange": -0.1499939, "regularMarketTime": "2021-04-30 15:42:48", "priceHint": 2, "regularMarketPrice": 361.35, "regularMarketDayHigh": 361.9, "regularMarketDayLow": 360.25, "regularMarketVolume": 5009, "averageDailyVolume10Day": 4531, "averageDailyVolume3Month": 10785, "regularMarketPreviousClose": 361.5, "regularMarketSource": "FREE_REALTIME", "regularMarketOpen": 361.9, "exchange": "BSE", "exchangeName": "BSE", "exchangeDataDelayedBy": 0, "marketState": "CLOSED", "quoteType": "EQUITY", "symbol": "PTIL.BO", "underlyingSymbol": null, "shortName": "PRABHAT TECHNOLOGIES (INDIA) L", "longName": "Prabhat Telecoms (India) Limited", "currency": "INR", "quoteSourceName": "Delayed Quote", "currencySymbol": "\u20b9", "fromCurrency": null, "lastMarket": null, "marketCap": 3868721664}, "balanceSheetHistory": {"balanceSheetStatements": [{"maxAge": 1, "endDate": "2019-03-31", "cash": 3084000, "shortTermInvestments": 27479000, "netReceivables": 626473000, "inventory": 167520000, "otherCurrentAssets": 416277000, "totalCurrentAssets": 1240833000, "longTermInvestments": 32336000, "propertyPlantEquipment": 242222000, "intangibleAssets": 3207000, "otherAssets": 68269000, "deferredLongTermAssetCharges": 42473000, "totalAssets": 1586867000, "accountsPayable": 216087000, "otherCurrentLiab": 107781000, "totalCurrentLiabilities": 1322848000, "totalLiab": 1322848000, "commonStock": 107063000, "retainedEarnings": -114554000, "treasuryStock": 473000, "capitalSurplus": 271037000, "otherStockholderEquity": 473000, "totalStockholderEquity": 264019000, "netTangibleAssets": 260812000}, {"maxAge": 1, "endDate": "2018-03-31", "cash": 10744000, "shortTermInvestments": 2275000, "netReceivables": 898911000, "inventory": 316070000, "otherCurrentAssets": 165554000, "totalCurrentAssets": 1393586000, "longTermInvestments": 316000, "propertyPlantEquipment": 243350000, "intangibleAssets": 5112000, "otherAssets": 29589000, "totalAssets": 1671953000, "accountsPayable": 292770000, "otherCurrentLiab": 158544000, "longTermDebt": 4215000, "otherLiab": 13768000, "totalCurrentLiabilities": 1337709000, "totalLiab": 1355692000, "commonStock": 89219000, "retainedEarnings": -61838000, "capitalSurplus": 288880000, "totalStockholderEquity": 316261000, "netTangibleAssets": 311149000}, {"maxAge": 1, "endDate": "2017-03-31", "cash": 6477953, "netReceivables": 988200998, "inventory": 652070886, "otherCurrentAssets": 135363034, "totalCurrentAssets": 1782112871, "longTermInvestments": 200000, "propertyPlantEquipment": 228573029, "intangibleAssets": 4539548, "otherAssets": 59405542, "totalAssets": 2074830990, "accountsPayable": 721060370, "otherCurrentLiab": 25256308, "longTermDebt": 172962100, "otherLiab": 9245957, "totalCurrentLiabilities": 1468546103, "totalLiab": 1650754160, "commonStock": 83148008, "retainedEarnings": 137042822, "capitalSurplus": 203886000, "totalStockholderEquity": 424076830, "netTangibleAssets": 419537282}, {"maxAge": 1, "endDate": "2016-03-31", "cash": 14177116, "netReceivables": 1289722307, "inventory": 342856472, "otherCurrentAssets": 153595671, "totalCurrentAssets": 1800351566, "longTermInvestments": 200000, "propertyPlantEquipment": 221429491, "intangibleAssets": 7655442, "otherAssets": 28508132, "totalAssets": 2058144631, "accountsPayable": 825433945, "otherCurrentLiab": 21956367, "longTermDebt": 35701112, "otherLiab": 116410709, "totalCurrentLiabilities": 1499306019, "totalLiab": 1651417840, "commonStock": 83148009, "treasuryStock": 119692782, "capitalSurplus": 203886000, "otherStockholderEquity": 119692782, "totalStockholderEquity": 406726791, "netTangibleAssets": 399071349}], "maxAge": 86400}, "financialData": {"maxAge": 86400, "currentPrice": 361.35, "recommendationKey": "none", "grossProfits": -6597000, "financialCurrency": "INR"}}}