{"PTL.BO": {"recommendationTrend": {"trend": [{"period": "0m", "strongBuy": 0, "buy": 0, "hold": 0, "sell": 0, "strongSell": 0}, {"period": "-1m", "strongBuy": 0, "buy": 0, "hold": 0, "sell": 0, "strongSell": 0}, {"period": "-2m", "strongBuy": 0, "buy": 0, "hold": 0, "sell": 0, "strongSell": 0}, {"period": "-3m", "strongBuy": 0, "buy": 0, "hold": 0, "sell": 0, "strongSell": 0}], "maxAge": 86400}, "cashflowStatementHistory": {"cashflowStatements": [{"maxAge": 1, "endDate": "2020-03-31", "netIncome": 439357000, "depreciation": 12483000, "changeToNetincome": -5366000, "changeToLiabilities": -447000, "changeToOperatingActivities": 16240000, "totalCashFromOperatingActivities": 462267000, "capitalExpenditures": -82328000, "investments": -20000000, "otherCashflowsFromInvestingActivities": 29262000, "totalCashflowsFromInvestingActivities": -66803000, "dividendsPaid": -330942000, "netBorrowings": -405000, "otherCashflowsFromFinancingActivities": -68026000, "totalCashFromFinancingActivities": -399373000, "changeInCash": -3909000}, {"maxAge": 1, "endDate": "2019-03-31", "netIncome": 398534000, "depreciation": 12134000, "changeToNetincome": -32054000, "changeToLiabilities": 92000, "changeToOperatingActivities": 44525000, "totalCashFromOperatingActivities": 423231000, "capitalExpenditures": -37345000, "investments": -418300000, "otherCashflowsFromInvestingActivities": 19700000, "totalCashflowsFromInvestingActivities": -430780000, "dividendsPaid": -132377000, "netBorrowings": -405000, "otherCashflowsFromFinancingActivities": -27210000, "totalCashFromFinancingActivities": -159587000, "changeInCash": -167136000}, {"maxAge": 1, "endDate": "2018-03-31", "netIncome": 458339000, "depreciation": 11853000, "changeToNetincome": -90240000, "changeToLiabilities": -28476000, "changeToOperatingActivities": 123829000, "totalCashFromOperatingActivities": 475305000, "capitalExpenditures": -18877000, "investments": -399708000, "otherCashflowsFromInvestingActivities": 13874000, "totalCashflowsFromInvestingActivities": -351928000, "dividendsPaid": -82736000, "netBorrowings": -405000, "otherCashflowsFromFinancingActivities": -16843000, "totalCashFromFinancingActivities": -99579000, "changeInCash": 23798000}, {"maxAge": 1, "endDate": "2017-03-31", "netIncome": 302901000, "depreciation": 9418000, "changeToNetincome": -101629000, "changeToLiabilities": -16273000, "changeToOperatingActivities": 56013000, "totalCashFromOperatingActivities": 250430000, "capitalExpenditures": -65174000, "investments": -399708000, "otherCashflowsFromInvestingActivities": 7981000, "totalCashflowsFromInvestingActivities": -55790000, "dividendsPaid": -68553000, "netBorrowings": -405000, "otherCashflowsFromFinancingActivities": 16319000, "totalCashFromFinancingActivities": -52234000, "changeInCash": 142407000}], "maxAge": 86400}, "institutionOwnership": {"ownershipList": [], "maxAge": 1}, "balanceSheetHistoryQuarterly": {"balanceSheetStatements": [{"maxAge": 1, "endDate": "2020-06-30", "totalStockholderEquity": 4471176000, "netTangibleAssets": 4471176000}, {"maxAge": 1, "endDate": "2020-03-31", "cash": 2810000, "shortTermInvestments": 20000000, "netReceivables": 2796000, "otherCurrentAssets": 21141000, "totalCurrentAssets": 50693000, "longTermInvestments": 272750000, "propertyPlantEquipment": 6043274000, "otherAssets": 116223000, "totalAssets": 6482940000, "accountsPayable": 2034000, "otherCurrentLiab": 144054000, "otherLiab": 1818008000, "totalCurrentLiabilities": 192805000, "totalLiab": 2011764000, "commonStock": 132377000, "retainedEarnings": 1868677000, "treasuryStock": 2470122000, "otherStockholderEquity": 2470122000, "totalStockholderEquity": 4471176000, "netTangibleAssets": 4471176000}, {"maxAge": 1, "endDate": "2019-12-31", "totalStockholderEquity": 4765040000, "netTangibleAssets": 4765040000}, {"maxAge": 1, "endDate": "2019-09-30", "cash": 43480000, "netReceivables": 7315000, "otherCurrentAssets": 2840000, "totalCurrentAssets": 53635000, "longTermInvestments": 623978000, "propertyPlantEquipment": 6003943000, "otherAssets": 119573000, "totalAssets": 6801129000, "accountsPayable": 2359000, "otherCurrentLiab": 178155000, "otherLiab": 1852043000, "totalCurrentLiabilities": 184046000, "totalLiab": 2036089000, "commonStock": 132377000, "treasuryStock": 4632663000, "otherStockholderEquity": 4632663000, "totalStockholderEquity": 4765040000, "netTangibleAssets": 4765040000}], "maxAge": 86400}, "earningsHistory": {"history": [{"maxAge": 1, "epsActual": {}, "epsEstimate": {}, "epsDifference": {}, "surprisePercent": {}, "quarter": {}, "period": "-4q"}, {"maxAge": 1, "epsActual": {}, "epsEstimate": {}, "epsDifference": {}, "surprisePercent": {}, "quarter": {}, "period": "-3q"}, {"maxAge": 1, "epsActual": {}, "epsEstimate": {}, "epsDifference": {}, "surprisePercent": {}, "quarter": {}, "period": "-2q"}, {"maxAge": 1, "epsActual": 1.6, "epsEstimate": 1.56, "epsDifference": 0.04, "surprisePercent": 0.025999999, "quarter": "2018-06-30", "period": "-1q"}], "maxAge": 86400}, "indexTrend": {"maxAge": 1, "symbol": "SP5", "peRatio": 19.7411, "pegRatio": 1.34172, "estimates": [{"period": "0q", "growth": 0.549}, {"period": "+1q", "growth": 0.431}, {"period": "0y", "growth": 0.305}, {"period": "+1y", "growth": 0.109}, {"period": "+5y", "growth": 0.120865}, {"period": "-5y"}]}, "industryTrend": {"maxAge": 1, "symbol": null, "estimates": []}, "insiderTransactions": {"transactions": [{"maxAge": 1, "shares": 46212899, "filerUrl": "", "transactionText": "", "filerName": "Constructive Finance Pvt Ltd", "filerRelation": "Promoter", "moneyText": "", "startDate": "2017-03-30", "ownership": "D"}, {"maxAge": 1, "shares": 46212899, "filerUrl": "", "transactionText": "", "filerName": "Sunrays Properties & Investment Company Pvt Ltd", "filerRelation": "Promoter", "moneyText": "", "startDate": "2017-03-30", "ownership": "D"}, {"maxAge": 1, "shares": 13195324, "filerUrl": "", "transactionText": "", "filerName": "Constructive Finance Pvt Ltd", "filerRelation": "Promoter", "moneyText": "", "startDate": "2017-03-20", "ownership": "D"}, {"maxAge": 1, "shares": 13195324, "filerUrl": "", "transactionText": "", "filerName": "Sunrays Properties & Investment Company Pvt Ltd", "filerRelation": "Institution- Corporation", "moneyText": "", "startDate": "2017-03-20", "ownership": "D"}, {"maxAge": 1, "shares": 1344912, "filerUrl": "", "transactionText": "", "filerName": "Sunrays Properties & Investment Company Pvt Ltd", "filerRelation": "Institution- Corporation", "moneyText": "", "startDate": "2010-08-02", "ownership": "D"}], "maxAge": 1}, "quoteType": {"exchange": "BSE", "quoteType": "EQUITY", "symbol": "PTL.BO", "underlyingSymbol": "PTL.BO", "shortName": "PTL ENTERPRISES LTD.", "longName": "PTL Enterprises Limited", "firstTradeDateEpochUtc": "2002-06-12 09:15:00", "timeZoneFullName": "Asia/Kolkata", "timeZoneShortName": "IST", "uuid": "ca7e7a72-5513-3c66-915c-d96edfa3d3d3", "gmtOffSetMilliseconds": 19800000, "maxAge": 1}, "incomeStatementHistory": {"incomeStatementHistory": [{"maxAge": 1, "endDate": "2020-03-31", "totalRevenue": 632303000, "costOfRevenue": 128000, "grossProfit": 632175000, "researchDevelopment": {}, "sellingGeneralAdministrative": 22147000, "nonRecurring": {}, "otherOperatingExpenses": 31921000, "totalOperatingExpenses": 66679000, "operatingIncome": 565624000, "totalOtherIncomeExpenseNet": 14431000, "ebit": 565624000, "interestExpense": -21189000, "incomeBeforeTax": 580055000, "incomeTaxExpense": 140698000, "minorityInterest": {}, "netIncomeFromContinuingOps": 439357000, "discontinuedOperations": {}, "extraordinaryItems": {}, "effectOfAccountingCharges": {}, "otherItems": {}, "netIncome": 439357000, "netIncomeApplicableToCommonShares": 439357000}, {"maxAge": 1, "endDate": "2019-03-31", "totalRevenue": 632215000, "costOfRevenue": 130000, "grossProfit": 632085000, "researchDevelopment": {}, "sellingGeneralAdministrative": 25348000, "nonRecurring": {}, "otherOperatingExpenses": 21902000, "totalOperatingExpenses": 59514000, "operatingIncome": 572701000, "totalOtherIncomeExpenseNet": 39062000, "ebit": 572701000, "interestExpense": -19174000, "incomeBeforeTax": 582645000, "incomeTaxExpense": 184111000, "minorityInterest": {}, "netIncomeFromContinuingOps": 398534000, "discontinuedOperations": {}, "extraordinaryItems": {}, "effectOfAccountingCharges": {}, "otherItems": {}, "netIncome": 398534000, "netIncomeApplicableToCommonShares": 398534000}, {"maxAge": 1, "endDate": "2018-03-31", "totalRevenue": 602642000, "costOfRevenue": 556000, "grossProfit": 602086000, "researchDevelopment": {}, "sellingGeneralAdministrative": 9890000, "nonRecurring": {}, "otherOperatingExpenses": 25268000, "totalOperatingExpenses": 47567000, "operatingIncome": 555075000, "totalOtherIncomeExpenseNet": 50665000, "ebit": 555075000, "interestExpense": -61365000, "incomeBeforeTax": 605740000, "incomeTaxExpense": 147401000, "minorityInterest": {}, "netIncomeFromContinuingOps": 458339000, "discontinuedOperations": {}, "extraordinaryItems": {}, "effectOfAccountingCharges": {}, "otherItems": {}, "netIncome": 458339000, "netIncomeApplicableToCommonShares": 458339000}, {"maxAge": 1, "endDate": "2017-03-31", "totalRevenue": 534658000, "costOfRevenue": 0, "grossProfit": 534658000, "researchDevelopment": {}, "sellingGeneralAdministrative": 23066000, "nonRecurring": {}, "otherOperatingExpenses": 27812000, "totalOperatingExpenses": 59647000, "operatingIncome": 475011000, "totalOtherIncomeExpenseNet": -8414000, "ebit": 475011000, "interestExpense": -29793000, "incomeBeforeTax": 466597000, "incomeTaxExpense": 163696000, "minorityInterest": {}, "netIncomeFromContinuingOps": 302901000, "discontinuedOperations": {}, "extraordinaryItems": {}, "effectOfAccountingCharges": {}, "otherItems": {}, "netIncome": 302901000, "netIncomeApplicableToCommonShares": 302901000}], "maxAge": 86400}, "fundOwnership": {"ownershipList": [], "maxAge": 1}, "summaryDetail": {"maxAge": 1, "priceHint": 2, "previousClose": 36.0, "open": 36.15, "dayLow": 36.0, "dayHigh": 36.4, "regularMarketPreviousClose": 36.0, "regularMarketOpen": 36.15, "regularMarketDayLow": 36.0, "regularMarketDayHigh": 36.4, "trailingPE": 3.0995104, "forwardPE": 4.042553, "volume": 14605, "regularMarketVolume": 14605, "averageVolume": 13155, "averageVolume10days": 8081, "averageDailyVolume10Day": 8081, "bid": 36.1, "ask": 39.0, "bidSize": 0, "askSize": 0, "marketCap": 2389404672, "fiftyTwoWeekLow": 23.0, "fiftyTwoWeekHigh": 50.65, "fiftyDayAverage": 44.36515, "twoHundredDayAverage": 41.452206, "trailingAnnualDividendRate": 2.5, "trailingAnnualDividendYield": 0.06944445, "currency": "INR", "fromCurrency": null, "lastMarket": null, "algorithm": null, "tradeable": false}, "sectorTrend": {"maxAge": 1, "symbol": null, "estimates": []}, "incomeStatementHistoryQuarterly": {"incomeStatementHistory": [{"maxAge": 1, "endDate": "2020-06-30", "totalRevenue": 158032000, "costOfRevenue": 0, "grossProfit": 158032000, "researchDevelopment": {}, "sellingGeneralAdministrative": 6452000, "nonRecurring": {}, "otherOperatingExpenses": 8237000, "totalOperatingExpenses": 18462000, "operatingIncome": 139570000, "totalOtherIncomeExpenseNet": 339774000, "ebit": 139570000, "interestExpense": -9344000, "incomeBeforeTax": 479344000, "incomeTaxExpense": 48085000, "minorityInterest": {}, "netIncomeFromContinuingOps": 431259000, "discontinuedOperations": {}, "extraordinaryItems": {}, "effectOfAccountingCharges": {}, "otherItems": {}, "netIncome": 431259000, "netIncomeApplicableToCommonShares": 431259000}, {"maxAge": 1, "endDate": "2020-03-31", "totalRevenue": 158031000, "costOfRevenue": 128000, "grossProfit": 157903000, "researchDevelopment": {}, "sellingGeneralAdministrative": 5977000, "nonRecurring": {}, "otherOperatingExpenses": 9060000, "totalOperatingExpenses": 18491000, "operatingIncome": 139540000, "totalOtherIncomeExpenseNet": 6691000, "ebit": 139540000, "interestExpense": -5444000, "incomeBeforeTax": 146231000, "incomeTaxExpense": 33341000, "minorityInterest": {}, "netIncomeFromContinuingOps": 112890000, "discontinuedOperations": {}, "extraordinaryItems": {}, "effectOfAccountingCharges": {}, "otherItems": {}, "netIncome": 112890000, "netIncomeApplicableToCommonShares": 112890000}, {"maxAge": 1, "endDate": "2019-12-31", "totalRevenue": 158120000, "costOfRevenue": 0, "grossProfit": 158120000, "researchDevelopment": {}, "sellingGeneralAdministrative": 6684000, "nonRecurring": {}, "otherOperatingExpenses": 7091000, "totalOperatingExpenses": 16876000, "operatingIncome": 141244000, "totalOtherIncomeExpenseNet": 2768000, "ebit": 141244000, "interestExpense": -5385000, "incomeBeforeTax": 144012000, "incomeTaxExpense": 36597000, "minorityInterest": {}, "netIncomeFromContinuingOps": 107415000, "discontinuedOperations": {}, "extraordinaryItems": {}, "effectOfAccountingCharges": {}, "otherItems": {}, "netIncome": 107415000, "netIncomeApplicableToCommonShares": 107415000}, {"maxAge": 1, "endDate": "2019-09-30", "totalRevenue": 158120000, "costOfRevenue": 0, "grossProfit": 158120000, "researchDevelopment": {}, "sellingGeneralAdministrative": 3872000, "nonRecurring": {}, "otherOperatingExpenses": 9098000, "totalOperatingExpenses": 16004000, "operatingIncome": 142116000, "totalOtherIncomeExpenseNet": 6316000, "ebit": 142116000, "interestExpense": -5266000, "incomeBeforeTax": 148432000, "incomeTaxExpense": 29187000, "minorityInterest": {}, "netIncomeFromContinuingOps": 119245000, "discontinuedOperations": {}, "extraordinaryItems": {}, "effectOfAccountingCharges": {}, "otherItems": {}, "netIncome": 119245000, "netIncomeApplicableToCommonShares": 119245000}], "maxAge": 86400}, "cashflowStatementHistoryQuarterly": {"cashflowStatements": [{"maxAge": 1, "endDate": "2020-06-30", "netIncome": 431259000, "changeToLiabilities": 0}, {"maxAge": 1, "endDate": "2020-03-31", "netIncome": 112890000, "changeToLiabilities": 0}, {"maxAge": 1, "endDate": "2019-12-31", "netIncome": 107415000, "changeToLiabilities": 0}, {"maxAge": 1, "endDate": "2019-09-30", "netIncome": 119245000, "changeToLiabilities": 0}], "maxAge": 86400}, "insiderHolders": {"holders": [{"maxAge": 1, "name": "Constructive Finance Pvt Ltd", "relation": "Promoter", "url": "", "transactionDescription": "Other", "latestTransDate": "2017-03-30", "positionDirect": 0, "positionDirectDate": "2017-03-30"}, {"maxAge": 1, "name": "Sunrays Properties & Investment Company Pvt Ltd", "relation": "Promoter", "url": "", "transactionDescription": "Other", "latestTransDate": "2017-03-30", "positionDirect": 46212899, "positionDirectDate": "2017-03-30"}], "maxAge": 1}, "earnings": {"maxAge": 86400, "earningsChart": {"quarterly": [{"date": "2Q2018", "actual": 1.6, "estimate": 1.56}], "currentQuarterEstimateDate": "3Q", "currentQuarterEstimateYear": 2018, "earningsDate": ["2020-11-14 05:30:S", "2020-11-15 05:30:S"]}, "financialsChart": {"yearly": [{"date": 2017, "revenue": 534658000, "earnings": 302901000}, {"date": 2018, "revenue": 602642000, "earnings": 458339000}, {"date": 2019, "revenue": 632215000, "earnings": 398534000}, {"date": 2020, "revenue": 632303000, "earnings": 439357000}], "quarterly": [{"date": "3Q2019", "revenue": 158120000, "earnings": 119245000}, {"date": "4Q2019", "revenue": 158120000, "earnings": 107415000}, {"date": "1Q2020", "revenue": 158031000, "earnings": 112890000}, {"date": "2Q2020", "revenue": 158032000, "earnings": 431259000}]}, "financialCurrency": "INR"}, "calendarEvents": {"maxAge": 1, "earnings": {"earningsDate": ["2020-11-14 05:30:S", "2020-11-15 05:30:S"], "revenueAverage": 183183000}}, "upgradeDowngradeHistory": {"history": [], "maxAge": 86400}, "price": {"maxAge": 1, "regularMarketChangePercent": 0.0027777357, "regularMarketChange": 0.099998474, "regularMarketTime": "2021-04-30 15:49:12", "priceHint": 2, "regularMarketPrice": 36.1, "regularMarketDayHigh": 36.4, "regularMarketDayLow": 36.0, "regularMarketVolume": 14605, "averageDailyVolume10Day": 8081, "averageDailyVolume3Month": 13155, "regularMarketPreviousClose": 36.0, "regularMarketSource": "FREE_REALTIME", "regularMarketOpen": 36.15, "exchange": "BSE", "exchangeName": "BSE", "exchangeDataDelayedBy": 0, "marketState": "CLOSED", "quoteType": "EQUITY", "symbol": "PTL.BO", "underlyingSymbol": null, "shortName": "PTL ENTERPRISES LTD.", "longName": "PTL Enterprises Limited", "currency": "INR", "quoteSourceName": "Delayed Quote", "currencySymbol": "\u20b9", "fromCurrency": null, "lastMarket": null, "marketCap": 2389404672}, "balanceSheetHistory": {"balanceSheetStatements": [{"maxAge": 1, "endDate": "2020-03-31", "cash": 2810000, "shortTermInvestments": 20000000, "netReceivables": 2796000, "otherCurrentAssets": 21141000, "totalCurrentAssets": 50693000, "longTermInvestments": 272750000, "propertyPlantEquipment": 6043274000, "otherAssets": 116223000, "totalAssets": 6482940000, "accountsPayable": 2034000, "otherCurrentLiab": 144054000, "otherLiab": 1818008000, "totalCurrentLiabilities": 192805000, "totalLiab": 2011764000, "commonStock": 132377000, "retainedEarnings": 1868677000, "treasuryStock": 2470122000, "otherStockholderEquity": 2470122000, "totalStockholderEquity": 4471176000, "netTangibleAssets": 4471176000}, {"maxAge": 1, "endDate": "2019-03-31", "cash": 6719000, "netReceivables": 3706000, "otherCurrentAssets": 9346000, "totalCurrentAssets": 19946000, "longTermInvestments": 765157000, "propertyPlantEquipment": 5965645000, "otherAssets": 156321000, "totalAssets": 6907069000, "accountsPayable": 2481000, "otherCurrentLiab": 117168000, "otherLiab": 1859306000, "totalCurrentLiabilities": 168846000, "totalLiab": 2028152000, "commonStock": 132377000, "retainedEarnings": 1841702000, "treasuryStock": 2904838000, "otherStockholderEquity": 2904838000, "totalStockholderEquity": 4878917000, "netTangibleAssets": 4878917000}, {"maxAge": 1, "endDate": "2018-03-31", "cash": 173855000, "netReceivables": 4021000, "otherCurrentAssets": 8070000, "totalCurrentAssets": 186090000, "longTermInvestments": 429439000, "propertyPlantEquipment": 5947792000, "otherAssets": 140140000, "totalAssets": 6703461000, "accountsPayable": 38703000, "otherCurrentLiab": 50873000, "otherLiab": 1845172000, "totalCurrentLiabilities": 137839000, "totalLiab": 1983011000, "commonStock": 132377000, "retainedEarnings": 1628491000, "treasuryStock": 2959582000, "otherStockholderEquity": 2959582000, "totalStockholderEquity": 4720450000, "netTangibleAssets": 4720450000}, {"maxAge": 1, "endDate": "2017-03-31", "cash": 150057000, "netReceivables": 3295000, "inventory": 552000, "otherCurrentAssets": 147059000, "totalCurrentAssets": 301080000, "longTermInvestments": 11000, "propertyPlantEquipment": 5993119000, "otherAssets": 10740000, "totalAssets": 6304950000, "accountsPayable": 66431000, "otherCurrentLiab": 54853000, "otherLiab": 1763181000, "totalCurrentLiabilities": 183230000, "totalLiab": 1946411000, "commonStock": 132377000, "retainedEarnings": 1267048000, "treasuryStock": 2959114000, "otherStockholderEquity": 2959114000, "totalStockholderEquity": 4358539000, "netTangibleAssets": 4358539000}], "maxAge": 86400}, "earningsTrend": {"trend": [{"maxAge": 1, "period": "0q", "endDate": "2018-09-30", "growth": {}, "earningsEstimate": {"avg": 0.0, "low": 0.0, "high": 0.0, "yearAgoEps": {}, "numberOfAnalysts": 0, "growth": {}}, "revenueEstimate": {"avg": 183183000, "low": 0, "high": 0, "numberOfAnalysts": 0, "yearAgoRevenue": 382400000, "growth": -0.52099997}, "epsTrend": {"current": 0.0, "7daysAgo": 0.0, "30daysAgo": 0.0, "60daysAgo": 0.0, "90daysAgo": 0.0}, "epsRevisions": {"upLast7days": 0, "upLast30days": 0, "downLast30days": 0, "downLast90days": {}}}, {"maxAge": 1, "period": "+1q", "endDate": "2018-12-31", "growth": {}, "earningsEstimate": {"avg": 0.0, "low": 0.0, "high": 0.0, "yearAgoEps": {}, "numberOfAnalysts": 0, "growth": {}}, "revenueEstimate": {"avg": 0, "low": 0, "high": 0, "numberOfAnalysts": 0, "yearAgoRevenue": {}, "growth": {}}, "epsTrend": {"current": 0.0, "7daysAgo": 0.0, "30daysAgo": 0.0, "60daysAgo": 0.0, "90daysAgo": 0.0}, "epsRevisions": {"upLast7days": 0, "upLast30days": 0, "downLast30days": 0, "downLast90days": {}}}, {"maxAge": 1, "period": "0y", "endDate": "2019-03-31", "growth": {}, "earningsEstimate": {"avg": 0.0, "low": 0.0, "high": 0.0, "yearAgoEps": {}, "numberOfAnalysts": 0, "growth": {}}, "revenueEstimate": {"avg": 690030000, "low": 690030000, "high": 690030000, "numberOfAnalysts": 1, "yearAgoRevenue": 835559000, "growth": -0.174}, "epsTrend": {"current": 0.0, "7daysAgo": 7.75, "30daysAgo": 7.75, "60daysAgo": 7.75, "90daysAgo": 7.75}, "epsRevisions": {"upLast7days": 0, "upLast30days": 0, "downLast30days": 0, "downLast90days": {}}}, {"maxAge": 1, "period": "+1y", "endDate": "2020-03-31", "growth": {}, "earningsEstimate": {"avg": 0.0, "low": 0.0, "high": 0.0, "yearAgoEps": {}, "numberOfAnalysts": 0, "growth": {}}, "revenueEstimate": {"avg": 788010000, "low": 788010000, "high": 788010000, "numberOfAnalysts": 1, "yearAgoRevenue": 690030000, "growth": 0.142}, "epsTrend": {"current": 0.0, "7daysAgo": 8.93, "30daysAgo": 8.93, "60daysAgo": 8.93, "90daysAgo": 8.93}, "epsRevisions": {"upLast7days": 0, "upLast30days": 0, "downLast30days": 0, "downLast90days": {}}}, {"maxAge": 1, "period": "+5y", "endDate": null, "growth": {}, "earningsEstimate": {"avg": {}, "low": {}, "high": {}, "yearAgoEps": {}, "numberOfAnalysts": {}, "growth": {}}, "revenueEstimate": {"avg": {}, "low": {}, "high": {}, "numberOfAnalysts": {}, "yearAgoRevenue": {}, "growth": {}}, "epsTrend": {"current": {}, "7daysAgo": {}, "30daysAgo": {}, "60daysAgo": {}, "90daysAgo": {}}, "epsRevisions": {"upLast7days": {}, "upLast30days": {}, "downLast30days": {}, "downLast90days": {}}}, {"maxAge": 1, "period": "-5y", "endDate": null, "growth": {}, "earningsEstimate": {"avg": {}, "low": {}, "high": {}, "yearAgoEps": {}, "numberOfAnalysts": {}, "growth": {}}, "revenueEstimate": {"avg": {}, "low": {}, "high": {}, "numberOfAnalysts": {}, "yearAgoRevenue": {}, "growth": {}}, "epsTrend": {"current": {}, "7daysAgo": {}, "30daysAgo": {}, "60daysAgo": {}, "90daysAgo": {}}, "epsRevisions": {"upLast7days": {}, "upLast30days": {}, "downLast30days": {}, "downLast90days": {}}}], "maxAge": 1}, "financialData": {"maxAge": 86400, "currentPrice": 36.1, "recommendationKey": "none", "grossProfits": 632175000, "financialCurrency": "INR"}}}