{"PUNJCOMMU.BO": {"recommendationTrend": {"trend": [{"period": "0m", "strongBuy": 0, "buy": 0, "hold": 0, "sell": 0, "strongSell": 0}, {"period": "-1m", "strongBuy": 0, "buy": 0, "hold": 0, "sell": 0, "strongSell": 0}, {"period": "-2m", "strongBuy": 0, "buy": 0, "hold": 0, "sell": 0, "strongSell": 0}, {"period": "-3m", "strongBuy": 0, "buy": 0, "hold": 0, "sell": 0, "strongSell": 0}], "maxAge": 86400}, "cashflowStatementHistory": {"cashflowStatements": [{"maxAge": 1, "endDate": "2020-03-31", "netIncome": -114304000, "depreciation": 4402000, "changeToNetincome": -58120000, "changeToAccountReceivables": 34833000, "changeToLiabilities": -37850000, "changeToInventory": 42802000, "changeToOperatingActivities": 23019000, "totalCashFromOperatingActivities": -105218000, "capitalExpenditures": -930000, "investments": 58896000, "otherCashflowsFromInvestingActivities": 84479000, "totalCashflowsFromInvestingActivities": 143984000, "netBorrowings": 3860000, "otherCashflowsFromFinancingActivities": -535000, "totalCashFromFinancingActivities": 3325000, "changeInCash": 42093000}, {"maxAge": 1, "endDate": "2019-03-31", "netIncome": -27019000, "depreciation": 5462000, "changeToNetincome": -82368000, "changeToAccountReceivables": -88199000, "changeToLiabilities": 27652000, "changeToInventory": -11516000, "changeToOperatingActivities": 126721000, "totalCashFromOperatingActivities": -49267000, "capitalExpenditures": -2152000, "investments": -48198000, "otherCashflowsFromInvestingActivities": 93637000, "totalCashflowsFromInvestingActivities": 39980000, "netBorrowings": -18882000, "otherCashflowsFromFinancingActivities": -3169000, "totalCashFromFinancingActivities": -22051000, "changeInCash": -31340000}, {"maxAge": 1, "endDate": "2018-03-31", "netIncome": -48314000, "depreciation": 6088000, "changeToNetincome": -61188000, "changeToAccountReceivables": -35329000, "changeToLiabilities": -12672000, "changeToInventory": 8591000, "changeToOperatingActivities": 4546000, "totalCashFromOperatingActivities": -138278000, "capitalExpenditures": -5963000, "investments": 78465000, "otherCashflowsFromInvestingActivities": 85783000, "totalCashflowsFromInvestingActivities": 157505000, "netBorrowings": 13899000, "otherCashflowsFromFinancingActivities": -991000, "totalCashFromFinancingActivities": 12908000, "changeInCash": 32135000}, {"maxAge": 1, "endDate": "2017-03-31", "netIncome": -62867000, "depreciation": 5265000, "changeToNetincome": -72191000, "changeToAccountReceivables": -9816000, "changeToLiabilities": 4321000, "changeToInventory": -37816000, "changeToOperatingActivities": 52775000, "totalCashFromOperatingActivities": -120329000, "capitalExpenditures": -5535000, "investments": 29268000, "otherCashflowsFromInvestingActivities": 89147000, "totalCashflowsFromInvestingActivities": 104140000, "netBorrowings": 5005000, "otherCashflowsFromFinancingActivities": -479000, "totalCashFromFinancingActivities": 4526000, "changeInCash": -11663000}], "maxAge": 86400}, "institutionOwnership": {"maxAge": 1, "ownershipList": []}, "balanceSheetHistoryQuarterly": {"balanceSheetStatements": [{"maxAge": 1, "endDate": "2020-06-30", "totalStockholderEquity": 582669000, "netTangibleAssets": 582669000}, {"maxAge": 1, "endDate": "2020-03-31", "cash": 52356000, "shortTermInvestments": 592573000, "netReceivables": 263304000, "inventory": 85937000, "otherCurrentAssets": 45357000, "totalCurrentAssets": 1039527000, "longTermInvestments": 72304000, "propertyPlantEquipment": 42027000, "otherAssets": 56494000, "totalAssets": 1210352000, "accountsPayable": 126937000, "otherCurrentLiab": 411979000, "otherLiab": 64204000, "totalCurrentLiabilities": 563479000, "totalLiab": 627683000, "commonStock": 120236000, "retainedEarnings": -268793000, "treasuryStock": 40323000, "capitalSurplus": 690903000, "otherStockholderEquity": 40323000, "totalStockholderEquity": 582669000, "netTangibleAssets": 582669000}, {"maxAge": 1, "endDate": "2019-12-31", "totalStockholderEquity": 641302000, "netTangibleAssets": 641302000}, {"maxAge": 1, "endDate": "2019-09-30", "cash": 569989000, "shortTermInvestments": 53511000, "netReceivables": 245907000, "inventory": 122876000, "otherCurrentAssets": 9528000, "totalCurrentAssets": 1001811000, "longTermInvestments": 144036000, "propertyPlantEquipment": 43608000, "otherAssets": 56396000, "totalAssets": 1245851000, "accountsPayable": 171174000, "otherCurrentLiab": 374004000, "otherLiab": 41661000, "totalCurrentLiabilities": 562888000, "totalLiab": 604549000, "commonStock": 120236000, "treasuryStock": 521066000, "otherStockholderEquity": 521066000, "totalStockholderEquity": 641302000, "netTangibleAssets": 641302000}], "maxAge": 86400}, "earningsHistory": {"history": [{"maxAge": 1, "epsActual": {}, "epsEstimate": {}, "epsDifference": {}, "surprisePercent": {}, "quarter": {}, "period": "-4q"}, {"maxAge": 1, "epsActual": {}, "epsEstimate": {}, "epsDifference": {}, "surprisePercent": {}, "quarter": {}, "period": "-3q"}, {"maxAge": 1, "epsActual": {}, "epsEstimate": {}, "epsDifference": {}, "surprisePercent": {}, "quarter": {}, "period": "-2q"}, {"maxAge": 1, "epsActual": {}, "epsEstimate": {}, "epsDifference": {}, "surprisePercent": {}, "quarter": {}, "period": "-1q"}], "maxAge": 86400}, "indexTrend": {"maxAge": 1, "symbol": "SP5", "peRatio": 19.7411, "pegRatio": 1.34172, "estimates": [{"period": "0q", "growth": 0.549}, {"period": "+1q", "growth": 0.431}, {"period": "0y", "growth": 0.305}, {"period": "+1y", "growth": 0.109}, {"period": "+5y", "growth": 0.120859005}, {"period": "-5y"}]}, "industryTrend": {"maxAge": 1, "symbol": null, "estimates": []}, "quoteType": {"exchange": "BSE", "quoteType": "EQUITY", "symbol": "PUNJCOMMU.BO", "underlyingSymbol": "PUNJCOMMU.BO", "shortName": "PUNJAB COMMUNICATIONS LTD.", "longName": "Punjab Communications Limited", "firstTradeDateEpochUtc": "2000-06-09 09:15:00", "timeZoneFullName": "Asia/Kolkata", "timeZoneShortName": "IST", "uuid": "1407715e-2f4b-33c4-9a56-f4e8f3b85991", "messageBoardId": null, "gmtOffSetMilliseconds": 19800000, "maxAge": 1}, "incomeStatementHistory": {"incomeStatementHistory": [{"maxAge": 1, "endDate": "2020-03-31", "totalRevenue": 275985000, "costOfRevenue": 150573000, "grossProfit": 125412000, "researchDevelopment": {}, "sellingGeneralAdministrative": 270324000, "nonRecurring": {}, "otherOperatingExpenses": 19877000, "totalOperatingExpenses": 445177000, "operatingIncome": -169192000, "totalOtherIncomeExpenseNet": 54888000, "ebit": -169192000, "interestExpense": -214000, "incomeBeforeTax": -114304000, "incomeTaxExpense": 0, "minorityInterest": {}, "netIncomeFromContinuingOps": -114304000, "discontinuedOperations": {}, "extraordinaryItems": {}, "effectOfAccountingCharges": {}, "otherItems": {}, "netIncome": -114304000, "netIncomeApplicableToCommonShares": -114304000}, {"maxAge": 1, "endDate": "2019-03-31", "totalRevenue": 446605000, "costOfRevenue": 242630000, "grossProfit": 203975000, "researchDevelopment": {}, "sellingGeneralAdministrative": 249800000, "nonRecurring": {}, "otherOperatingExpenses": 27353000, "totalOperatingExpenses": 525246000, "operatingIncome": -78641000, "totalOtherIncomeExpenseNet": 51622000, "ebit": -78641000, "interestExpense": -2654000, "incomeBeforeTax": -27019000, "incomeTaxExpense": 0, "minorityInterest": {}, "netIncomeFromContinuingOps": -27019000, "discontinuedOperations": {}, "extraordinaryItems": {}, "effectOfAccountingCharges": {}, "otherItems": {}, "netIncome": -27019000, "netIncomeApplicableToCommonShares": -27019000}, {"maxAge": 1, "endDate": "2018-03-31", "totalRevenue": 379146000, "costOfRevenue": 194701000, "grossProfit": 184445000, "researchDevelopment": {}, "sellingGeneralAdministrative": 260698000, "nonRecurring": {}, "otherOperatingExpenses": 14805000, "totalOperatingExpenses": 476292000, "operatingIncome": -97146000, "totalOtherIncomeExpenseNet": 48832000, "ebit": -97146000, "interestExpense": -385000, "incomeBeforeTax": -48314000, "incomeTaxExpense": 0, "minorityInterest": {}, "netIncomeFromContinuingOps": -48314000, "discontinuedOperations": {}, "extraordinaryItems": {}, "effectOfAccountingCharges": {}, "otherItems": {}, "netIncome": -48314000, "netIncomeApplicableToCommonShares": -48401000}, {"maxAge": 1, "endDate": "2017-03-31", "totalRevenue": 279590000, "costOfRevenue": 139101000, "grossProfit": 140489000, "researchDevelopment": {}, "sellingGeneralAdministrative": 240096000, "nonRecurring": {}, "otherOperatingExpenses": 18869000, "totalOperatingExpenses": 403331000, "operatingIncome": -123741000, "totalOtherIncomeExpenseNet": 60874000, "ebit": -123741000, "interestExpense": -275000, "incomeBeforeTax": -62867000, "incomeTaxExpense": 0, "minorityInterest": {}, "netIncomeFromContinuingOps": -62867000, "discontinuedOperations": {}, "extraordinaryItems": {}, "effectOfAccountingCharges": {}, "otherItems": {}, "netIncome": -62867000, "netIncomeApplicableToCommonShares": -62867000}], "maxAge": 86400}, "fundOwnership": {"maxAge": 1, "ownershipList": []}, "summaryDetail": {"maxAge": 1, "priceHint": 2, "previousClose": 20.8, "open": 22.95, "dayLow": 20.3, "dayHigh": 22.95, "regularMarketPreviousClose": 20.8, "regularMarketOpen": 22.95, "regularMarketDayLow": 20.3, "regularMarketDayHigh": 22.95, "volume": 2074, "regularMarketVolume": 2074, "averageVolume": 2751, "averageVolume10days": 6517, "averageDailyVolume10Day": 6517, "bid": 21.05, "ask": 21.7, "bidSize": 0, "askSize": 0, "marketCap": 257305040, "fiftyTwoWeekLow": 9.0, "fiftyTwoWeekHigh": 36.75, "fiftyDayAverage": 23.304285, "twoHundredDayAverage": 25.246277, "currency": "INR", "fromCurrency": null, "toCurrency": null, "lastMarket": null, "algorithm": null, "tradeable": false}, "sectorTrend": {"maxAge": 1, "symbol": null, "estimates": []}, "incomeStatementHistoryQuarterly": {"incomeStatementHistory": [{"maxAge": 1, "endDate": "2020-06-30", "totalRevenue": 28754000, "costOfRevenue": 15017000, "grossProfit": 13737000, "researchDevelopment": {}, "sellingGeneralAdministrative": 63322000, "nonRecurring": {}, "otherOperatingExpenses": 6891000, "totalOperatingExpenses": 86330000, "operatingIncome": -57576000, "totalOtherIncomeExpenseNet": 21196000, "ebit": -57576000, "interestExpense": -63000, "incomeBeforeTax": -36380000, "incomeTaxExpense": 0, "minorityInterest": {}, "netIncomeFromContinuingOps": -36380000, "discontinuedOperations": {}, "extraordinaryItems": {}, "effectOfAccountingCharges": {}, "otherItems": {}, "netIncome": -36380000, "netIncomeApplicableToCommonShares": -36380000}, {"maxAge": 1, "endDate": "2020-03-31", "totalRevenue": 60872000, "costOfRevenue": 32966000, "grossProfit": 27906000, "researchDevelopment": {}, "sellingGeneralAdministrative": 71942000, "nonRecurring": {}, "otherOperatingExpenses": -21910000, "totalOperatingExpenses": 83872000, "operatingIncome": -23000000, "totalOtherIncomeExpenseNet": -7642000, "ebit": -23000000, "interestExpense": -63000, "incomeBeforeTax": -30642000, "incomeTaxExpense": 0, "minorityInterest": {}, "netIncomeFromContinuingOps": -30642000, "discontinuedOperations": {}, "extraordinaryItems": {}, "effectOfAccountingCharges": {}, "otherItems": {}, "netIncome": -30642000, "netIncomeApplicableToCommonShares": -30642000}, {"maxAge": 1, "endDate": "2019-12-31", "totalRevenue": 91446000, "costOfRevenue": 46612000, "grossProfit": 44834000, "researchDevelopment": {}, "sellingGeneralAdministrative": 71415000, "nonRecurring": {}, "otherOperatingExpenses": 16859000, "totalOperatingExpenses": 135900000, "operatingIncome": -44454000, "totalOtherIncomeExpenseNet": 23059000, "ebit": -44454000, "interestExpense": -79000, "incomeBeforeTax": -21395000, "incomeTaxExpense": 0, "minorityInterest": {}, "netIncomeFromContinuingOps": -21395000, "discontinuedOperations": {}, "extraordinaryItems": {}, "effectOfAccountingCharges": {}, "otherItems": {}, "netIncome": -21395000, "netIncomeApplicableToCommonShares": -21395000}, {"maxAge": 1, "endDate": "2019-09-30", "totalRevenue": 43228000, "costOfRevenue": 17994000, "grossProfit": 25234000, "researchDevelopment": {}, "sellingGeneralAdministrative": 66176000, "nonRecurring": {}, "otherOperatingExpenses": 13384000, "totalOperatingExpenses": 98816000, "operatingIncome": -55588000, "totalOtherIncomeExpenseNet": 18753000, "ebit": -55588000, "interestExpense": -328000, "incomeBeforeTax": -36835000, "incomeTaxExpense": 0, "minorityInterest": {}, "netIncomeFromContinuingOps": -36835000, "discontinuedOperations": {}, "extraordinaryItems": {}, "effectOfAccountingCharges": {}, "otherItems": {}, "netIncome": -36835000, "netIncomeApplicableToCommonShares": -36835000}], "maxAge": 86400}, "cashflowStatementHistoryQuarterly": {"cashflowStatements": [{"maxAge": 1, "endDate": "2020-06-30", "netIncome": -36380000, "changeToLiabilities": 0}, {"maxAge": 1, "endDate": "2020-03-31", "netIncome": -30642000, "changeToLiabilities": 0}, {"maxAge": 1, "endDate": "2019-12-31", "netIncome": -21395000, "changeToLiabilities": 0}, {"maxAge": 1, "endDate": "2019-09-30", "netIncome": -36835000, "changeToLiabilities": 0}], "maxAge": 86400}, "insiderHolders": {"holders": [], "maxAge": 1}, "earnings": {"maxAge": 86400, "earningsChart": {"quarterly": [], "earningsDate": []}, "financialsChart": {"yearly": [{"date": 2017, "revenue": 279590000, "earnings": -62867000}, {"date": 2018, "revenue": 379146000, "earnings": -48314000}, {"date": 2019, "revenue": 446605000, "earnings": -27019000}, {"date": 2020, "revenue": 275985000, "earnings": -114304000}], "quarterly": [{"date": "3Q2019", "revenue": 43228000, "earnings": -36835000}, {"date": "4Q2019", "revenue": 91446000, "earnings": -21395000}, {"date": "1Q2020", "revenue": 60872000, "earnings": -30642000}, {"date": "2Q2020", "revenue": 28754000, "earnings": -36380000}]}, "financialCurrency": "INR"}, "calendarEvents": {"maxAge": 1, "earnings": {"earningsDate": []}}, "price": {"maxAge": 1, "regularMarketChangePercent": 0.028846173, "regularMarketChange": 0.6000004, "regularMarketTime": "2021-04-30 15:17:07", "priceHint": 2, "regularMarketPrice": 21.4, "regularMarketDayHigh": 22.95, "regularMarketDayLow": 20.3, "regularMarketVolume": 2074, "averageDailyVolume10Day": 6517, "averageDailyVolume3Month": 2751, "regularMarketPreviousClose": 20.8, "regularMarketSource": "FREE_REALTIME", "regularMarketOpen": 22.95, "exchange": "BSE", "exchangeName": "BSE", "exchangeDataDelayedBy": 0, "marketState": "CLOSED", "quoteType": "EQUITY", "symbol": "PUNJCOMMU.BO", "underlyingSymbol": null, "shortName": "PUNJAB COMMUNICATIONS LTD.", "longName": "Punjab Communications Limited", "currency": "INR", "quoteSourceName": "Delayed Quote", "currencySymbol": "\u20b9", "fromCurrency": null, "toCurrency": null, "lastMarket": null, "marketCap": 257305040}, "balanceSheetHistory": {"balanceSheetStatements": [{"maxAge": 1, "endDate": "2020-03-31", "cash": 52356000, "shortTermInvestments": 592573000, "netReceivables": 263304000, "inventory": 85937000, "otherCurrentAssets": 45357000, "totalCurrentAssets": 1039527000, "longTermInvestments": 72304000, "propertyPlantEquipment": 42027000, "otherAssets": 56494000, "totalAssets": 1210352000, "accountsPayable": 126937000, "otherCurrentLiab": 411979000, "otherLiab": 64204000, "totalCurrentLiabilities": 563479000, "totalLiab": 627683000, "commonStock": 120236000, "retainedEarnings": -268793000, "treasuryStock": 40323000, "capitalSurplus": 690903000, "otherStockholderEquity": 40323000, "totalStockholderEquity": 582669000, "netTangibleAssets": 582669000}, {"maxAge": 1, "endDate": "2019-03-31", "cash": 10263000, "shortTermInvestments": 651761000, "netReceivables": 320968000, "inventory": 128739000, "otherCurrentAssets": 45489000, "totalCurrentAssets": 1157220000, "longTermInvestments": 72304000, "propertyPlantEquipment": 45398000, "otherAssets": 63856000, "totalAssets": 1338778000, "accountsPayable": 164786000, "otherCurrentLiab": 417602000, "otherLiab": 43358000, "totalCurrentLiabilities": 589100000, "totalLiab": 632458000, "commonStock": 120236000, "retainedEarnings": -145142000, "treasuryStock": 40323000, "capitalSurplus": 690903000, "otherStockholderEquity": 40323000, "totalStockholderEquity": 706320000, "netTangibleAssets": 706320000}, {"maxAge": 1, "endDate": "2018-03-31", "cash": 41603000, "shortTermInvestments": 495002000, "netReceivables": 216031000, "inventory": 117223000, "otherCurrentAssets": 47896000, "totalCurrentAssets": 917755000, "longTermInvestments": 170125000, "propertyPlantEquipment": 48599000, "otherAssets": 57617000, "totalAssets": 1194096000, "accountsPayable": 137135000, "otherCurrentLiab": 262438000, "otherLiab": 33714000, "totalCurrentLiabilities": 424599000, "totalLiab": 458313000, "commonStock": 120236000, "retainedEarnings": -115679000, "treasuryStock": 40323000, "capitalSurplus": 690903000, "otherStockholderEquity": 40323000, "totalStockholderEquity": 735783000, "netTangibleAssets": 735783000}, {"maxAge": 1, "endDate": "2017-03-31", "cash": 9468000, "shortTermInvestments": 531138000, "netReceivables": 191388000, "inventory": 125814000, "otherCurrentAssets": 52124000, "totalCurrentAssets": 909932000, "longTermInvestments": 216233000, "propertyPlantEquipment": 56639000, "otherAssets": 38281000, "totalAssets": 1221085000, "accountsPayable": 149805000, "otherCurrentLiab": 261219000, "otherLiab": 25566000, "totalCurrentLiabilities": 421538000, "totalLiab": 447104000, "commonStock": 120236000, "retainedEarnings": -77481000, "treasuryStock": 40323000, "capitalSurplus": 690903000, "otherStockholderEquity": 40323000, "totalStockholderEquity": 773981000, "netTangibleAssets": 773981000}], "maxAge": 86400}, "earningsTrend": {"trend": [{"maxAge": 1, "period": "0q", "endDate": null, "growth": {}, "earningsEstimate": {"avg": 0.0, "low": 0.0, "high": 0.0, "yearAgoEps": {}, "numberOfAnalysts": 0, "growth": {}}, "revenueEstimate": {"avg": 0, "low": 0, "high": 0, "numberOfAnalysts": 0, "yearAgoRevenue": {}, "growth": {}}, "epsTrend": {"current": 0.0, "7daysAgo": 0.0, "30daysAgo": 0.0, "60daysAgo": 0.0, "90daysAgo": 0.0}, "epsRevisions": {"upLast7days": 0, "upLast30days": 0, "downLast30days": 0, "downLast90days": {}}}, {"maxAge": 1, "period": "+1q", "endDate": null, "growth": {}, "earningsEstimate": {"avg": 0.0, "low": 0.0, "high": 0.0, "yearAgoEps": {}, "numberOfAnalysts": 0, "growth": {}}, "revenueEstimate": {"avg": 0, "low": 0, "high": 0, "numberOfAnalysts": 0, "yearAgoRevenue": {}, "growth": {}}, "epsTrend": {"current": 0.0, "7daysAgo": 0.0, "30daysAgo": 0.0, "60daysAgo": 0.0, "90daysAgo": 0.0}, "epsRevisions": {"upLast7days": 0, "upLast30days": 0, "downLast30days": 0, "downLast90days": {}}}, {"maxAge": 1, "period": "0y", "endDate": null, "growth": {}, "earningsEstimate": {"avg": 0.0, "low": 0.0, "high": 0.0, "yearAgoEps": {}, "numberOfAnalysts": 0, "growth": {}}, "revenueEstimate": {"avg": 0, "low": 0, "high": 0, "numberOfAnalysts": 0, "yearAgoRevenue": {}, "growth": {}}, "epsTrend": {"current": 0.0, "7daysAgo": 0.0, "30daysAgo": 0.0, "60daysAgo": 0.0, "90daysAgo": 0.0}, "epsRevisions": {"upLast7days": 0, "upLast30days": 0, "downLast30days": 0, "downLast90days": {}}}, {"maxAge": 1, "period": "+1y", "endDate": null, "growth": {}, "earningsEstimate": {"avg": 0.0, "low": 0.0, "high": 0.0, "yearAgoEps": {}, "numberOfAnalysts": 0, "growth": {}}, "revenueEstimate": {"avg": 0, "low": 0, "high": 0, "numberOfAnalysts": 0, "yearAgoRevenue": {}, "growth": {}}, "epsTrend": {"current": 0.0, "7daysAgo": 0.0, "30daysAgo": 0.0, "60daysAgo": 0.0, "90daysAgo": 0.0}, "epsRevisions": {"upLast7days": 0, "upLast30days": 0, "downLast30days": 0, "downLast90days": {}}}, {"maxAge": 1, "period": "+5y", "endDate": null, "growth": {}, "earningsEstimate": {"avg": {}, "low": {}, "high": {}, "yearAgoEps": {}, "numberOfAnalysts": {}, "growth": {}}, "revenueEstimate": {"avg": {}, "low": {}, "high": {}, "numberOfAnalysts": {}, "yearAgoRevenue": {}, "growth": {}}, "epsTrend": {"current": {}, "7daysAgo": {}, "30daysAgo": {}, "60daysAgo": {}, "90daysAgo": {}}, "epsRevisions": {"upLast7days": {}, "upLast30days": {}, "downLast30days": {}, "downLast90days": {}}}, {"maxAge": 1, "period": "-5y", "endDate": null, "growth": {}, "earningsEstimate": {"avg": {}, "low": {}, "high": {}, "yearAgoEps": {}, "numberOfAnalysts": {}, "growth": {}}, "revenueEstimate": {"avg": {}, "low": {}, "high": {}, "numberOfAnalysts": {}, "yearAgoRevenue": {}, "growth": {}}, "epsTrend": {"current": {}, "7daysAgo": {}, "30daysAgo": {}, "60daysAgo": {}, "90daysAgo": {}}, "epsRevisions": {"upLast7days": {}, "upLast30days": {}, "downLast30days": {}, "downLast90days": {}}}], "maxAge": 1}, "financialData": {"maxAge": 86400, "currentPrice": 21.4, "targetHighPrice": 40.0, "targetLowPrice": 40.0, "targetMeanPrice": 40.0, "targetMedianPrice": 40.0, "recommendationKey": "none", "numberOfAnalystOpinions": 1, "grossProfits": 125412000, "financialCurrency": "INR"}}}