{"PUNJABCHEM.NS": {"assetProfile": {"address1": "Oberoi Chambers ll", "address2": "Plot No. 645/646, 5th Floor New Link Road Andheri West", "city": "Mumbai", "zip": "400053", "country": "India", "phone": "91 22 2674 7900", "fax": "91 22 2673 6193", "website": "http://www.punjabchemicals.com", "industry": "Chemicals", "sector": "Basic Materials", "longBusinessSummary": "Punjab Chemicals and Crop Protection Limited manufactures and sells agrochemicals and specialty chemicals, and bulk drugs and its intermediates in India, Europe, Japan, and internationally. The company provides agrochemicals, such as herbicides, insecticides, and fungicides; pharmaceutical products, including APIs, intermediates, anti-oxidants, and intermediates for APIs; fine and specialty chemicals; basic and industrial chemicals; and phosphorus derivatives and phosphates. It also imports and sells chemicals; and offers contract manufacturing services for multinational companies. The company was founded in 1975 and is based in Mumbai, India.", "fullTimeEmployees": 1089, "companyOfficers": [{"maxAge": 1, "name": "Mr. Avtar  Singh", "age": 62, "title": "Director of Operations & Bus. Devel. and Whole Time Director", "yearBorn": 1958, "fiscalYear": 2020, "totalPay": 15072216, "exercisedValue": 0, "unexercisedValue": 0}, {"maxAge": 1, "name": "Mr. Punit Kumar Abrol C.S.", "title": "Sr. VP of Fin., Compliance Officer & Sec.", "fiscalYear": 2020, "totalPay": 7716000, "exercisedValue": 0, "unexercisedValue": 0}, {"maxAge": 1, "name": "Mr. Shalil Shashikumar Shroff", "age": 56, "title": "MD & Exec. Director", "yearBorn": 1964, "fiscalYear": 2020, "totalPay": 20664749, "exercisedValue": 0, "unexercisedValue": 0}, {"maxAge": 1, "name": "Mr. Jain  Prakash", "title": "Sr. VP of Works", "fiscalYear": 2020, "totalPay": 8245000, "exercisedValue": 0, "unexercisedValue": 0}, {"maxAge": 1, "name": "Mr. Vinod Kumar Gupta", "age": 49, "title": "Chief Exec. Officer", "yearBorn": 1971, "exercisedValue": 0, "unexercisedValue": 0}, {"maxAge": 1, "name": "Dr. Sriram  Swaminathan", "title": "Chief Financial Officer", "exercisedValue": 0, "unexercisedValue": 0}], "compensationAsOfEpochDate": "2020-12-31 05:30:00", "maxAge": 86400}, "cashflowStatementHistory": {"cashflowStatements": [{"maxAge": 1, "endDate": "2020-03-31", "netIncome": 107500000, "depreciation": 136500000, "changeToNetincome": 151900000, "changeToAccountReceivables": 153100000, "changeToLiabilities": -231600000, "changeToInventory": -58500000, "changeToOperatingActivities": 68800000, "totalCashFromOperatingActivities": 344700000, "capitalExpenditures": -266100000, "investments": -3700000, "otherCashflowsFromInvestingActivities": 75000000, "totalCashflowsFromInvestingActivities": -135200000, "dividendsPaid": -18400000, "netBorrowings": 7000000, "otherCashflowsFromFinancingActivities": -176000000, "totalCashFromFinancingActivities": -187400000, "effectOfExchangeRate": -13800000, "changeInCash": 8300000}, {"maxAge": 1, "endDate": "2019-03-31", "netIncome": 168000000, "depreciation": 164600000, "changeToNetincome": 300300000, "changeToAccountReceivables": -220900000, "changeToLiabilities": 47100000, "changeToInventory": -146000000, "changeToOperatingActivities": 350000000, "totalCashFromOperatingActivities": 684500000, "capitalExpenditures": -272400000, "investments": 400000, "otherCashflowsFromInvestingActivities": 52700000, "totalCashflowsFromInvestingActivities": -208900000, "dividendsPaid": -18400000, "netBorrowings": 198700000, "otherCashflowsFromFinancingActivities": -237100000, "totalCashFromFinancingActivities": -38400000, "effectOfExchangeRate": 10700000, "changeInCash": 447900000}, {"maxAge": 1, "endDate": "2018-03-31", "netIncome": 171800000, "depreciation": 122500000, "changeToNetincome": 139900000, "changeToAccountReceivables": 56400000, "changeToLiabilities": 372300000, "changeToInventory": -120400000, "changeToOperatingActivities": -145400000, "totalCashFromOperatingActivities": 614000000, "capitalExpenditures": -201400000, "investments": 100000, "otherCashflowsFromInvestingActivities": 53200000, "totalCashflowsFromInvestingActivities": -145800000, "dividendsPaid": -18400000, "netBorrowings": -274900000, "otherCashflowsFromFinancingActivities": -153700000, "totalCashFromFinancingActivities": -428600000, "effectOfExchangeRate": -32200000, "changeInCash": 5400000}, {"maxAge": 1, "endDate": "2017-03-31", "netIncome": -199300000, "depreciation": 138700000, "changeToNetincome": 303500000, "changeToAccountReceivables": 128100000, "changeToLiabilities": 212300000, "changeToInventory": -68300000, "changeToOperatingActivities": 87800000, "totalCashFromOperatingActivities": 624700000, "capitalExpenditures": -152400000, "investments": 200000, "otherCashflowsFromInvestingActivities": 64600000, "totalCashflowsFromInvestingActivities": -84200000, "dividendsPaid": -18400000, "netBorrowings": -349200000, "otherCashflowsFromFinancingActivities": -263100000, "totalCashFromFinancingActivities": -612300000, "effectOfExchangeRate": 36000000, "changeInCash": -35800000}], "maxAge": 86400}, "institutionOwnership": {"ownershipList": [], "maxAge": 1}, "majorHoldersBreakdown": {"maxAge": 1, "insidersPercentHeld": 0.73096, "institutionsPercentHeld": 0.0, "institutionsFloatPercentHeld": 0.0, "institutionsCount": 0}, "balanceSheetHistoryQuarterly": {"balanceSheetStatements": [{"maxAge": 1, "endDate": "2020-12-31", "totalStockholderEquity": 1176300000, "netTangibleAssets": 1152700000}, {"maxAge": 1, "endDate": "2020-09-30", "cash": 123300000, "shortTermInvestments": 248800000, "netReceivables": 648200000, "inventory": 800600000, "otherCurrentAssets": 173600000, "totalCurrentAssets": 1994500000, "longTermInvestments": 11800000, "propertyPlantEquipment": 1863900000, "intangibleAssets": 23600000, "otherAssets": 183600000, "deferredLongTermAssetCharges": 21100000, "totalAssets": 4077400000, "accountsPayable": 1050000000, "otherCurrentLiab": 956100000, "longTermDebt": 406000000, "otherLiab": 235900000, "totalCurrentLiabilities": 2259200000, "totalLiab": 2901100000, "commonStock": 122600000, "treasuryStock": 1053700000, "otherStockholderEquity": 1053700000, "totalStockholderEquity": 1176300000, "netTangibleAssets": 1152700000}, {"maxAge": 1, "endDate": "2020-06-30", "totalStockholderEquity": 977500000, "netTangibleAssets": 947700000}, {"maxAge": 1, "endDate": "2020-03-31", "cash": 32300000, "netReceivables": 945600000, "inventory": 890000000, "otherCurrentAssets": 75800000, "totalCurrentAssets": 1958100000, "longTermInvestments": 11800000, "propertyPlantEquipment": 1796000000, "intangibleAssets": 29800000, "otherAssets": 143600000, "deferredLongTermAssetCharges": 15300000, "totalAssets": 3939300000, "accountsPayable": 894400000, "shortLongTermDebt": 95200000, "otherCurrentLiab": 589200000, "longTermDebt": 342900000, "otherLiab": 288300000, "totalCurrentLiabilities": 2273000000, "totalLiab": 2961800000, "commonStock": 122600000, "retainedEarnings": 237500000, "treasuryStock": 46700000, "capitalSurplus": 570700000, "otherStockholderEquity": 46700000, "totalStockholderEquity": 977500000, "netTangibleAssets": 947700000}], "maxAge": 86400}, "indexTrend": {"maxAge": 1, "symbol": "SP5", "peRatio": 19.7411, "pegRatio": 1.34172, "estimates": [{"period": "0q", "growth": 0.549}, {"period": "+1q", "growth": 0.431}, {"period": "0y", "growth": 0.305}, {"period": "+1y", "growth": 0.109}, {"period": "+5y", "growth": 0.120865}, {"period": "-5y"}]}, "defaultKeyStatistics": {"maxAge": 1, "priceHint": 2, "enterpriseValue": 11287326720, "profitMargins": 0.07517, "floatShares": 2453345, "sharesOutstanding": 12262200, "heldPercentInsiders": 0.73096, "heldPercentInstitutions": 0.0, "beta": 1.142074, "category": null, "bookValue": 95.961, "priceToBook": 9.600254, "fundFamily": null, "legalType": null, "lastFiscalYearEnd": "2020-03-31 05:30:00", "nextFiscalYearEnd": "2022-03-31 05:30:00", "mostRecentQuarter": "2020-12-31 05:30:00", "netIncomeToCommon": 432600000, "trailingEps": 35.278, "lastSplitFactor": null, "enterpriseToRevenue": 1.961, "enterpriseToEbitda": 13.765}, "summaryProfile": {"address1": "Oberoi Chambers ll", "address2": "Plot No. 645/646, 5th Floor New Link Road Andheri West", "city": "Mumbai", "zip": "400053", "country": "India", "phone": "91 22 2674 7900", "fax": "91 22 2673 6193", "website": "http://www.punjabchemicals.com", "industry": "Chemicals", "sector": "Basic Materials", "longBusinessSummary": "Punjab Chemicals and Crop Protection Limited manufactures and sells agrochemicals and specialty chemicals, and bulk drugs and its intermediates in India, Europe, Japan, and internationally. The company provides agrochemicals, such as herbicides, insecticides, and fungicides; pharmaceutical products, including APIs, intermediates, anti-oxidants, and intermediates for APIs; fine and specialty chemicals; basic and industrial chemicals; and phosphorus derivatives and phosphates. It also imports and sells chemicals; and offers contract manufacturing services for multinational companies. The company was founded in 1975 and is based in Mumbai, India.", "fullTimeEmployees": 1089, "companyOfficers": [], "maxAge": 86400}, "netSharePurchaseActivity": {"maxAge": 1, "period": "6m", "buyInfoCount": 0, "buyInfoShares": 0, "sellInfoCount": 0, "netInfoCount": 0, "netInfoShares": 0, "netPercentInsiderShares": 0.0, "totalInsiderShares": 8962005}, "insiderTransactions": {"transactions": [{"maxAge": 1, "shares": 159189, "value": 1294111, "filerUrl": "", "transactionText": "Sale at price 8.13 per share.", "filerName": "Shroff (Rupam Shalil)", "filerRelation": "Promoter", "moneyText": "", "startDate": "2020-09-30", "ownership": "D"}, {"maxAge": 1, "shares": 3000000, "filerUrl": "", "transactionText": "", "filerName": "Gowel Consulting Services Pvt Ltd", "filerRelation": "Institution- Corporation", "moneyText": "", "startDate": "2012-09-30", "ownership": "D"}, {"maxAge": 1, "shares": 1000, "filerUrl": "", "transactionText": "", "filerName": "Hem Sil Trading & Manufacturing Pvt Ltd", "filerRelation": "Institution- Corporation", "moneyText": "", "startDate": "2010-06-18", "ownership": "D"}, {"maxAge": 1, "shares": 5342, "filerUrl": "", "transactionText": "", "filerName": "Hem Sil Trading & Manufacturing Pvt Ltd", "filerRelation": "Institution- Corporation", "moneyText": "", "startDate": "2010-06-16", "ownership": "D"}, {"maxAge": 1, "shares": 5000, "filerUrl": "", "transactionText": "", "filerName": "Hem Sil Trading & Manufacturing Pvt Ltd", "filerRelation": "Institution- Corporation", "moneyText": "", "startDate": "2010-06-04", "ownership": "D"}, {"maxAge": 1, "shares": 511, "filerUrl": "", "transactionText": "", "filerName": "Shroff (Rupam Shalil)", "filerRelation": "Director", "moneyText": "", "startDate": "2010-05-31", "ownership": "D"}, {"maxAge": 1, "shares": 3500, "filerUrl": "", "transactionText": "", "filerName": "Shroff (Shalil Shashikumar)", "filerRelation": "Managing Director", "moneyText": "", "startDate": "2010-05-31", "ownership": "D"}, {"maxAge": 1, "shares": 5000, "filerUrl": "", "transactionText": "", "filerName": "Hem Sil Trading & Manufacturing Pvt Ltd", "filerRelation": "Institution- Corporation", "moneyText": "", "startDate": "2010-05-17", "ownership": "D"}, {"maxAge": 1, "shares": 5000, "filerUrl": "", "transactionText": "", "filerName": "Hem Sil Trading & Manufacturing Pvt Ltd", "filerRelation": "Institution- Corporation", "moneyText": "", "startDate": "2010-03-31", "ownership": "D"}], "maxAge": 1}, "quoteType": {"exchange": "NSI", "quoteType": "EQUITY", "symbol": "PUNJABCHEM.NS", "underlyingSymbol": "PUNJABCHEM.NS", "shortName": "PUNJAB CHEM&CROP", "longName": "Punjab Chemicals and Crop Protection Limited", "firstTradeDateEpochUtc": "2007-03-08 09:15:00", "timeZoneFullName": "Asia/Kolkata", "timeZoneShortName": "IST", "uuid": "21f494af-0d92-3224-b8c8-078a82bd9b89", "gmtOffSetMilliseconds": 19800000, "maxAge": 1}, "incomeStatementHistory": {"incomeStatementHistory": [{"maxAge": 1, "endDate": "2020-03-31", "totalRevenue": 5495600000, "costOfRevenue": 3371300000, "grossProfit": 2124300000, "researchDevelopment": {}, "sellingGeneralAdministrative": 696400000, "nonRecurring": {}, "otherOperatingExpenses": 945900000, "totalOperatingExpenses": 5167100000, "operatingIncome": 328500000, "totalOtherIncomeExpenseNet": -107700000, "ebit": 328500000, "interestExpense": -144900000, "incomeBeforeTax": 220800000, "incomeTaxExpense": 113300000, "minorityInterest": {}, "netIncomeFromContinuingOps": 107500000, "discontinuedOperations": {}, "extraordinaryItems": {}, "effectOfAccountingCharges": {}, "otherItems": {}, "netIncome": 107500000, "netIncomeApplicableToCommonShares": 107500000}, {"maxAge": 1, "endDate": "2019-03-31", "totalRevenue": 6429400000, "costOfRevenue": 4101700000, "grossProfit": 2327700000, "researchDevelopment": {}, "sellingGeneralAdministrative": 661200000, "nonRecurring": {}, "otherOperatingExpenses": 910600000, "totalOperatingExpenses": 5859500000, "operatingIncome": 569900000, "totalOtherIncomeExpenseNet": -282300000, "ebit": 569900000, "interestExpense": -158200000, "incomeBeforeTax": 287600000, "incomeTaxExpense": 119600000, "minorityInterest": {}, "netIncomeFromContinuingOps": 168000000, "discontinuedOperations": {}, "extraordinaryItems": {}, "effectOfAccountingCharges": {}, "otherItems": {}, "netIncome": 168000000, "netIncomeApplicableToCommonShares": 168000000}, {"maxAge": 1, "endDate": "2018-03-31", "totalRevenue": 4932500000, "costOfRevenue": 3044700000, "grossProfit": 1887800000, "researchDevelopment": {}, "sellingGeneralAdministrative": 560800000, "nonRecurring": {}, "otherOperatingExpenses": 823800000, "totalOperatingExpenses": 4568700000, "operatingIncome": 363800000, "totalOtherIncomeExpenseNet": -121200000, "ebit": 363800000, "interestExpense": -165200000, "incomeBeforeTax": 242600000, "incomeTaxExpense": 70800000, "minorityInterest": {}, "netIncomeFromContinuingOps": 171800000, "discontinuedOperations": {}, "extraordinaryItems": {}, "effectOfAccountingCharges": {}, "otherItems": {}, "netIncome": 171800000, "netIncomeApplicableToCommonShares": 171800000}, {"maxAge": 1, "endDate": "2017-03-31", "totalRevenue": 5247100000, "costOfRevenue": 2865300000, "grossProfit": 2381800000, "researchDevelopment": {}, "sellingGeneralAdministrative": 1175100000, "nonRecurring": {}, "otherOperatingExpenses": 930200000, "totalOperatingExpenses": 5131200000, "operatingIncome": 115900000, "totalOtherIncomeExpenseNet": -307900000, "ebit": 115900000, "interestExpense": -196100000, "incomeBeforeTax": -192000000, "incomeTaxExpense": 7300000, "minorityInterest": {}, "netIncomeFromContinuingOps": -199300000, "discontinuedOperations": {}, "extraordinaryItems": {}, "effectOfAccountingCharges": {}, "otherItems": {}, "netIncome": -199300000, "netIncomeApplicableToCommonShares": -199300000}], "maxAge": 86400}, "fundOwnership": {"ownershipList": [], "maxAge": 1}, "summaryDetail": {"maxAge": 1, "priceHint": 2, "previousClose": 903.8, "open": 934.9, "dayLow": 860.05, "dayHigh": 934.9, "regularMarketPreviousClose": 903.8, "regularMarketOpen": 934.9, "regularMarketDayLow": 860.05, "regularMarketDayHigh": 934.9, "dividendRate": 1.5, "dividendYield": 0.0016, "exDividendDate": "2020-09-17 05:30:00", "payoutRatio": 0.0425, "beta": 1.142074, "trailingPE": 26.114008, "volume": 6083, "regularMarketVolume": 6083, "averageVolume": 13876, "averageVolume10days": 5171, "averageDailyVolume10Day": 5171, "bid": 0.0, "ask": 0.0, "bidSize": 0, "askSize": 0, "marketCap": 11311567872, "fiftyTwoWeekLow": 360.2, "fiftyTwoWeekHigh": 1028.5, "priceToSalesTrailing12Months": 1.9655542, "fiftyDayAverage": 904.93384, "twoHundredDayAverage": 754.9982, "trailingAnnualDividendRate": 1.5, "trailingAnnualDividendYield": 0.0016596592, "currency": "INR", "fromCurrency": null, "lastMarket": null, "algorithm": null, "tradeable": false}, "incomeStatementHistoryQuarterly": {"incomeStatementHistory": [{"maxAge": 1, "endDate": "2020-12-31", "totalRevenue": 1725000000, "costOfRevenue": 1012600000, "grossProfit": 712400000, "researchDevelopment": {}, "sellingGeneralAdministrative": 173700000, "nonRecurring": {}, "otherOperatingExpenses": 264400000, "totalOperatingExpenses": 1485800000, "operatingIncome": 239200000, "totalOtherIncomeExpenseNet": -28200000, "ebit": 239200000, "interestExpense": -29800000, "incomeBeforeTax": 211000000, "incomeTaxExpense": 54800000, "minorityInterest": {}, "netIncomeFromContinuingOps": 156200000, "discontinuedOperations": {}, "extraordinaryItems": {}, "effectOfAccountingCharges": {}, "otherItems": {}, "netIncome": 156200000, "netIncomeApplicableToCommonShares": 156200000}, {"maxAge": 1, "endDate": "2020-09-30", "totalRevenue": 1640000000, "costOfRevenue": 977800000, "grossProfit": 662200000, "researchDevelopment": {}, "sellingGeneralAdministrative": 159100000, "nonRecurring": {}, "otherOperatingExpenses": 276500000, "totalOperatingExpenses": 1447900000, "operatingIncome": 192100000, "totalOtherIncomeExpenseNet": -34200000, "ebit": 192100000, "interestExpense": -40200000, "incomeBeforeTax": 157900000, "incomeTaxExpense": 40100000, "minorityInterest": {}, "netIncomeFromContinuingOps": 117800000, "discontinuedOperations": {}, "extraordinaryItems": {}, "effectOfAccountingCharges": {}, "otherItems": {}, "netIncome": 117800000, "netIncomeApplicableToCommonShares": 117800000}, {"maxAge": 1, "endDate": "2020-06-30", "totalRevenue": 1321700000, "costOfRevenue": 743700000, "grossProfit": 578000000, "researchDevelopment": {}, "sellingGeneralAdministrative": 161500000, "nonRecurring": {}, "otherOperatingExpenses": 195200000, "totalOperatingExpenses": 1138000000, "operatingIncome": 183700000, "totalOtherIncomeExpenseNet": -34700000, "ebit": 183700000, "interestExpense": -44000000, "incomeBeforeTax": 149000000, "incomeTaxExpense": 37100000, "minorityInterest": {}, "netIncomeFromContinuingOps": 111900000, "discontinuedOperations": {}, "extraordinaryItems": {}, "effectOfAccountingCharges": {}, "otherItems": {}, "netIncome": 111900000, "netIncomeApplicableToCommonShares": 111900000}, {"maxAge": 1, "endDate": "2020-03-31", "totalRevenue": 1068200000, "costOfRevenue": 307300000, "grossProfit": 760900000, "researchDevelopment": {}, "sellingGeneralAdministrative": 187400000, "nonRecurring": {}, "otherOperatingExpenses": 424200000, "totalOperatingExpenses": 953100000, "operatingIncome": 115100000, "totalOtherIncomeExpenseNet": -13400000, "ebit": 115100000, "interestExpense": -14100000, "incomeBeforeTax": 101700000, "incomeTaxExpense": 55000000, "minorityInterest": {}, "netIncomeFromContinuingOps": 46700000, "discontinuedOperations": {}, "extraordinaryItems": {}, "effectOfAccountingCharges": {}, "otherItems": {}, "netIncome": 46700000, "netIncomeApplicableToCommonShares": 46700000}], "maxAge": 86400}, "cashflowStatementHistoryQuarterly": {"cashflowStatements": [{"maxAge": 1, "endDate": "2020-12-31", "netIncome": 156200000, "changeToLiabilities": 0}, {"maxAge": 1, "endDate": "2020-09-30", "netIncome": 117800000, "changeToLiabilities": 0}, {"maxAge": 1, "endDate": "2020-06-30", "netIncome": 111900000, "changeToLiabilities": 0}, {"maxAge": 1, "endDate": "2020-03-31", "netIncome": 46700000, "changeToLiabilities": 0}], "maxAge": 86400}, "insiderHolders": {"holders": [{"maxAge": 1, "name": "Gowel Consulting Services Pvt Ltd", "relation": "Institution- Corporation", "url": "", "transactionDescription": "Acquisition", "latestTransDate": "2012-09-30", "positionDirect": 3000000, "positionDirectDate": "2012-09-30"}, {"maxAge": 1, "name": "Hem Sil Trading & Manufacturing Pvt Ltd", "relation": "Institution- Corporation", "url": "", "transactionDescription": "Acquisition", "latestTransDate": "2010-06-18", "positionDirect": 1948095, "positionDirectDate": "2010-06-18"}, {"maxAge": 1, "name": "Shroff (Rupam Shalil)", "relation": "Promoter", "url": "", "transactionDescription": "Sale", "latestTransDate": "2020-09-30", "positionDirect": 24102, "positionDirectDate": "2020-09-30"}, {"maxAge": 1, "name": "Shroff (Shalil Shashikumar)", "relation": "Managing Director", "url": "", "transactionDescription": "Acquisition", "latestTransDate": "2010-05-31", "positionDirect": 380581, "positionDirectDate": "2010-05-31"}], "maxAge": 1}, "calendarEvents": {"maxAge": 1, "earnings": {"earningsDate": []}, "exDividendDate": "2020-09-17 05:30:00"}, "upgradeDowngradeHistory": {"history": [], "maxAge": 86400}, "price": {"maxAge": 1, "regularMarketChangePercent": 0.019307382, "regularMarketChange": 17.450012, "regularMarketTime": "2021-04-30 15:29:17", "priceHint": 2, "regularMarketPrice": 921.25, "regularMarketDayHigh": 934.9, "regularMarketDayLow": 860.05, "regularMarketVolume": 6083, "averageDailyVolume10Day": 5171, "averageDailyVolume3Month": 13876, "regularMarketPreviousClose": 903.8, "regularMarketSource": "FREE_REALTIME", "regularMarketOpen": 934.9, "exchange": "NSI", "exchangeName": "NSE", "exchangeDataDelayedBy": 15, "marketState": "CLOSED", "quoteType": "EQUITY", "symbol": "PUNJABCHEM.NS", "underlyingSymbol": null, "shortName": "PUNJAB CHEM&CROP", "longName": "Punjab Chemicals and Crop Protection Limited", "currency": "INR", "quoteSourceName": "Delayed Quote", "currencySymbol": "\u20b9", "fromCurrency": null, "lastMarket": null, "marketCap": 11311567872}, "balanceSheetHistory": {"balanceSheetStatements": [{"maxAge": 1, "endDate": "2020-03-31", "cash": 32300000, "netReceivables": 945600000, "inventory": 890000000, "otherCurrentAssets": 75800000, "totalCurrentAssets": 1958100000, "longTermInvestments": 11800000, "propertyPlantEquipment": 1796000000, "intangibleAssets": 29800000, "otherAssets": 143600000, "deferredLongTermAssetCharges": 15300000, "totalAssets": 3939300000, "accountsPayable": 894400000, "shortLongTermDebt": 95200000, "otherCurrentLiab": 589200000, "longTermDebt": 342900000, "otherLiab": 288300000, "totalCurrentLiabilities": 2273000000, "totalLiab": 2961800000, "commonStock": 122600000, "retainedEarnings": 237500000, "treasuryStock": 46700000, "capitalSurplus": 570700000, "otherStockholderEquity": 46700000, "totalStockholderEquity": 977500000, "netTangibleAssets": 947700000}, {"maxAge": 1, "endDate": "2019-03-31", "cash": 20500000, "shortTermInvestments": 109600000, "netReceivables": 829300000, "inventory": 827700000, "otherCurrentAssets": 24900000, "totalCurrentAssets": 1712200000, "longTermInvestments": 12700000, "propertyPlantEquipment": 1629700000, "intangibleAssets": 44900000, "otherAssets": 312200000, "deferredLongTermAssetCharges": 3900000, "totalAssets": 3711700000, "accountsPayable": 1130800000, "shortLongTermDebt": 9300000, "otherCurrentLiab": 339700000, "longTermDebt": 107900000, "otherLiab": 261900000, "totalCurrentLiabilities": 2431200000, "totalLiab": 2803100000, "commonStock": 122600000, "retainedEarnings": 154100000, "treasuryStock": 61200000, "capitalSurplus": 570700000, "otherStockholderEquity": 61200000, "totalStockholderEquity": 908600000, "netTangibleAssets": 863700000}, {"maxAge": 1, "endDate": "2018-03-31", "cash": 40700000, "netReceivables": 796900000, "inventory": 673900000, "otherCurrentAssets": 61400000, "totalCurrentAssets": 1581000000, "longTermInvestments": 14000000, "propertyPlantEquipment": 1496100000, "intangibleAssets": 68300000, "otherAssets": 399000000, "deferredLongTermAssetCharges": 61500000, "totalAssets": 3558400000, "accountsPayable": 1077400000, "shortLongTermDebt": 158600000, "otherCurrentLiab": 269800000, "longTermDebt": 481900000, "otherLiab": 198700000, "totalCurrentLiabilities": 2136100000, "totalLiab": 2816700000, "commonStock": 122600000, "retainedEarnings": 4700000, "treasuryStock": 43700000, "capitalSurplus": 570700000, "otherStockholderEquity": 43700000, "totalStockholderEquity": 741700000, "netTangibleAssets": 673400000}, {"maxAge": 1, "endDate": "2017-03-31", "cash": 22900000, "shortTermInvestments": 5300000, "netReceivables": 1100200000, "inventory": 660900000, "otherCurrentAssets": 4700000, "totalCurrentAssets": 1803200000, "longTermInvestments": 12500000, "propertyPlantEquipment": 1959900000, "intangibleAssets": 83500000, "otherAssets": 532400000, "deferredLongTermAssetCharges": 107000000, "totalAssets": 4391500000, "accountsPayable": 1119800000, "shortLongTermDebt": 342400000, "otherCurrentLiab": 633700000, "longTermDebt": 672100000, "otherLiab": 172700000, "totalCurrentLiabilities": 2962800000, "totalLiab": 3807600000, "commonStock": 122600000, "retainedEarnings": -209300000, "treasuryStock": 99900000, "capitalSurplus": 570700000, "otherStockholderEquity": 99900000, "totalStockholderEquity": 583900000, "netTangibleAssets": 500400000}], "maxAge": 86400}, "financialData": {"maxAge": 86400, "currentPrice": 921.25, "recommendationKey": "none", "totalCash": 372100000, "totalCashPerShare": 30.349, "ebitda": 819974976, "totalDebt": 578300032, "totalRevenue": 5754899968, "debtToEquity": 49.163, "revenuePerShare": 469.306, "grossProfits": 2124300000, "revenueGrowth": 0.136, "grossMargins": 0.41259, "ebitdaMargins": 0.14248, "operatingMargins": 0.12687, "profitMargins": 0.07517, "financialCurrency": "INR"}}}