{"PURVA.NS": {"assetProfile": {"address1": "#130/1, Ulsoor Road", "city": "Bengaluru", "zip": "560042", "country": "India", "phone": "91 80 2559 9000", "fax": "91 80 2559 9350", "website": "http://www.puravankara.com", "industry": "Engineering & Construction", "sector": "Industrials", "longBusinessSummary": "Puravankara Limited, together with its subsidiaries, develops residential and commercial properties in India and internationally. The company's residential projects include apartment complexes, villas, townhouses, plotted developments, and affordable housing projects; and commercial projects comprise retail and office premises, and mixed-use developments. It markets its projects under the Purva, Puravankara, and Provident brand names. The company was formerly known as Puravankara Projects Limited and changed its name to Puravankara Limited in December 2016. Puravankara Limited was founded in 1975 and is headquartered in Bengaluru, India.", "fullTimeEmployees": 1120, "companyOfficers": [{"maxAge": 1, "name": "Mr. Ravi  Puravankara", "age": 68, "title": "Founder & Chairman", "yearBorn": 1952, "fiscalYear": 2020, "totalPay": 12300000, "exercisedValue": 0, "unexercisedValue": 0}, {"maxAge": 1, "name": "Mr. Ashish Ravi Puravankara BBA, MBA", "age": 41, "title": "CEO, MD & Whole Time Director", "yearBorn": 1979, "fiscalYear": 2020, "totalPay": 13100000, "exercisedValue": 0, "unexercisedValue": 0}, {"maxAge": 1, "name": "Mr. Nani Rusi Choksey B.Com", "age": 69, "title": "Vice Chairman", "yearBorn": 1951, "fiscalYear": 2020, "totalPay": 24000000, "exercisedValue": 0, "unexercisedValue": 0}, {"maxAge": 1, "name": "Ms. Bindu  Doraiswamy", "title": "Compliance Officer, Deputy GM & Company Sec.", "fiscalYear": 2020, "totalPay": 2300000, "exercisedValue": 0, "unexercisedValue": 0}, {"maxAge": 1, "name": "Mr. Sanjay  Sharma", "age": 55, "title": "Pres of Technical", "yearBorn": 1965, "fiscalYear": 2019, "exercisedValue": 0, "unexercisedValue": 0}, {"maxAge": 1, "name": "Mr. P. Vijayendra Kumar", "age": 59, "title": "Sr. VP of Human Capital & Admin.", "yearBorn": 1961, "fiscalYear": 2010, "exercisedValue": 0, "unexercisedValue": 0}, {"maxAge": 1, "name": "Mr. K. V. Bhuvanendra", "age": 56, "title": "Sr. VP - Legal", "yearBorn": 1964, "exercisedValue": 0, "unexercisedValue": 0}, {"maxAge": 1, "name": "Minol  Ajekar", "title": "Head of Corp. Communication, CSR & Bus. Process", "exercisedValue": 0, "unexercisedValue": 0}, {"maxAge": 1, "name": "Mr. Ranjit  Thomas", "age": 61, "title": "Regional Head - Kerala", "yearBorn": 1959, "fiscalYear": 2018, "exercisedValue": 0, "unexercisedValue": 0}, {"maxAge": 1, "name": "Mr. H. Vishnu Moorthi", "age": 54, "title": "Sr. VP of Properties Risk & Control", "yearBorn": 1966, "fiscalYear": 2018, "exercisedValue": 0, "unexercisedValue": 0}], "compensationAsOfEpochDate": "2020-12-31 05:30:00", "maxAge": 86400}, "recommendationTrend": {"trend": [{"period": "0m", "strongBuy": 0, "buy": 0, "hold": 0, "sell": 0, "strongSell": 0}, {"period": "-1m", "strongBuy": 0, "buy": 1, "hold": 0, "sell": 0, "strongSell": 0}, {"period": "-2m", "strongBuy": 0, "buy": 1, "hold": 0, "sell": 0, "strongSell": 0}, {"period": "-3m", "strongBuy": 0, "buy": 1, "hold": 0, "sell": 0, "strongSell": 0}], "maxAge": 86400}, "cashflowStatementHistory": {"cashflowStatements": [{"maxAge": 1, "endDate": "2020-03-31", "netIncome": 883500000, "depreciation": 215700000, "changeToNetincome": 3487900000, "changeToAccountReceivables": -489500000, "changeToLiabilities": 699600000, "changeToInventory": 7342300000, "changeToOperatingActivities": -6369900000, "totalCashFromOperatingActivities": 5781700000, "capitalExpenditures": -193400000, "investments": -51500000, "otherCashflowsFromInvestingActivities": 4300000, "totalCashflowsFromInvestingActivities": -225200000, "dividendsPaid": -237200000, "netBorrowings": -2218900000, "otherCashflowsFromFinancingActivities": -3336300000, "totalCashFromFinancingActivities": -5792400000, "changeInCash": -235900000}, {"maxAge": 1, "endDate": "2019-03-31", "netIncome": 1143500000, "depreciation": 137600000, "changeToNetincome": 2707800000, "changeToAccountReceivables": 243100000, "changeToLiabilities": 533900000, "changeToInventory": 2587800000, "changeToOperatingActivities": -8675700000, "totalCashFromOperatingActivities": -1309000000, "capitalExpenditures": -197900000, "investments": -51500000, "otherCashflowsFromInvestingActivities": -45600000, "totalCashflowsFromInvestingActivities": 46700000, "dividendsPaid": -378800000, "netBorrowings": 5352400000, "otherCashflowsFromFinancingActivities": -3370700000, "totalCashFromFinancingActivities": 1602900000, "changeInCash": 340600000}, {"maxAge": 1, "endDate": "2018-03-31", "netIncome": 914000000, "depreciation": 136700000, "changeToNetincome": 1425500000, "changeToAccountReceivables": 1121500000, "changeToLiabilities": 1426300000, "changeToInventory": -2248300000, "changeToOperatingActivities": -3077100000, "totalCashFromOperatingActivities": -288500000, "capitalExpenditures": -20100000, "investments": -158700000, "otherCashflowsFromInvestingActivities": 741500000, "totalCashflowsFromInvestingActivities": 557500000, "dividendsPaid": -533600000, "netBorrowings": 3275200000, "otherCashflowsFromFinancingActivities": -2622100000, "totalCashFromFinancingActivities": 119500000, "changeInCash": 388500000}, {"maxAge": 1, "endDate": "2017-03-31", "netIncome": 1289000000, "depreciation": 151600000, "changeToNetincome": 1490200000, "changeToAccountReceivables": -507800000, "changeToLiabilities": -140800000, "changeToInventory": -10938100000, "changeToOperatingActivities": 5869600000, "totalCashFromOperatingActivities": -2773200000, "capitalExpenditures": -17800000, "investments": -238100000, "otherCashflowsFromInvestingActivities": 687300000, "totalCashflowsFromInvestingActivities": 5208200000, "dividendsPaid": -185000000, "netBorrowings": -1181900000, "otherCashflowsFromFinancingActivities": -2951400000, "totalCashFromFinancingActivities": -4318300000, "changeInCash": -1883300000}], "maxAge": 86400}, "indexTrend": {"maxAge": 1, "symbol": "SP5", "peRatio": 19.7411, "pegRatio": 1.34172, "estimates": [{"period": "0q", "growth": 0.549}, {"period": "+1q", "growth": 0.431}, {"period": "0y", "growth": 0.305}, {"period": "+1y", "growth": 0.109}, {"period": "+5y", "growth": 0.120865}, {"period": "-5y"}]}, "defaultKeyStatistics": {"maxAge": 1, "priceHint": 2, "enterpriseValue": 42701885440, "profitMargins": -0.01281, "floatShares": 34230021, "sharesOutstanding": 237150000, "heldPercentInsiders": 0.80572, "heldPercentInstitutions": 0.103269994, "beta": 1.441297, "category": null, "bookValue": 78.878, "priceToBook": 0.83863693, "fundFamily": null, "legalType": null, "lastFiscalYearEnd": "2020-03-31 05:30:00", "nextFiscalYearEnd": "2022-03-31 05:30:00", "mostRecentQuarter": "2020-12-31 05:30:00", "earningsQuarterlyGrowth": -0.173, "netIncomeToCommon": -130700000, "trailingEps": -0.554, "forwardEps": 6.56, "lastSplitFactor": null, "enterpriseToRevenue": 4.186, "enterpriseToEbitda": 14.989}, "industryTrend": {"maxAge": 1, "symbol": null, "estimates": []}, "quoteType": {"exchange": "NSI", "quoteType": "EQUITY", "symbol": "PURVA.NS", "underlyingSymbol": "PURVA.NS", "shortName": "PURAVANKARA LTD", "longName": "Puravankara Limited", "firstTradeDateEpochUtc": "2007-08-30 09:15:00", "timeZoneFullName": "Asia/Kolkata", "timeZoneShortName": "IST", "uuid": "84b9156c-b432-3b2c-8f32-9cf105f105fc", "gmtOffSetMilliseconds": 19800000, "maxAge": 1}, "incomeStatementHistory": {"incomeStatementHistory": [{"maxAge": 1, "endDate": "2020-03-31", "totalRevenue": 21283700000, "costOfRevenue": 13176800000, "grossProfit": 8106900000, "researchDevelopment": {}, "sellingGeneralAdministrative": 2131000000, "nonRecurring": {}, "otherOperatingExpenses": 1399300000, "totalOperatingExpenses": 16935000000, "operatingIncome": 4348700000, "totalOtherIncomeExpenseNet": -2945200000, "ebit": 4348700000, "interestExpense": -3366300000, "incomeBeforeTax": 1403500000, "incomeTaxExpense": 520000000, "minorityInterest": 12000000, "netIncomeFromContinuingOps": 883500000, "discontinuedOperations": {}, "extraordinaryItems": {}, "effectOfAccountingCharges": {}, "otherItems": {}, "netIncome": 883500000, "netIncomeApplicableToCommonShares": 883500000}, {"maxAge": 1, "endDate": "2019-03-31", "totalRevenue": 20504900000, "costOfRevenue": 12494500000, "grossProfit": 8010400000, "researchDevelopment": {}, "sellingGeneralAdministrative": 2029700000, "nonRecurring": {}, "otherOperatingExpenses": 1306700000, "totalOperatingExpenses": 15981500000, "operatingIncome": 4523400000, "totalOtherIncomeExpenseNet": -2805700000, "ebit": 4523400000, "interestExpense": -3242900000, "incomeBeforeTax": 1717700000, "incomeTaxExpense": 574200000, "minorityInterest": 12000000, "netIncomeFromContinuingOps": 1143500000, "discontinuedOperations": {}, "extraordinaryItems": {}, "effectOfAccountingCharges": {}, "otherItems": {}, "netIncome": 1143500000, "netIncomeApplicableToCommonShares": 1143500000}, {"maxAge": 1, "endDate": "2018-03-31", "totalRevenue": 14149000000, "costOfRevenue": 8158400000, "grossProfit": 5990600000, "researchDevelopment": {}, "sellingGeneralAdministrative": 1609200000, "nonRecurring": {}, "otherOperatingExpenses": 1266800000, "totalOperatingExpenses": 11184000000, "operatingIncome": 2965000000, "totalOtherIncomeExpenseNet": -1676800000, "ebit": 2965000000, "interestExpense": -2507900000, "incomeBeforeTax": 1288200000, "incomeTaxExpense": 374200000, "minorityInterest": 12000000, "netIncomeFromContinuingOps": 914000000, "discontinuedOperations": {}, "extraordinaryItems": {}, "effectOfAccountingCharges": {}, "otherItems": {}, "netIncome": 914000000, "netIncomeApplicableToCommonShares": 914000000}, {"maxAge": 1, "endDate": "2017-03-31", "totalRevenue": 14071200000, "costOfRevenue": 7063900000, "grossProfit": 7007300000, "researchDevelopment": {}, "sellingGeneralAdministrative": 1637800000, "nonRecurring": {}, "otherOperatingExpenses": 1277600000, "totalOperatingExpenses": 10144000000, "operatingIncome": 3927200000, "totalOtherIncomeExpenseNet": -2219200000, "ebit": 3927200000, "interestExpense": -2878200000, "incomeBeforeTax": 1708000000, "incomeTaxExpense": 419000000, "minorityInterest": 12000000, "netIncomeFromContinuingOps": 1289000000, "discontinuedOperations": {}, "extraordinaryItems": {}, "effectOfAccountingCharges": {}, "otherItems": {}, "netIncome": 1289000000, "netIncomeApplicableToCommonShares": 1289000000}], "maxAge": 86400}, "fundOwnership": {"ownershipList": [], "maxAge": 1}, "summaryDetail": {"maxAge": 1, "priceHint": 2, "previousClose": 66.6, "open": 67.95, "dayLow": 65.4, "dayHigh": 69.9, "regularMarketPreviousClose": 66.6, "regularMarketOpen": 67.95, "regularMarketDayLow": 65.4, "regularMarketDayHigh": 69.9, "exDividendDate": "2019-09-18 05:30:00", "payoutRatio": 0.0, "beta": 1.441297, "forwardPE": 10.083841, "volume": 294201, "regularMarketVolume": 294201, "averageVolume": 219622, "averageVolume10days": 94198, "averageDailyVolume10Day": 94198, "bid": 0.0, "ask": 0.0, "bidSize": 0, "askSize": 0, "marketCap": 15675698176, "fiftyTwoWeekLow": 30.3, "fiftyTwoWeekHigh": 96.0, "priceToSalesTrailing12Months": 1.5366825, "fiftyDayAverage": 77.48529, "twoHundredDayAverage": 67.98121, "trailingAnnualDividendRate": 1.0, "trailingAnnualDividendYield": 0.015015015, "currency": "INR", "fromCurrency": null, "lastMarket": null, "algorithm": null, "tradeable": false}, "insiderHolders": {"holders": [{"maxAge": 1, "name": "Puravankara (Ravi)", "relation": "Chairman of the Board", "url": "", "transactionDescription": "Sale", "latestTransDate": "2013-05-24", "positionDirect": 177852904, "positionDirectDate": "2013-05-24"}, {"maxAge": 1, "name": "Raguram (V. P.)", "relation": "Compliance Officer", "url": "", "transactionDescription": "Acquisition", "latestTransDate": "2013-01-28", "positionDirect": 2, "positionDirectDate": "2013-01-28"}], "maxAge": 1}, "calendarEvents": {"maxAge": 1, "earnings": {"earningsDate": [], "revenueAverage": 3715300000}, "exDividendDate": "2019-09-18 05:30:00"}, "upgradeDowngradeHistory": {"history": [], "maxAge": 86400}, "price": {"maxAge": 1, "regularMarketChangePercent": -0.006756711, "regularMarketChange": -0.44999695, "regularMarketTime": "2021-04-30 15:29:35", "priceHint": 2, "regularMarketPrice": 66.15, "regularMarketDayHigh": 69.9, "regularMarketDayLow": 65.4, "regularMarketVolume": 294201, "averageDailyVolume10Day": 94198, "averageDailyVolume3Month": 219622, "regularMarketPreviousClose": 66.6, "regularMarketSource": "FREE_REALTIME", "regularMarketOpen": 67.95, "exchange": "NSI", "exchangeName": "NSE", "exchangeDataDelayedBy": 15, "marketState": "CLOSED", "quoteType": "EQUITY", "symbol": "PURVA.NS", "underlyingSymbol": null, "shortName": "PURAVANKARA LTD", "longName": "Puravankara Limited", "currency": "INR", "quoteSourceName": "Delayed Quote", "currencySymbol": "\u20b9", "fromCurrency": null, "lastMarket": null, "marketCap": 15675698176}, "balanceSheetHistory": {"balanceSheetStatements": [{"maxAge": 1, "endDate": "2020-03-31", "cash": 1060100000, "shortTermInvestments": 7000000, "netReceivables": 4734100000, "inventory": 60925300000, "otherCurrentAssets": 2933000000, "totalCurrentAssets": 69896800000, "longTermInvestments": 1324600000, "propertyPlantEquipment": 851300000, "intangibleAssets": 123300000, "otherAssets": 8589500000, "deferredLongTermAssetCharges": 2518000000, "totalAssets": 80785500000, "accountsPayable": 5375500000, "shortLongTermDebt": 16184300000, "otherCurrentLiab": 28645800000, "longTermDebt": 1198400000, "otherLiab": 561100000, "minorityInterest": 12000000, "totalCurrentLiabilities": 59714200000, "totalLiab": 61635000000, "commonStock": 1185800000, "retainedEarnings": 8316600000, "capitalSurplus": 9636100000, "totalStockholderEquity": 19138500000, "netTangibleAssets": 19015200000}, {"maxAge": 1, "endDate": "2019-03-31", "cash": 1491200000, "shortTermInvestments": 1400000, "netReceivables": 3813500000, "inventory": 67661000000, "otherCurrentAssets": 2536500000, "totalCurrentAssets": 75711700000, "longTermInvestments": 1302000000, "propertyPlantEquipment": 983900000, "intangibleAssets": 107800000, "otherAssets": 9230200000, "deferredLongTermAssetCharges": 3017500000, "totalAssets": 87335600000, "accountsPayable": 4676000000, "shortLongTermDebt": 17666500000, "otherCurrentLiab": 34722400000, "longTermDebt": 4353900000, "otherLiab": 319200000, "totalCurrentLiabilities": 64095000000, "totalLiab": 68768100000, "commonStock": 1185800000, "retainedEarnings": 7745600000, "treasuryStock": 17381700000, "capitalSurplus": 9636100000, "otherStockholderEquity": 17381700000, "totalStockholderEquity": 18567500000, "netTangibleAssets": 18459700000}, {"maxAge": 1, "endDate": "2018-03-31", "cash": 1323100000, "netReceivables": 8872400000, "inventory": 46870600000, "otherCurrentAssets": 2318400000, "totalCurrentAssets": 59527400000, "longTermInvestments": 1314400000, "propertyPlantEquipment": 937400000, "intangibleAssets": 31600000, "otherAssets": 6102400000, "deferredLongTermAssetCharges": 533300000, "totalAssets": 67913200000, "accountsPayable": 4409000000, "shortLongTermDebt": 15629900000, "otherCurrentLiab": 15270900000, "longTermDebt": 1379900000, "otherLiab": 289900000, "totalCurrentLiabilities": 42311700000, "totalLiab": 43981500000, "commonStock": 1185800000, "retainedEarnings": 13109800000, "capitalSurplus": 9636100000, "totalStockholderEquity": 23931700000, "netTangibleAssets": 23900100000}, {"maxAge": 1, "endDate": "2017-03-31", "cash": 946100000, "netReceivables": 7898100000, "inventory": 45511100000, "otherCurrentAssets": 1334700000, "totalCurrentAssets": 55901900000, "longTermInvestments": 1163000000, "propertyPlantEquipment": 708800000, "intangibleAssets": 39300000, "otherAssets": 4776300000, "deferredLongTermAssetCharges": 624900000, "totalAssets": 62589300000, "accountsPayable": 2982700000, "shortLongTermDebt": 10681100000, "otherCurrentLiab": 14808700000, "longTermDebt": 2898600000, "otherLiab": 298000000, "totalCurrentLiabilities": 35597400000, "totalLiab": 38926900000, "commonStock": 1185800000, "retainedEarnings": 12840500000, "capitalSurplus": 9636100000, "totalStockholderEquity": 23662400000, "netTangibleAssets": 23623100000}], "maxAge": 86400}, "earningsTrend": {"trend": [{"maxAge": 1, "period": "0q", "endDate": "2017-09-30", "growth": {}, "earningsEstimate": {"avg": 0.0, "low": 0.0, "high": 0.0, "yearAgoEps": {}, "numberOfAnalysts": 0, "growth": {}}, "revenueEstimate": {"avg": 3715300000, "low": 0, "high": 0, "numberOfAnalysts": 0, "yearAgoRevenue": {}, "growth": {}}, "epsTrend": {"current": 0.0, "7daysAgo": 0.0, "30daysAgo": 0.0, "60daysAgo": 0.0, "90daysAgo": 0.0}, "epsRevisions": {"upLast7days": 0, "upLast30days": 0, "downLast30days": 0, "downLast90days": {}}}, {"maxAge": 1, "period": "+1q", "endDate": "2017-12-31", "growth": {}, "earningsEstimate": {"avg": 0.0, "low": 0.0, "high": 0.0, "yearAgoEps": {}, "numberOfAnalysts": 0, "growth": {}}, "revenueEstimate": {"avg": 4164600000, "low": 0, "high": 0, "numberOfAnalysts": 0, "yearAgoRevenue": {}, "growth": {}}, "epsTrend": {"current": 0.0, "7daysAgo": 0.0, "30daysAgo": 0.0, "60daysAgo": 0.0, "90daysAgo": 0.0}, "epsRevisions": {"upLast7days": 0, "upLast30days": 0, "downLast30days": 0, "downLast90days": {}}}, {"maxAge": 1, "period": "0y", "endDate": "2018-03-31", "growth": {}, "earningsEstimate": {"avg": 0.0, "low": 0.0, "high": 0.0, "yearAgoEps": {}, "numberOfAnalysts": 0, "growth": {}}, "revenueEstimate": {"avg": 15049400000, "low": 15619000000, "high": 15619000000, "numberOfAnalysts": 1, "yearAgoRevenue": 13236400000, "growth": 0.137}, "epsTrend": {"current": 0.0, "7daysAgo": 5.58, "30daysAgo": 5.58, "60daysAgo": 5.58, "90daysAgo": 5.58}, "epsRevisions": {"upLast7days": 0, "upLast30days": 0, "downLast30days": 0, "downLast90days": {}}}, {"maxAge": 1, "period": "+1y", "endDate": "2019-03-31", "growth": {}, "earningsEstimate": {"avg": 0.0, "low": 0.0, "high": 0.0, "yearAgoEps": {}, "numberOfAnalysts": 0, "growth": {}}, "revenueEstimate": {"avg": 17337100000, "low": 17337100000, "high": 17337100000, "numberOfAnalysts": 1, "yearAgoRevenue": 15049400000, "growth": 0.152}, "epsTrend": {"current": 0.0, "7daysAgo": 6.56, "30daysAgo": 6.56, "60daysAgo": 6.56, "90daysAgo": 6.56}, "epsRevisions": {"upLast7days": 0, "upLast30days": 0, "downLast30days": 0, "downLast90days": {}}}, {"maxAge": 1, "period": "+5y", "endDate": null, "growth": 0.13, "earningsEstimate": {"avg": {}, "low": {}, "high": {}, "yearAgoEps": {}, "numberOfAnalysts": {}, "growth": {}}, "revenueEstimate": {"avg": {}, "low": {}, "high": {}, "numberOfAnalysts": {}, "yearAgoRevenue": {}, "growth": {}}, "epsTrend": {"current": {}, "7daysAgo": {}, "30daysAgo": {}, "60daysAgo": {}, "90daysAgo": {}}, "epsRevisions": {"upLast7days": {}, "upLast30days": {}, "downLast30days": {}, "downLast90days": {}}}, {"maxAge": 1, "period": "-5y", "endDate": null, "growth": -0.13933, "earningsEstimate": {"avg": {}, "low": {}, "high": {}, "yearAgoEps": {}, "numberOfAnalysts": {}, "growth": {}}, "revenueEstimate": {"avg": {}, "low": {}, "high": {}, "numberOfAnalysts": {}, "yearAgoRevenue": {}, "growth": {}}, "epsTrend": {"current": {}, "7daysAgo": {}, "30daysAgo": {}, "60daysAgo": {}, "90daysAgo": {}}, "epsRevisions": {"upLast7days": {}, "upLast30days": {}, "downLast30days": {}, "downLast90days": {}}}], "maxAge": 1}, "institutionOwnership": {"ownershipList": [], "maxAge": 1}, "majorHoldersBreakdown": {"maxAge": 1, "insidersPercentHeld": 0.80572, "institutionsPercentHeld": 0.103269994, "institutionsFloatPercentHeld": 0.53153, "institutionsCount": 6}, "balanceSheetHistoryQuarterly": {"balanceSheetStatements": [{"maxAge": 1, "endDate": "2020-12-31", "totalStockholderEquity": 18873100000, "netTangibleAssets": 18755500000}, {"maxAge": 1, "endDate": "2020-09-30", "cash": 1383700000, "shortTermInvestments": 460000000, "netReceivables": 3427400000, "inventory": 62062600000, "otherCurrentAssets": 3118700000, "totalCurrentAssets": 70452400000, "longTermInvestments": 1312200000, "propertyPlantEquipment": 756300000, "intangibleAssets": 117600000, "otherAssets": 8616500000, "deferredLongTermAssetCharges": 2539000000, "totalAssets": 81255000000, "accountsPayable": 4744300000, "shortLongTermDebt": 18153600000, "otherCurrentLiab": 28413400000, "longTermDebt": 981200000, "otherLiab": 519900000, "minorityInterest": 12000000, "totalCurrentLiabilities": 60868800000, "totalLiab": 62369900000, "commonStock": 1185800000, "treasuryStock": 17687300000, "otherStockholderEquity": 17687300000, "totalStockholderEquity": 18873100000, "netTangibleAssets": 18755500000}, {"maxAge": 1, "endDate": "2020-06-30", "totalStockholderEquity": 19138500000, "netTangibleAssets": 19015200000}, {"maxAge": 1, "endDate": "2020-03-31", "cash": 1060100000, "shortTermInvestments": 7000000, "netReceivables": 4734100000, "inventory": 60925300000, "otherCurrentAssets": 2933000000, "totalCurrentAssets": 69896800000, "longTermInvestments": 1324600000, "propertyPlantEquipment": 851300000, "intangibleAssets": 123300000, "otherAssets": 8589500000, "deferredLongTermAssetCharges": 2518000000, "totalAssets": 80785500000, "accountsPayable": 5375500000, "shortLongTermDebt": 16184300000, "otherCurrentLiab": 28645800000, "longTermDebt": 1198400000, "otherLiab": 561100000, "minorityInterest": 12000000, "totalCurrentLiabilities": 59714200000, "totalLiab": 61635000000, "commonStock": 1185800000, "retainedEarnings": 8316600000, "capitalSurplus": 9636100000, "totalStockholderEquity": 19138500000, "netTangibleAssets": 19015200000}], "maxAge": 86400}, "earningsHistory": {"history": [{"maxAge": 1, "epsActual": {}, "epsEstimate": {}, "epsDifference": {}, "surprisePercent": {}, "quarter": {}, "period": "-4q"}, {"maxAge": 1, "epsActual": {}, "epsEstimate": {}, "epsDifference": {}, "surprisePercent": {}, "quarter": {}, "period": "-3q"}, {"maxAge": 1, "epsActual": {}, "epsEstimate": {}, "epsDifference": {}, "surprisePercent": {}, "quarter": {}, "period": "-2q"}, {"maxAge": 1, "epsActual": 0.7, "epsEstimate": 1.77, "epsDifference": -1.07, "surprisePercent": -0.605, "quarter": "2017-06-30", "period": "-1q"}], "maxAge": 86400}, "summaryProfile": {"address1": "#130/1, Ulsoor Road", "city": "Bengaluru", "zip": "560042", "country": "India", "phone": "91 80 2559 9000", "fax": "91 80 2559 9350", "website": "http://www.puravankara.com", "industry": "Engineering & Construction", "sector": "Industrials", "longBusinessSummary": "Puravankara Limited, together with its subsidiaries, develops residential and commercial properties in India and internationally. The company's residential projects include apartment complexes, villas, townhouses, plotted developments, and affordable housing projects; and commercial projects comprise retail and office premises, and mixed-use developments. It markets its projects under the Purva, Puravankara, and Provident brand names. The company was formerly known as Puravankara Projects Limited and changed its name to Puravankara Limited in December 2016. Puravankara Limited was founded in 1975 and is headquartered in Bengaluru, India.", "fullTimeEmployees": 1120, "companyOfficers": [], "maxAge": 86400}, "netSharePurchaseActivity": {"maxAge": 1, "period": "6m", "buyInfoCount": 0, "buyInfoShares": 0, "sellInfoCount": 0, "netInfoCount": 0, "netInfoShares": 0, "netPercentInsiderShares": 0.0, "totalInsiderShares": 191646240}, "insiderTransactions": {"transactions": [{"maxAge": 1, "shares": 14135576, "filerUrl": "", "transactionText": "", "filerName": "Puravankara (Ravi)", "filerRelation": "Chairman of the Board", "moneyText": "", "startDate": "2013-05-24", "ownership": "D"}, {"maxAge": 1, "shares": 2, "filerUrl": "", "transactionText": "", "filerName": "Raguram (V. P.)", "filerRelation": "Compliance Officer", "moneyText": "", "startDate": "2013-01-28", "ownership": "D"}], "maxAge": 1}, "sectorTrend": {"maxAge": 1, "symbol": null, "estimates": []}, "incomeStatementHistoryQuarterly": {"incomeStatementHistory": [{"maxAge": 1, "endDate": "2020-12-31", "totalRevenue": 2564100000, "costOfRevenue": 1209300000, "grossProfit": 1354800000, "researchDevelopment": {}, "sellingGeneralAdministrative": 275800000, "nonRecurring": {}, "otherOperatingExpenses": 396900000, "totalOperatingExpenses": 1933500000, "operatingIncome": 630600000, "totalOtherIncomeExpenseNet": -418600000, "ebit": 630600000, "interestExpense": -883800000, "incomeBeforeTax": 212000000, "incomeTaxExpense": 78800000, "minorityInterest": {}, "netIncomeFromContinuingOps": 133200000, "discontinuedOperations": {}, "extraordinaryItems": {}, "effectOfAccountingCharges": {}, "otherItems": {}, "netIncome": 133200000, "netIncomeApplicableToCommonShares": 133200000}, {"maxAge": 1, "endDate": "2020-09-30", "totalRevenue": 2118200000, "costOfRevenue": 753400000, "grossProfit": 1364800000, "researchDevelopment": {}, "sellingGeneralAdministrative": 245200000, "nonRecurring": {}, "otherOperatingExpenses": 396500000, "totalOperatingExpenses": 1448000000, "operatingIncome": 670200000, "totalOtherIncomeExpenseNet": -804900000, "ebit": 670200000, "interestExpense": -878600000, "incomeBeforeTax": -134700000, "incomeTaxExpense": -36600000, "minorityInterest": 12000000, "netIncomeFromContinuingOps": -98100000, "discontinuedOperations": {}, "extraordinaryItems": {}, "effectOfAccountingCharges": {}, "otherItems": {}, "netIncome": -98100000, "netIncomeApplicableToCommonShares": -98100000}, {"maxAge": 1, "endDate": "2020-06-30", "totalRevenue": 1823500000, "costOfRevenue": 646800000, "grossProfit": 1176700000, "researchDevelopment": {}, "sellingGeneralAdministrative": 282100000, "nonRecurring": {}, "otherOperatingExpenses": 306000000, "totalOperatingExpenses": 1286800000, "operatingIncome": 536700000, "totalOtherIncomeExpenseNet": -765200000, "ebit": 536700000, "interestExpense": -839200000, "incomeBeforeTax": -228500000, "incomeTaxExpense": -59200000, "minorityInterest": 12000000, "netIncomeFromContinuingOps": -169300000, "discontinuedOperations": {}, "extraordinaryItems": {}, "effectOfAccountingCharges": {}, "otherItems": {}, "netIncome": -169300000, "netIncomeApplicableToCommonShares": -169300000}, {"maxAge": 1, "endDate": "2020-03-31", "totalRevenue": 3695200000, "costOfRevenue": 2130800000, "grossProfit": 1564400000, "researchDevelopment": {}, "sellingGeneralAdministrative": 1033200000, "nonRecurring": {}, "otherOperatingExpenses": -348400000, "totalOperatingExpenses": 2880300000, "operatingIncome": 814900000, "totalOtherIncomeExpenseNet": -742000000, "ebit": 814900000, "interestExpense": -802900000, "incomeBeforeTax": 72900000, "incomeTaxExpense": 69400000, "minorityInterest": 12000000, "netIncomeFromContinuingOps": 3500000, "discontinuedOperations": {}, "extraordinaryItems": {}, "effectOfAccountingCharges": {}, "otherItems": {}, "netIncome": 3500000, "netIncomeApplicableToCommonShares": 3500000}], "maxAge": 86400}, "cashflowStatementHistoryQuarterly": {"cashflowStatements": [{"maxAge": 1, "endDate": "2020-12-31", "netIncome": 133200000, "changeToLiabilities": 0}, {"maxAge": 1, "endDate": "2020-09-30", "netIncome": -98100000, "depreciation": 52900000, "changeToNetincome": 1386300000, "changeToAccountReceivables": 403200000, "changeToLiabilities": 182500000, "changeToInventory": -1286300000, "changeToOperatingActivities": -290100000, "totalCashFromOperatingActivities": 350400000, "capitalExpenditures": 100000, "investments": -17100000, "otherCashflowsFromInvestingActivities": 40000000, "totalCashflowsFromInvestingActivities": 23500000, "netBorrowings": 649900000, "otherCashflowsFromFinancingActivities": -779300000, "totalCashFromFinancingActivities": -129400000, "changeInCash": 244500000}, {"maxAge": 1, "endDate": "2020-06-30", "netIncome": -169300000, "depreciation": 51900000, "changeToNetincome": 290400000, "changeToAccountReceivables": 403200000, "changeToLiabilities": 0, "changeToInventory": -1286300000, "changeToOperatingActivities": -290100000, "totalCashFromOperatingActivities": 173000000, "capitalExpenditures": -1000000, "investments": -17100000, "otherCashflowsFromInvestingActivities": 40000000, "totalCashflowsFromInvestingActivities": -3000000, "netBorrowings": 43000000, "otherCashflowsFromFinancingActivities": -779300000, "totalCashFromFinancingActivities": 43000000, "changeInCash": 213000000}, {"maxAge": 1, "endDate": "2020-03-31", "netIncome": 3500000, "depreciation": 51900000, "changeToNetincome": 290400000, "changeToAccountReceivables": 403200000, "changeToLiabilities": 0, "changeToInventory": -1286300000, "changeToOperatingActivities": -290100000, "totalCashFromOperatingActivities": 173000000, "capitalExpenditures": -1000000, "investments": -17100000, "otherCashflowsFromInvestingActivities": 40000000, "totalCashflowsFromInvestingActivities": -3000000, "netBorrowings": 43000000, "otherCashflowsFromFinancingActivities": -779300000, "totalCashFromFinancingActivities": 43000000, "changeInCash": 213000000}], "maxAge": 86400}, "earnings": {"maxAge": 86400, "earningsChart": {"quarterly": [{"date": "2Q2017", "actual": 0.7, "estimate": 1.77}], "currentQuarterEstimateDate": "3Q", "currentQuarterEstimateYear": 2017, "earningsDate": []}, "financialsChart": {"yearly": [{"date": 2017, "revenue": 14071200000, "earnings": 1289000000}, {"date": 2018, "revenue": 14149000000, "earnings": 914000000}, {"date": 2019, "revenue": 20504900000, "earnings": 1143500000}, {"date": 2020, "revenue": 21283700000, "earnings": 883500000}], "quarterly": [{"date": "1Q2020", "revenue": 3695200000, "earnings": 3500000}, {"date": "2Q2020", "revenue": 1823500000, "earnings": -169300000}, {"date": "3Q2020", "revenue": 2118200000, "earnings": -98100000}, {"date": "4Q2020", "revenue": 2564100000, "earnings": 133200000}]}, "financialCurrency": "INR"}, "financialData": {"maxAge": 86400, "currentPrice": 66.15, "targetHighPrice": 56.0, "targetLowPrice": 56.0, "targetMeanPrice": 56.0, "targetMedianPrice": 56.0, "recommendationMean": 2.0, "recommendationKey": "buy", "numberOfAnalystOpinions": 1, "totalCash": 1843699968, "totalCashPerShare": 7.751, "ebitda": 2848800000, "totalDebt": 28692299776, "totalRevenue": 10200999936, "debtToEquity": 151.931, "revenuePerShare": 43.246, "grossProfits": 8106900000, "earningsGrowth": -0.176, "revenueGrowth": -0.504, "grossMargins": 0.53531, "ebitdaMargins": 0.27927, "operatingMargins": 0.26001, "profitMargins": -0.01281, "financialCurrency": "INR"}}}