{"PURVA.BO": {"recommendationTrend": {"trend": [{"period": "0m", "strongBuy": 0, "buy": 0, "hold": 0, "sell": 0, "strongSell": 0}, {"period": "-1m", "strongBuy": 0, "buy": 0, "hold": 0, "sell": 0, "strongSell": 0}, {"period": "-2m", "strongBuy": 0, "buy": 0, "hold": 0, "sell": 0, "strongSell": 0}, {"period": "-3m", "strongBuy": 0, "buy": 0, "hold": 0, "sell": 0, "strongSell": 0}], "maxAge": 86400}, "cashflowStatementHistory": {"cashflowStatements": [{"maxAge": 1, "endDate": "2020-03-31", "netIncome": 883500000, "depreciation": 215700000, "changeToNetincome": 3487900000, "changeToAccountReceivables": -489500000, "changeToLiabilities": 699600000, "changeToInventory": 7342300000, "changeToOperatingActivities": -6369900000, "totalCashFromOperatingActivities": 5781700000, "capitalExpenditures": -193400000, "investments": -51500000, "otherCashflowsFromInvestingActivities": 4300000, "totalCashflowsFromInvestingActivities": -225200000, "dividendsPaid": -237200000, "netBorrowings": -2218900000, "otherCashflowsFromFinancingActivities": -3336300000, "totalCashFromFinancingActivities": -5792400000, "changeInCash": -235900000}, {"maxAge": 1, "endDate": "2019-03-31", "netIncome": 1143500000, "depreciation": 137600000, "changeToNetincome": 2707800000, "changeToAccountReceivables": 243100000, "changeToLiabilities": 533900000, "changeToInventory": 2587800000, "changeToOperatingActivities": -8675700000, "totalCashFromOperatingActivities": -1309000000, "capitalExpenditures": -197900000, "investments": -51500000, "otherCashflowsFromInvestingActivities": -45600000, "totalCashflowsFromInvestingActivities": 46700000, "dividendsPaid": -378800000, "netBorrowings": 5352400000, "otherCashflowsFromFinancingActivities": -3370700000, "totalCashFromFinancingActivities": 1602900000, "changeInCash": 340600000}, {"maxAge": 1, "endDate": "2018-03-31", "netIncome": 914000000, "depreciation": 136700000, "changeToNetincome": 1425500000, "changeToAccountReceivables": 1121500000, "changeToLiabilities": 1426300000, "changeToInventory": -2248300000, "changeToOperatingActivities": -3077100000, "totalCashFromOperatingActivities": -288500000, "capitalExpenditures": -20100000, "investments": -158700000, "otherCashflowsFromInvestingActivities": 741500000, "totalCashflowsFromInvestingActivities": 557500000, "dividendsPaid": -533600000, "netBorrowings": 3275200000, "otherCashflowsFromFinancingActivities": -2622100000, "totalCashFromFinancingActivities": 119500000, "changeInCash": 388500000}, {"maxAge": 1, "endDate": "2017-03-31", "netIncome": 1289000000, "depreciation": 151600000, "changeToNetincome": 1490200000, "changeToAccountReceivables": -507800000, "changeToLiabilities": -140800000, "changeToInventory": -10938100000, "changeToOperatingActivities": 5869600000, "totalCashFromOperatingActivities": -2773200000, "capitalExpenditures": -17800000, "investments": -238100000, "otherCashflowsFromInvestingActivities": 687300000, "totalCashflowsFromInvestingActivities": 5208200000, "dividendsPaid": -185000000, "netBorrowings": -1181900000, "otherCashflowsFromFinancingActivities": -2951400000, "totalCashFromFinancingActivities": -4318300000, "changeInCash": -1883300000}], "maxAge": 86400}, "institutionOwnership": {"ownershipList": [], "maxAge": 1}, "balanceSheetHistoryQuarterly": {"balanceSheetStatements": [{"maxAge": 1, "endDate": "2020-06-30", "totalStockholderEquity": 19138500000, "netTangibleAssets": 19015200000}, {"maxAge": 1, "endDate": "2020-03-31", "cash": 1060100000, "shortTermInvestments": 7000000, "netReceivables": 4734100000, "inventory": 60925300000, "otherCurrentAssets": 2933000000, "totalCurrentAssets": 69896800000, "longTermInvestments": 1324600000, "propertyPlantEquipment": 851300000, "intangibleAssets": 123300000, "otherAssets": 8589500000, "deferredLongTermAssetCharges": 2518000000, "totalAssets": 80785500000, "accountsPayable": 5375500000, "shortLongTermDebt": 16184300000, "otherCurrentLiab": 28645800000, "longTermDebt": 1198400000, "otherLiab": 561100000, "minorityInterest": 12000000, "totalCurrentLiabilities": 59714200000, "totalLiab": 61635000000, "commonStock": 1185800000, "retainedEarnings": 8316600000, "capitalSurplus": 9636100000, "totalStockholderEquity": 19138500000, "netTangibleAssets": 19015200000}, {"maxAge": 1, "endDate": "2019-12-31", "totalStockholderEquity": 18948200000, "netTangibleAssets": 18831200000}, {"maxAge": 1, "endDate": "2019-09-30", "cash": 1810800000, "shortTermInvestments": 425200000, "netReceivables": 3622200000, "inventory": 63324800000, "otherCurrentAssets": 2996000000, "totalCurrentAssets": 72179000000, "longTermInvestments": 1657900000, "propertyPlantEquipment": 963000000, "intangibleAssets": 117000000, "otherAssets": 8787800000, "deferredLongTermAssetCharges": 2749700000, "totalAssets": 83704700000, "accountsPayable": 4817600000, "shortLongTermDebt": 17954100000, "otherCurrentLiab": 30653500000, "longTermDebt": 3538900000, "otherLiab": 636800000, "totalCurrentLiabilities": 60580800000, "totalLiab": 64756500000, "commonStock": 1185800000, "treasuryStock": 17762400000, "otherStockholderEquity": 17762400000, "totalStockholderEquity": 18948200000, "netTangibleAssets": 18831200000}], "maxAge": 86400}, "earningsHistory": {"history": [{"maxAge": 1, "epsActual": {}, "epsEstimate": {}, "epsDifference": {}, "surprisePercent": {}, "quarter": {}, "period": "-4q"}, {"maxAge": 1, "epsActual": {}, "epsEstimate": {}, "epsDifference": {}, "surprisePercent": {}, "quarter": {}, "period": "-3q"}, {"maxAge": 1, "epsActual": {}, "epsEstimate": {}, "epsDifference": {}, "surprisePercent": {}, "quarter": {}, "period": "-2q"}, {"maxAge": 1, "epsActual": 0.7, "epsEstimate": 1.77, "epsDifference": -1.07, "surprisePercent": -0.605, "quarter": "2017-06-30", "period": "-1q"}], "maxAge": 86400}, "indexTrend": {"maxAge": 1, "symbol": "SP5", "peRatio": 19.7411, "pegRatio": 1.34172, "estimates": [{"period": "0q", "growth": 0.549}, {"period": "+1q", "growth": 0.431}, {"period": "0y", "growth": 0.305}, {"period": "+1y", "growth": 0.109}, {"period": "+5y", "growth": 0.120865}, {"period": "-5y"}]}, "industryTrend": {"maxAge": 1, "symbol": null, "estimates": []}, "insiderTransactions": {"transactions": [{"maxAge": 1, "shares": 14135576, "filerUrl": "", "transactionText": "", "filerName": "Puravankara (Ravi)", "filerRelation": "Chairman of the Board", "moneyText": "", "startDate": "2013-05-24", "ownership": "D"}, {"maxAge": 1, "shares": 2, "filerUrl": "", "transactionText": "", "filerName": "Raguram (V. P.)", "filerRelation": "Compliance Officer", "moneyText": "", "startDate": "2013-01-28", "ownership": "D"}], "maxAge": 1}, "quoteType": {"exchange": "BSE", "quoteType": "EQUITY", "symbol": "PURVA.BO", "underlyingSymbol": "PURVA.BO", "shortName": "Puravankara Limited", "longName": "Puravankara Limited", "firstTradeDateEpochUtc": "2007-08-30 09:15:00", "timeZoneFullName": "Asia/Kolkata", "timeZoneShortName": "IST", "uuid": "0670e78e-e3f4-3275-abc1-977b4099e3a6", "gmtOffSetMilliseconds": 19800000, "maxAge": 1}, "incomeStatementHistory": {"incomeStatementHistory": [{"maxAge": 1, "endDate": "2020-03-31", "totalRevenue": 21283700000, "costOfRevenue": 13176800000, "grossProfit": 8106900000, "researchDevelopment": {}, "sellingGeneralAdministrative": 2131000000, "nonRecurring": {}, "otherOperatingExpenses": 1399300000, "totalOperatingExpenses": 16935000000, "operatingIncome": 4348700000, "totalOtherIncomeExpenseNet": -2945200000, "ebit": 4348700000, "interestExpense": -3366300000, "incomeBeforeTax": 1403500000, "incomeTaxExpense": 520000000, "minorityInterest": 12000000, "netIncomeFromContinuingOps": 883500000, "discontinuedOperations": {}, "extraordinaryItems": {}, "effectOfAccountingCharges": {}, "otherItems": {}, "netIncome": 883500000, "netIncomeApplicableToCommonShares": 883500000}, {"maxAge": 1, "endDate": "2019-03-31", "totalRevenue": 20504900000, "costOfRevenue": 12494500000, "grossProfit": 8010400000, "researchDevelopment": {}, "sellingGeneralAdministrative": 2029700000, "nonRecurring": {}, "otherOperatingExpenses": 1306700000, "totalOperatingExpenses": 15981500000, "operatingIncome": 4523400000, "totalOtherIncomeExpenseNet": -2805700000, "ebit": 4523400000, "interestExpense": -3242900000, "incomeBeforeTax": 1717700000, "incomeTaxExpense": 574200000, "minorityInterest": 12000000, "netIncomeFromContinuingOps": 1143500000, "discontinuedOperations": {}, "extraordinaryItems": {}, "effectOfAccountingCharges": {}, "otherItems": {}, "netIncome": 1143500000, "netIncomeApplicableToCommonShares": 1143500000}, {"maxAge": 1, "endDate": "2018-03-31", "totalRevenue": 14149000000, "costOfRevenue": 8158400000, "grossProfit": 5990600000, "researchDevelopment": {}, "sellingGeneralAdministrative": 1609200000, "nonRecurring": {}, "otherOperatingExpenses": 1266800000, "totalOperatingExpenses": 11184000000, "operatingIncome": 2965000000, "totalOtherIncomeExpenseNet": -1676800000, "ebit": 2965000000, "interestExpense": -2507900000, "incomeBeforeTax": 1288200000, "incomeTaxExpense": 374200000, "minorityInterest": 12000000, "netIncomeFromContinuingOps": 914000000, "discontinuedOperations": {}, "extraordinaryItems": {}, "effectOfAccountingCharges": {}, "otherItems": {}, "netIncome": 914000000, "netIncomeApplicableToCommonShares": 914000000}, {"maxAge": 1, "endDate": "2017-03-31", "totalRevenue": 14071200000, "costOfRevenue": 7063900000, "grossProfit": 7007300000, "researchDevelopment": {}, "sellingGeneralAdministrative": 1637800000, "nonRecurring": {}, "otherOperatingExpenses": 1277600000, "totalOperatingExpenses": 10144000000, "operatingIncome": 3927200000, "totalOtherIncomeExpenseNet": -2219200000, "ebit": 3927200000, "interestExpense": -2878200000, "incomeBeforeTax": 1708000000, "incomeTaxExpense": 419000000, "minorityInterest": 12000000, "netIncomeFromContinuingOps": 1289000000, "discontinuedOperations": {}, "extraordinaryItems": {}, "effectOfAccountingCharges": {}, "otherItems": {}, "netIncome": 1289000000, "netIncomeApplicableToCommonShares": 1289000000}], "maxAge": 86400}, "fundOwnership": {"ownershipList": [], "maxAge": 1}, "summaryDetail": {"maxAge": 1, "priceHint": 2, "previousClose": 66.55, "open": 67.5, "dayLow": 65.55, "dayHigh": 70.0, "regularMarketPreviousClose": 66.55, "regularMarketOpen": 67.5, "regularMarketDayLow": 65.55, "regularMarketDayHigh": 70.0, "trailingPE": 58.34798, "forwardPE": 10.121951, "volume": 16234, "regularMarketVolume": 16234, "averageVolume": 57414, "averageVolume10days": 8738, "averageDailyVolume10Day": 8738, "bid": 66.4, "ask": 68.0, "bidSize": 0, "askSize": 0, "marketCap": 15746760704, "fiftyTwoWeekLow": 28.65, "fiftyTwoWeekHigh": 96.0, "fiftyDayAverage": 82.39697, "twoHundredDayAverage": 57.374264, "trailingAnnualDividendRate": 1.0, "trailingAnnualDividendYield": 0.015026296, "currency": "INR", "fromCurrency": null, "lastMarket": null, "algorithm": null, "tradeable": false}, "sectorTrend": {"maxAge": 1, "symbol": null, "estimates": []}, "incomeStatementHistoryQuarterly": {"incomeStatementHistory": [{"maxAge": 1, "endDate": "2020-06-30", "totalRevenue": 1823500000, "costOfRevenue": 646800000, "grossProfit": 1176700000, "researchDevelopment": {}, "sellingGeneralAdministrative": 282100000, "nonRecurring": {}, "otherOperatingExpenses": 306000000, "totalOperatingExpenses": 1286800000, "operatingIncome": 536700000, "totalOtherIncomeExpenseNet": -765200000, "ebit": 536700000, "interestExpense": -839200000, "incomeBeforeTax": -228500000, "incomeTaxExpense": -59200000, "minorityInterest": {}, "netIncomeFromContinuingOps": -169300000, "discontinuedOperations": {}, "extraordinaryItems": {}, "effectOfAccountingCharges": {}, "otherItems": {}, "netIncome": -169300000, "netIncomeApplicableToCommonShares": -169300000}, {"maxAge": 1, "endDate": "2020-03-31", "totalRevenue": 3695200000, "costOfRevenue": 2130800000, "grossProfit": 1564400000, "researchDevelopment": {}, "sellingGeneralAdministrative": 1033200000, "nonRecurring": {}, "otherOperatingExpenses": -348400000, "totalOperatingExpenses": 2880300000, "operatingIncome": 814900000, "totalOtherIncomeExpenseNet": -742000000, "ebit": 814900000, "interestExpense": -802900000, "incomeBeforeTax": 72900000, "incomeTaxExpense": 69400000, "minorityInterest": 12000000, "netIncomeFromContinuingOps": 3500000, "discontinuedOperations": {}, "extraordinaryItems": {}, "effectOfAccountingCharges": {}, "otherItems": {}, "netIncome": 3500000, "netIncomeApplicableToCommonShares": 3500000}, {"maxAge": 1, "endDate": "2019-12-31", "totalRevenue": 5169900000, "costOfRevenue": 3185900000, "grossProfit": 1984000000, "researchDevelopment": {}, "sellingGeneralAdministrative": 392100000, "nonRecurring": {}, "otherOperatingExpenses": 545700000, "totalOperatingExpenses": 4179500000, "operatingIncome": 990400000, "totalOtherIncomeExpenseNet": -733800000, "ebit": 990400000, "interestExpense": -835500000, "incomeBeforeTax": 256600000, "incomeTaxExpense": 95600000, "minorityInterest": 12000000, "netIncomeFromContinuingOps": 161000000, "discontinuedOperations": {}, "extraordinaryItems": {}, "effectOfAccountingCharges": {}, "otherItems": {}, "netIncome": 161000000, "netIncomeApplicableToCommonShares": 161000000}, {"maxAge": 1, "endDate": "2019-09-30", "totalRevenue": 6118100000, "costOfRevenue": 4035100000, "grossProfit": 2083000000, "researchDevelopment": {}, "sellingGeneralAdministrative": 348900000, "nonRecurring": {}, "otherOperatingExpenses": 528100000, "totalOperatingExpenses": 4967100000, "operatingIncome": 1151000000, "totalOtherIncomeExpenseNet": -725500000, "ebit": 1151000000, "interestExpense": -835700000, "incomeBeforeTax": 425500000, "incomeTaxExpense": 150500000, "minorityInterest": 12000000, "netIncomeFromContinuingOps": 275000000, "discontinuedOperations": {}, "extraordinaryItems": {}, "effectOfAccountingCharges": {}, "otherItems": {}, "netIncome": 275000000, "netIncomeApplicableToCommonShares": 275000000}], "maxAge": 86400}, "cashflowStatementHistoryQuarterly": {"cashflowStatements": [{"maxAge": 1, "endDate": "2020-06-30", "netIncome": -169300000, "depreciation": 51900000, "changeToNetincome": 290400000, "changeToLiabilities": 0, "totalCashFromOperatingActivities": 173000000, "capitalExpenditures": -1000000, "totalCashflowsFromInvestingActivities": -3000000, "netBorrowings": 43000000, "totalCashFromFinancingActivities": 43000000, "changeInCash": 213000000}, {"maxAge": 1, "endDate": "2020-03-31", "netIncome": 3500000, "depreciation": 51900000, "changeToNetincome": 290400000, "changeToLiabilities": 0, "totalCashFromOperatingActivities": 173000000, "capitalExpenditures": -1000000, "totalCashflowsFromInvestingActivities": -3000000, "netBorrowings": 43000000, "totalCashFromFinancingActivities": 43000000, "changeInCash": 213000000}, {"maxAge": 1, "endDate": "2019-12-31", "netIncome": 161000000, "depreciation": 51900000, "changeToNetincome": 290400000, "changeToLiabilities": 0, "totalCashFromOperatingActivities": 173000000, "capitalExpenditures": -1000000, "totalCashflowsFromInvestingActivities": -3000000, "netBorrowings": 43000000, "totalCashFromFinancingActivities": 43000000, "changeInCash": 213000000}, {"maxAge": 1, "endDate": "2019-09-30", "netIncome": 275000000, "depreciation": 51900000, "changeToNetincome": 290400000, "changeToLiabilities": 0, "totalCashFromOperatingActivities": 173000000, "capitalExpenditures": -1000000, "totalCashflowsFromInvestingActivities": -3000000, "netBorrowings": 43000000, "totalCashFromFinancingActivities": 43000000, "changeInCash": 213000000}], "maxAge": 86400}, "insiderHolders": {"holders": [{"maxAge": 1, "name": "Puravankara (Ravi)", "relation": "Chairman of the Board", "url": "", "transactionDescription": "Sale", "latestTransDate": "2013-05-24", "positionDirect": 177852904, "positionDirectDate": "2013-05-24"}, {"maxAge": 1, "name": "Raguram (V. P.)", "relation": "Compliance Officer", "url": "", "transactionDescription": "Acquisition", "latestTransDate": "2013-01-28", "positionDirect": 2, "positionDirectDate": "2013-01-28"}], "maxAge": 1}, "earnings": {"maxAge": 86400, "earningsChart": {"quarterly": [{"date": "2Q2017", "actual": 0.7, "estimate": 1.77}], "currentQuarterEstimateDate": "3Q", "currentQuarterEstimateYear": 2017, "earningsDate": ["2020-11-05 05:30:S", "2020-11-09 05:30:S"]}, "financialsChart": {"yearly": [{"date": 2017, "revenue": 14071200000, "earnings": 1289000000}, {"date": 2018, "revenue": 14149000000, "earnings": 914000000}, {"date": 2019, "revenue": 20504900000, "earnings": 1143500000}, {"date": 2020, "revenue": 21283700000, "earnings": 883500000}], "quarterly": [{"date": "3Q2019", "revenue": 6118100000, "earnings": 275000000}, {"date": "4Q2019", "revenue": 5169900000, "earnings": 161000000}, {"date": "1Q2020", "revenue": 3695200000, "earnings": 3500000}, {"date": "2Q2020", "revenue": 1823500000, "earnings": -169300000}]}, "financialCurrency": "INR"}, "calendarEvents": {"maxAge": 1, "earnings": {"earningsDate": ["2020-11-05 05:30:S", "2020-11-09 05:30:S"], "revenueAverage": 3715300000}}, "upgradeDowngradeHistory": {"history": [], "maxAge": 86400}, "price": {"maxAge": 1, "regularMarketChangePercent": -0.0022539673, "regularMarketChange": -0.15000153, "regularMarketTime": "2021-04-30 15:40:29", "priceHint": 2, "regularMarketPrice": 66.4, "regularMarketDayHigh": 70.0, "regularMarketDayLow": 65.55, "regularMarketVolume": 16234, "averageDailyVolume10Day": 8738, "averageDailyVolume3Month": 57414, "regularMarketPreviousClose": 66.55, "regularMarketSource": "FREE_REALTIME", "regularMarketOpen": 67.5, "exchange": "BSE", "exchangeName": "BSE", "exchangeDataDelayedBy": 0, "marketState": "CLOSED", "quoteType": "EQUITY", "symbol": "PURVA.BO", "underlyingSymbol": null, "shortName": "Puravankara Limited", "longName": "Puravankara Limited", "currency": "INR", "quoteSourceName": "Delayed Quote", "currencySymbol": "\u20b9", "fromCurrency": null, "lastMarket": null, "marketCap": 15746760704}, "balanceSheetHistory": {"balanceSheetStatements": [{"maxAge": 1, "endDate": "2020-03-31", "cash": 1060100000, "shortTermInvestments": 7000000, "netReceivables": 4734100000, "inventory": 60925300000, "otherCurrentAssets": 2933000000, "totalCurrentAssets": 69896800000, "longTermInvestments": 1324600000, "propertyPlantEquipment": 851300000, "intangibleAssets": 123300000, "otherAssets": 8589500000, "deferredLongTermAssetCharges": 2518000000, "totalAssets": 80785500000, "accountsPayable": 5375500000, "shortLongTermDebt": 16184300000, "otherCurrentLiab": 28645800000, "longTermDebt": 1198400000, "otherLiab": 561100000, "minorityInterest": 12000000, "totalCurrentLiabilities": 59714200000, "totalLiab": 61635000000, "commonStock": 1185800000, "retainedEarnings": 8316600000, "capitalSurplus": 9636100000, "totalStockholderEquity": 19138500000, "netTangibleAssets": 19015200000}, {"maxAge": 1, "endDate": "2019-03-31", "cash": 1491200000, "shortTermInvestments": 1400000, "netReceivables": 3813500000, "inventory": 67661000000, "otherCurrentAssets": 2536500000, "totalCurrentAssets": 75711700000, "longTermInvestments": 1302000000, "propertyPlantEquipment": 983900000, "intangibleAssets": 107800000, "otherAssets": 9230200000, "deferredLongTermAssetCharges": 3017500000, "totalAssets": 87335600000, "accountsPayable": 4676000000, "shortLongTermDebt": 17666500000, "otherCurrentLiab": 34722400000, "longTermDebt": 4353900000, "otherLiab": 319200000, "totalCurrentLiabilities": 64095000000, "totalLiab": 68768100000, "commonStock": 1185800000, "retainedEarnings": 7745600000, "treasuryStock": 17381700000, "capitalSurplus": 9636100000, "otherStockholderEquity": 17381700000, "totalStockholderEquity": 18567500000, "netTangibleAssets": 18459700000}, {"maxAge": 1, "endDate": "2018-03-31", "cash": 1323100000, "netReceivables": 8872400000, "inventory": 46870600000, "otherCurrentAssets": 2318400000, "totalCurrentAssets": 59527400000, "longTermInvestments": 1314400000, "propertyPlantEquipment": 937400000, "intangibleAssets": 31600000, "otherAssets": 6102400000, "deferredLongTermAssetCharges": 533300000, "totalAssets": 67913200000, "accountsPayable": 4409000000, "shortLongTermDebt": 15629900000, "otherCurrentLiab": 15270900000, "longTermDebt": 1379900000, "otherLiab": 289900000, "totalCurrentLiabilities": 42311700000, "totalLiab": 43981500000, "commonStock": 1185800000, "retainedEarnings": 13109800000, "capitalSurplus": 9636100000, "totalStockholderEquity": 23931700000, "netTangibleAssets": 23900100000}, {"maxAge": 1, "endDate": "2017-03-31", "cash": 946100000, "netReceivables": 7898100000, "inventory": 45511100000, "otherCurrentAssets": 1334700000, "totalCurrentAssets": 55901900000, "longTermInvestments": 1163000000, "propertyPlantEquipment": 708800000, "intangibleAssets": 39300000, "otherAssets": 4776300000, "deferredLongTermAssetCharges": 624900000, "totalAssets": 62589300000, "accountsPayable": 2982700000, "shortLongTermDebt": 10681100000, "otherCurrentLiab": 14808700000, "longTermDebt": 2898600000, "otherLiab": 298000000, "totalCurrentLiabilities": 35597400000, "totalLiab": 38926900000, "commonStock": 1185800000, "retainedEarnings": 12840500000, "capitalSurplus": 9636100000, "totalStockholderEquity": 23662400000, "netTangibleAssets": 23623100000}], "maxAge": 86400}, "earningsTrend": {"trend": [{"maxAge": 1, "period": "0q", "endDate": "2017-09-30", "growth": {}, "earningsEstimate": {"avg": 0.0, "low": 0.0, "high": 0.0, "yearAgoEps": {}, "numberOfAnalysts": 0, "growth": {}}, "revenueEstimate": {"avg": 3715300000, "low": 0, "high": 0, "numberOfAnalysts": 0, "yearAgoRevenue": {}, "growth": {}}, "epsTrend": {"current": 0.0, "7daysAgo": 0.0, "30daysAgo": 0.0, "60daysAgo": 0.0, "90daysAgo": 0.0}, "epsRevisions": {"upLast7days": 0, "upLast30days": 0, "downLast30days": 0, "downLast90days": {}}}, {"maxAge": 1, "period": "+1q", "endDate": "2017-12-31", "growth": {}, "earningsEstimate": {"avg": 0.0, "low": 0.0, "high": 0.0, "yearAgoEps": {}, "numberOfAnalysts": 0, "growth": {}}, "revenueEstimate": {"avg": 4164600000, "low": 0, "high": 0, "numberOfAnalysts": 0, "yearAgoRevenue": {}, "growth": {}}, "epsTrend": {"current": 0.0, "7daysAgo": 0.0, "30daysAgo": 0.0, "60daysAgo": 0.0, "90daysAgo": 0.0}, "epsRevisions": {"upLast7days": 0, "upLast30days": 0, "downLast30days": 0, "downLast90days": {}}}, {"maxAge": 1, "period": "0y", "endDate": "2018-03-31", "growth": {}, "earningsEstimate": {"avg": 0.0, "low": 0.0, "high": 0.0, "yearAgoEps": {}, "numberOfAnalysts": 0, "growth": {}}, "revenueEstimate": {"avg": 15049400000, "low": 15619000000, "high": 15619000000, "numberOfAnalysts": 1, "yearAgoRevenue": 13236400000, "growth": 0.137}, "epsTrend": {"current": 0.0, "7daysAgo": 5.58, "30daysAgo": 5.58, "60daysAgo": 5.58, "90daysAgo": 5.58}, "epsRevisions": {"upLast7days": 0, "upLast30days": 0, "downLast30days": 0, "downLast90days": {}}}, {"maxAge": 1, "period": "+1y", "endDate": "2019-03-31", "growth": {}, "earningsEstimate": {"avg": 0.0, "low": 0.0, "high": 0.0, "yearAgoEps": {}, "numberOfAnalysts": 0, "growth": {}}, "revenueEstimate": {"avg": 17337100000, "low": 17337100000, "high": 17337100000, "numberOfAnalysts": 1, "yearAgoRevenue": 15049400000, "growth": 0.152}, "epsTrend": {"current": 0.0, "7daysAgo": 6.56, "30daysAgo": 6.56, "60daysAgo": 6.56, "90daysAgo": 6.56}, "epsRevisions": {"upLast7days": 0, "upLast30days": 0, "downLast30days": 0, "downLast90days": {}}}, {"maxAge": 1, "period": "+5y", "endDate": null, "growth": 0.13, "earningsEstimate": {"avg": {}, "low": {}, "high": {}, "yearAgoEps": {}, "numberOfAnalysts": {}, "growth": {}}, "revenueEstimate": {"avg": {}, "low": {}, "high": {}, "numberOfAnalysts": {}, "yearAgoRevenue": {}, "growth": {}}, "epsTrend": {"current": {}, "7daysAgo": {}, "30daysAgo": {}, "60daysAgo": {}, "90daysAgo": {}}, "epsRevisions": {"upLast7days": {}, "upLast30days": {}, "downLast30days": {}, "downLast90days": {}}}, {"maxAge": 1, "period": "-5y", "endDate": null, "growth": {}, "earningsEstimate": {"avg": {}, "low": {}, "high": {}, "yearAgoEps": {}, "numberOfAnalysts": {}, "growth": {}}, "revenueEstimate": {"avg": {}, "low": {}, "high": {}, "numberOfAnalysts": {}, "yearAgoRevenue": {}, "growth": {}}, "epsTrend": {"current": {}, "7daysAgo": {}, "30daysAgo": {}, "60daysAgo": {}, "90daysAgo": {}}, "epsRevisions": {"upLast7days": {}, "upLast30days": {}, "downLast30days": {}, "downLast90days": {}}}], "maxAge": 1}, "financialData": {"maxAge": 86400, "currentPrice": 66.4, "targetHighPrice": 56.0, "targetLowPrice": 56.0, "targetMeanPrice": 56.0, "targetMedianPrice": 56.0, "recommendationKey": "none", "numberOfAnalystOpinions": 1, "grossProfits": 8106900000, "financialCurrency": "INR"}}}