{"PWASML.BO": {"cashflowStatementHistory": {"cashflowStatements": [{"maxAge": 1, "endDate": "2020-03-31", "netIncome": 80557000, "depreciation": 42911000, "changeToNetincome": -31297000, "changeToAccountReceivables": -19053000, "changeToLiabilities": -3983000, "changeToInventory": 71503000, "changeToOperatingActivities": 26115000, "totalCashFromOperatingActivities": 166753000, "capitalExpenditures": -27962000, "otherCashflowsFromInvestingActivities": 4566000, "totalCashflowsFromInvestingActivities": 39979000, "netBorrowings": -188345000, "otherCashflowsFromFinancingActivities": -20257000, "totalCashFromFinancingActivities": -208602000, "changeInCash": -1870000}, {"maxAge": 1, "endDate": "2019-03-31", "netIncome": 39356000, "depreciation": 47403000, "changeToNetincome": 57973000, "changeToAccountReceivables": 27294000, "changeToLiabilities": -28878000, "changeToInventory": -30644000, "changeToOperatingActivities": -7176000, "totalCashFromOperatingActivities": 105328000, "capitalExpenditures": -7548000, "otherCashflowsFromInvestingActivities": 5445000, "totalCashflowsFromInvestingActivities": -2103000, "netBorrowings": -81921000, "otherCashflowsFromFinancingActivities": -35415000, "totalCashFromFinancingActivities": -117336000, "changeInCash": -14111000}, {"maxAge": 1, "endDate": "2018-03-31", "netIncome": 24574000, "depreciation": 47427000, "changeToNetincome": 37929000, "changeToAccountReceivables": -9372000, "changeToLiabilities": 31999000, "changeToInventory": -12898000, "changeToOperatingActivities": -46473000, "totalCashFromOperatingActivities": 73186000, "capitalExpenditures": -124544000, "investments": 47000, "otherCashflowsFromInvestingActivities": 4378000, "totalCashflowsFromInvestingActivities": -119419000, "netBorrowings": 93074000, "otherCashflowsFromFinancingActivities": -32580000, "totalCashFromFinancingActivities": 60494000, "changeInCash": 14261000}, {"maxAge": 1, "endDate": "2017-03-31", "netIncome": 27598000, "depreciation": 44105000, "changeToNetincome": 16053000, "changeToAccountReceivables": -19819000, "changeToLiabilities": -1016000, "changeToInventory": -4385000, "changeToOperatingActivities": 13768000, "totalCashFromOperatingActivities": 76304000, "capitalExpenditures": -36752000, "investments": -3000, "otherCashflowsFromInvestingActivities": 3000, "totalCashflowsFromInvestingActivities": -36082000, "netBorrowings": -9524000, "otherCashflowsFromFinancingActivities": -30634000, "totalCashFromFinancingActivities": -40158000, "changeInCash": 64000}], "maxAge": 86400}, "institutionOwnership": {"maxAge": 1, "ownershipList": []}, "balanceSheetHistoryQuarterly": {"balanceSheetStatements": [{"maxAge": 1, "endDate": "2020-06-30", "totalStockholderEquity": 482330000, "netTangibleAssets": 482330000}, {"maxAge": 1, "endDate": "2020-03-31", "cash": 2247000, "shortTermInvestments": 61000, "netReceivables": 172516000, "inventory": 141653000, "otherCurrentAssets": 10231000, "totalCurrentAssets": 326717000, "propertyPlantEquipment": 400359000, "otherAssets": 4337000, "totalAssets": 731413000, "accountsPayable": 51081000, "shortLongTermDebt": 38564000, "otherCurrentLiab": 47750000, "longTermDebt": 57733000, "otherLiab": 28574000, "totalCurrentLiabilities": 162776000, "totalLiab": 249083000, "commonStock": 102598000, "retainedEarnings": 317179000, "treasuryStock": 13734000, "capitalSurplus": 48819000, "otherStockholderEquity": 13734000, "totalStockholderEquity": 482330000, "netTangibleAssets": 482330000}, {"maxAge": 1, "endDate": "2019-12-31"}, {"maxAge": 1, "endDate": "2019-09-30"}], "maxAge": 86400}, "indexTrend": {"maxAge": 1, "symbol": "SP5", "peRatio": 19.7411, "pegRatio": 1.34172, "estimates": [{"period": "0q", "growth": 0.549}, {"period": "+1q", "growth": 0.431}, {"period": "0y", "growth": 0.305}, {"period": "+1y", "growth": 0.109}, {"period": "+5y", "growth": 0.120859005}, {"period": "-5y"}]}, "insiderTransactions": {"transactions": [{"maxAge": 1, "shares": 51000, "filerUrl": "", "transactionText": "", "filerName": "Gupta (Jai Kishan)", "filerRelation": "Director", "moneyText": "", "startDate": "2014-01-31", "ownership": "D"}, {"maxAge": 1, "shares": 37600, "filerUrl": "", "transactionText": "", "filerName": "Gupta (Jai Kishan)", "filerRelation": "Director", "moneyText": "", "startDate": "2014-01-31", "ownership": "D"}], "maxAge": 1}, "quoteType": {"exchange": "BSE", "quoteType": "EQUITY", "symbol": "PWASML.BO", "underlyingSymbol": "PWASML.BO", "shortName": "Prakash Woollen & Synthetic Mi", "longName": "Prakash Woollen & Synthetic Mills Limited", "firstTradeDateEpochUtc": "2007-05-03 09:15:00", "timeZoneFullName": "Asia/Kolkata", "timeZoneShortName": "IST", "uuid": "d2425a3a-be1b-3ae0-b396-eae3ca49f3e6", "messageBoardId": null, "gmtOffSetMilliseconds": 19800000, "maxAge": 1}, "incomeStatementHistory": {"incomeStatementHistory": [{"maxAge": 1, "endDate": "2020-03-31", "totalRevenue": 1325655000, "costOfRevenue": 980594000, "grossProfit": 345061000, "researchDevelopment": {}, "sellingGeneralAdministrative": 92256000, "nonRecurring": {}, "otherOperatingExpenses": 142154000, "totalOperatingExpenses": 1257915000, "operatingIncome": 67740000, "totalOtherIncomeExpenseNet": 32796000, "ebit": 67740000, "interestExpense": -18139000, "incomeBeforeTax": 100536000, "incomeTaxExpense": 19979000, "minorityInterest": {}, "netIncomeFromContinuingOps": 80557000, "discontinuedOperations": {}, "extraordinaryItems": {}, "effectOfAccountingCharges": {}, "otherItems": {}, "netIncome": 80557000, "netIncomeApplicableToCommonShares": 80557000}, {"maxAge": 1, "endDate": "2019-03-31", "totalRevenue": 1269850000, "costOfRevenue": 928842000, "grossProfit": 341008000, "researchDevelopment": {}, "sellingGeneralAdministrative": 83827000, "nonRecurring": {}, "otherOperatingExpenses": 130952000, "totalOperatingExpenses": 1191024000, "operatingIncome": 78826000, "totalOtherIncomeExpenseNet": -31612000, "ebit": 78826000, "interestExpense": -36602000, "incomeBeforeTax": 47214000, "incomeTaxExpense": 7858000, "minorityInterest": {}, "netIncomeFromContinuingOps": 39356000, "discontinuedOperations": {}, "extraordinaryItems": {}, "effectOfAccountingCharges": {}, "otherItems": {}, "netIncome": 39356000, "netIncomeApplicableToCommonShares": 39356000}, {"maxAge": 1, "endDate": "2018-03-31", "totalRevenue": 996455000, "costOfRevenue": 672729000, "grossProfit": 323726000, "researchDevelopment": {}, "sellingGeneralAdministrative": 79238000, "nonRecurring": {}, "otherOperatingExpenses": 124876000, "totalOperatingExpenses": 924270000, "operatingIncome": 72185000, "totalOtherIncomeExpenseNet": -33499000, "ebit": 72185000, "interestExpense": -33025000, "incomeBeforeTax": 38686000, "incomeTaxExpense": 14112000, "minorityInterest": {}, "netIncomeFromContinuingOps": 24574000, "discontinuedOperations": {}, "extraordinaryItems": {}, "effectOfAccountingCharges": {}, "otherItems": {}, "netIncome": 24574000, "netIncomeApplicableToCommonShares": 24574000}, {"maxAge": 1, "endDate": "2017-03-31", "totalRevenue": 1040772000, "costOfRevenue": 712015000, "grossProfit": 328757000, "researchDevelopment": {}, "sellingGeneralAdministrative": 67016000, "nonRecurring": {}, "otherOperatingExpenses": 145412000, "totalOperatingExpenses": 968548000, "operatingIncome": 72224000, "totalOtherIncomeExpenseNet": -30443000, "ebit": 72224000, "interestExpense": -29242000, "incomeBeforeTax": 41781000, "incomeTaxExpense": 14183000, "minorityInterest": {}, "netIncomeFromContinuingOps": 27598000, "discontinuedOperations": {}, "extraordinaryItems": {}, "effectOfAccountingCharges": {}, "otherItems": {}, "netIncome": 27598000, "netIncomeApplicableToCommonShares": 27598000}], "maxAge": 86400}, "fundOwnership": {"maxAge": 1, "ownershipList": []}, "summaryDetail": {"maxAge": 1, "priceHint": 2, "previousClose": 23.95, "open": 24.0, "dayLow": 20.5, "dayHigh": 24.0, "regularMarketPreviousClose": 23.95, "regularMarketOpen": 24.0, "regularMarketDayLow": 20.5, "regularMarketDayHigh": 24.0, "trailingPE": 3.7432303, "volume": 2182, "regularMarketVolume": 2182, "averageVolume": 2840, "averageVolume10days": 1757, "averageDailyVolume10Day": 1757, "bid": 21.9, "ask": 23.85, "bidSize": 0, "askSize": 0, "marketCap": 241105296, "fiftyTwoWeekLow": 13.55, "fiftyTwoWeekHigh": 27.85, "fiftyDayAverage": 24.255714, "twoHundredDayAverage": 21.539782, "currency": "INR", "fromCurrency": null, "toCurrency": null, "lastMarket": null, "algorithm": null, "tradeable": false}, "incomeStatementHistoryQuarterly": {"incomeStatementHistory": [{"maxAge": 1, "endDate": "2020-06-30", "totalRevenue": 112826000, "costOfRevenue": 74477000, "grossProfit": 38349000, "researchDevelopment": {}, "sellingGeneralAdministrative": 17200000, "nonRecurring": {}, "otherOperatingExpenses": 24143000, "totalOperatingExpenses": 125974000, "operatingIncome": -13148000, "totalOtherIncomeExpenseNet": -788000, "ebit": -13148000, "interestExpense": -2556000, "incomeBeforeTax": -13936000, "incomeTaxExpense": -2467000, "minorityInterest": {}, "netIncomeFromContinuingOps": -11469000, "discontinuedOperations": {}, "extraordinaryItems": {}, "effectOfAccountingCharges": {}, "otherItems": {}, "netIncome": -11469000, "netIncomeApplicableToCommonShares": -11469000}, {"maxAge": 1, "endDate": "2020-03-31", "totalRevenue": 230279000, "costOfRevenue": 174391000, "grossProfit": 55888000, "researchDevelopment": {}, "sellingGeneralAdministrative": 24272000, "nonRecurring": {}, "otherOperatingExpenses": 9980000, "totalOperatingExpenses": 220203000, "operatingIncome": 10076000, "totalOtherIncomeExpenseNet": -3655000, "ebit": 10076000, "interestExpense": -3471000, "incomeBeforeTax": 6421000, "incomeTaxExpense": 3184000, "minorityInterest": {}, "netIncomeFromContinuingOps": 3237000, "discontinuedOperations": {}, "extraordinaryItems": {}, "effectOfAccountingCharges": {}, "otherItems": {}, "netIncome": 3237000, "netIncomeApplicableToCommonShares": 3237000}, {"maxAge": 1, "endDate": "2019-12-31", "totalRevenue": 497868000, "costOfRevenue": 386892000, "grossProfit": 110976000, "researchDevelopment": {}, "sellingGeneralAdministrative": 22600000, "nonRecurring": {}, "otherOperatingExpenses": 51461000, "totalOperatingExpenses": 471393000, "operatingIncome": 26475000, "totalOtherIncomeExpenseNet": -3545000, "ebit": 26475000, "interestExpense": -3545000, "incomeBeforeTax": 22930000, "incomeTaxExpense": 5150000, "minorityInterest": {}, "netIncomeFromContinuingOps": 17780000, "discontinuedOperations": {}, "extraordinaryItems": {}, "effectOfAccountingCharges": {}, "otherItems": {}, "netIncome": 17780000, "netIncomeApplicableToCommonShares": 17780000}, {"maxAge": 1, "endDate": "2019-09-30", "totalRevenue": 334090000, "costOfRevenue": 236020000, "grossProfit": 98070000, "researchDevelopment": {}, "sellingGeneralAdministrative": 22860000, "nonRecurring": {}, "otherOperatingExpenses": 43930000, "totalOperatingExpenses": 313270000, "operatingIncome": 20820000, "totalOtherIncomeExpenseNet": 43780000, "ebit": 20820000, "interestExpense": -6900000, "incomeBeforeTax": 64600000, "incomeTaxExpense": 9790000, "minorityInterest": {}, "netIncomeFromContinuingOps": 54810000, "discontinuedOperations": {}, "extraordinaryItems": {}, "effectOfAccountingCharges": {}, "otherItems": {}, "netIncome": 54810000, "netIncomeApplicableToCommonShares": 54810000}], "maxAge": 86400}, "cashflowStatementHistoryQuarterly": {"cashflowStatements": [{"maxAge": 1, "endDate": "2020-06-30", "netIncome": -11469000, "changeToLiabilities": 0}, {"maxAge": 1, "endDate": "2020-03-31", "netIncome": 3237000, "changeToLiabilities": 0}, {"maxAge": 1, "endDate": "2019-12-31", "netIncome": 17780000, "changeToLiabilities": 0}, {"maxAge": 1, "endDate": "2019-09-30", "netIncome": 54810000, "changeToLiabilities": 0}], "maxAge": 86400}, "insiderHolders": {"holders": [{"maxAge": 1, "name": "Gupta (Jai Kishan)", "relation": "Director", "url": "", "transactionDescription": "Other", "latestTransDate": "2014-01-31", "positionDirect": 380360, "positionDirectDate": "2014-01-31"}], "maxAge": 1}, "calendarEvents": {"maxAge": 1, "earnings": {"earningsDate": ["2020-06-29 05:30:S"]}}, "price": {"maxAge": 1, "regularMarketChangePercent": -0.018789176, "regularMarketChange": -0.45000076, "regularMarketTime": "2021-04-30 15:17:22", "priceHint": 2, "regularMarketPrice": 23.5, "regularMarketDayHigh": 24.0, "regularMarketDayLow": 20.5, "regularMarketVolume": 2182, "averageDailyVolume10Day": 1757, "averageDailyVolume3Month": 2840, "regularMarketPreviousClose": 23.95, "regularMarketSource": "FREE_REALTIME", "regularMarketOpen": 24.0, "exchange": "BSE", "exchangeName": "BSE", "exchangeDataDelayedBy": 0, "marketState": "CLOSED", "quoteType": "EQUITY", "symbol": "PWASML.BO", "underlyingSymbol": null, "shortName": "Prakash Woollen & Synthetic Mi", "longName": "Prakash Woollen & Synthetic Mills Limited", "currency": "INR", "quoteSourceName": "Delayed Quote", "currencySymbol": "\u20b9", "fromCurrency": null, "toCurrency": null, "lastMarket": null, "marketCap": 241105296}, "balanceSheetHistory": {"balanceSheetStatements": [{"maxAge": 1, "endDate": "2020-03-31", "cash": 2247000, "shortTermInvestments": 61000, "netReceivables": 172516000, "inventory": 141653000, "otherCurrentAssets": 10231000, "totalCurrentAssets": 326717000, "propertyPlantEquipment": 400359000, "otherAssets": 4337000, "totalAssets": 731413000, "accountsPayable": 51081000, "shortLongTermDebt": 38564000, "otherCurrentLiab": 47750000, "longTermDebt": 57733000, "otherLiab": 28574000, "totalCurrentLiabilities": 162776000, "totalLiab": 249083000, "commonStock": 102598000, "retainedEarnings": 317179000, "treasuryStock": 13734000, "capitalSurplus": 48819000, "otherStockholderEquity": 13734000, "totalStockholderEquity": 482330000, "netTangibleAssets": 482330000}, {"maxAge": 1, "endDate": "2019-03-31", "cash": 4117000, "shortTermInvestments": 57000, "netReceivables": 158983000, "inventory": 213156000, "otherCurrentAssets": 7340000, "totalCurrentAssets": 383675000, "propertyPlantEquipment": 433734000, "otherAssets": 3542000, "totalAssets": 820951000, "accountsPayable": 55064000, "shortLongTermDebt": 42075000, "otherCurrentLiab": 23571000, "longTermDebt": 121417000, "otherLiab": 26866000, "totalCurrentLiabilities": 269556000, "totalLiab": 417839000, "commonStock": 102598000, "retainedEarnings": 237426000, "treasuryStock": 14269000, "capitalSurplus": 48819000, "otherStockholderEquity": 14269000, "totalStockholderEquity": 403112000, "netTangibleAssets": 403112000}, {"maxAge": 1, "endDate": "2018-03-31", "cash": 18228000, "netReceivables": 179655000, "inventory": 182512000, "otherCurrentAssets": 3892000, "totalCurrentAssets": 384613000, "propertyPlantEquipment": 473590000, "otherAssets": 31892000, "totalAssets": 890095000, "accountsPayable": 83942000, "shortLongTermDebt": 42436000, "otherCurrentLiab": 23812000, "longTermDebt": 163144000, "otherLiab": 28258000, "totalCurrentLiabilities": 335269000, "totalLiab": 526671000, "commonStock": 102598000, "retainedEarnings": 197738000, "treasuryStock": 14269000, "capitalSurplus": 48819000, "otherStockholderEquity": 14269000, "totalStockholderEquity": 363424000, "netTangibleAssets": 363424000}, {"maxAge": 1, "endDate": "2017-03-31", "cash": 3967000, "netReceivables": 145122000, "inventory": 169614000, "otherCurrentAssets": 5623000, "totalCurrentAssets": 324482000, "propertyPlantEquipment": 397169000, "otherAssets": 8440000, "totalAssets": 730091000, "accountsPayable": 51943000, "shortLongTermDebt": 30292000, "otherCurrentLiab": 25080000, "longTermDebt": 123664000, "otherLiab": 22543000, "totalCurrentLiabilities": 245530000, "totalLiab": 391737000, "commonStock": 102598000, "retainedEarnings": 172668000, "treasuryStock": 14269000, "capitalSurplus": 48819000, "otherStockholderEquity": 14269000, "totalStockholderEquity": 338354000, "netTangibleAssets": 338354000}], "maxAge": 86400}, "financialData": {"maxAge": 86400, "currentPrice": 23.5, "recommendationKey": "none", "grossProfits": 345061000, "financialCurrency": "INR"}}}