{"QUADRANT.BO": {"cashflowStatementHistory": {"cashflowStatements": [{"maxAge": 1, "endDate": "2020-03-31", "netIncome": -465237494, "depreciation": 299763329, "changeToNetincome": 1111601373, "changeToAccountReceivables": -221222480, "changeToLiabilities": -156289642, "changeToInventory": 31267794, "changeToOperatingActivities": -497074573, "totalCashFromOperatingActivities": 112804815, "capitalExpenditures": -1661310, "investments": -146486, "otherCashflowsFromInvestingActivities": 2691837, "totalCashflowsFromInvestingActivities": 2975152, "netBorrowings": -80141572, "otherCashflowsFromFinancingActivities": -24842867, "totalCashFromFinancingActivities": -104984439, "changeInCash": 10795528}, {"maxAge": 1, "endDate": "2019-03-31", "netIncome": -1277177548, "depreciation": 277932704, "changeToNetincome": 1059314437, "changeToAccountReceivables": -81371987, "changeToLiabilities": 221418893, "changeToInventory": 52018293, "changeToOperatingActivities": -271874748, "totalCashFromOperatingActivities": -5832879, "capitalExpenditures": -297572, "investments": -14839656, "otherCashflowsFromInvestingActivities": 4508791, "totalCashflowsFromInvestingActivities": 3777687, "netBorrowings": -8161058, "otherCashflowsFromFinancingActivities": -24223108, "totalCashFromFinancingActivities": -32384166, "changeInCash": -34439358}, {"maxAge": 1, "endDate": "2018-03-31", "netIncome": -2999653334, "depreciation": 544870522, "changeToNetincome": 2622814267, "changeToAccountReceivables": -171888826, "changeToLiabilities": -110525707, "changeToInventory": 454084812, "changeToOperatingActivities": 1049433661, "totalCashFromOperatingActivities": 1409317147, "capitalExpenditures": -515600864, "investments": -14839656, "otherCashflowsFromInvestingActivities": 5969207, "totalCashflowsFromInvestingActivities": -507236675, "netBorrowings": -89138497, "otherCashflowsFromFinancingActivities": -826262324, "totalCashFromFinancingActivities": -915400821, "changeInCash": -13320349}, {"maxAge": 1, "endDate": "2017-03-31", "netIncome": 3847114591, "depreciation": 986263620, "changeToNetincome": 519271616, "changeToAccountReceivables": 81020565, "changeToLiabilities": 302467063, "changeToInventory": -59935057, "changeToOperatingActivities": -5468285272, "totalCashFromOperatingActivities": 235561903, "capitalExpenditures": -583370700, "investments": -14839656, "otherCashflowsFromInvestingActivities": 6281332, "totalCashflowsFromInvestingActivities": -217460987, "netBorrowings": 319257183, "otherCashflowsFromFinancingActivities": -417641137, "totalCashFromFinancingActivities": -98383954, "changeInCash": -80283038}], "maxAge": 86400}, "institutionOwnership": {"maxAge": 1, "ownershipList": []}, "balanceSheetHistoryQuarterly": {"balanceSheetStatements": [{"maxAge": 1, "endDate": "2020-06-30", "totalStockholderEquity": -18677311000, "netTangibleAssets": -18703660000}, {"maxAge": 1, "endDate": "2020-03-31", "cash": 17029692, "netReceivables": 606686343, "inventory": 129245100, "otherCurrentAssets": 448667383, "totalCurrentAssets": 1241035141, "longTermInvestments": 289559, "propertyPlantEquipment": 1472414109, "intangibleAssets": 26349451, "otherAssets": 1852735, "totalAssets": 2741940995, "accountsPayable": 461131414, "shortLongTermDebt": 3082709664, "otherCurrentLiab": 1469019638, "longTermDebt": 13632039512, "otherLiab": 96640436, "totalCurrentLiabilities": 7489317483, "totalLiab": 21419251406, "commonStock": 612260268, "retainedEarnings": -19336754375, "treasuryStock": 24549964, "capitalSurplus": 22633732, "otherStockholderEquity": 24549964, "totalStockholderEquity": -18677310411, "netTangibleAssets": -18703659862}, {"maxAge": 1, "endDate": "2019-12-31", "totalStockholderEquity": -18844700000, "netTangibleAssets": -18876183000}, {"maxAge": 1, "endDate": "2019-09-30", "cash": 174842000, "shortTermInvestments": 100776000, "netReceivables": 487794000, "inventory": 173789000, "otherCurrentAssets": 272233000, "totalCurrentAssets": 1209434000, "longTermInvestments": 100000, "propertyPlantEquipment": 1613016000, "intangibleAssets": 31483000, "otherAssets": 1361000, "totalAssets": 2855394000, "accountsPayable": 363787000, "shortLongTermDebt": 3271669000, "otherCurrentLiab": 4393306000, "longTermDebt": 13303340000, "otherLiab": 364608000, "totalCurrentLiabilities": 8032146000, "totalLiab": 21700094000, "commonStock": 612260000, "treasuryStock": -19456960000, "otherStockholderEquity": -19456960000, "totalStockholderEquity": -18844700000, "netTangibleAssets": -18876183000}], "maxAge": 86400}, "indexTrend": {"maxAge": 1, "symbol": "SP5", "peRatio": 19.7411, "pegRatio": 1.34172, "estimates": [{"period": "0q", "growth": 0.549}, {"period": "+1q", "growth": 0.431}, {"period": "0y", "growth": 0.305}, {"period": "+1y", "growth": 0.109}, {"period": "+5y", "growth": 0.120859005}, {"period": "-5y"}]}, "insiderTransactions": {"transactions": [{"maxAge": 1, "shares": 11300580, "filerUrl": "", "transactionText": "", "filerName": "Nippon Investments & Finance Company Ltd", "filerRelation": "Promoter", "moneyText": "", "startDate": "2019-03-30", "ownership": "D"}, {"maxAge": 1, "shares": 11300580, "filerUrl": "", "transactionText": "", "filerName": "Tekcare India Pvt Ltd", "filerRelation": "Promoter", "moneyText": "", "startDate": "2019-03-30", "ownership": "D"}], "maxAge": 1}, "quoteType": {"exchange": "BSE", "quoteType": "EQUITY", "symbol": "QUADRANT.BO", "underlyingSymbol": "QUADRANT.BO", "shortName": "QUADRANT TELEVENTURES LIMITED", "longName": "Quadrant Televentures Limited", "firstTradeDateEpochUtc": "2000-07-28 09:15:00", "timeZoneFullName": "Asia/Kolkata", "timeZoneShortName": "IST", "uuid": "b883d023-0d42-39f4-aeff-563676f61db4", "messageBoardId": null, "gmtOffSetMilliseconds": 19800000, "maxAge": 1}, "incomeStatementHistory": {"incomeStatementHistory": [{"maxAge": 1, "endDate": "2020-03-31", "totalRevenue": 4572800803, "costOfRevenue": 3790600389, "grossProfit": 782200414, "researchDevelopment": {}, "sellingGeneralAdministrative": 327956303, "nonRecurring": {}, "otherOperatingExpenses": 261931749, "totalOperatingExpenses": 4690156118, "operatingIncome": -117355315, "totalOtherIncomeExpenseNet": -347882179, "ebit": -117355315, "interestExpense": -965631435, "incomeBeforeTax": -465237494, "incomeTaxExpense": 0, "minorityInterest": {}, "netIncomeFromContinuingOps": -465237494, "discontinuedOperations": {}, "extraordinaryItems": {}, "effectOfAccountingCharges": {}, "otherItems": {}, "netIncome": -465237494, "netIncomeApplicableToCommonShares": -465237494}, {"maxAge": 1, "endDate": "2019-03-31", "totalRevenue": 3977191177, "costOfRevenue": 3323861380, "grossProfit": 653329797, "researchDevelopment": {}, "sellingGeneralAdministrative": 356439179, "nonRecurring": {}, "otherOperatingExpenses": 293771914, "totalOperatingExpenses": 4274024947, "operatingIncome": -296833770, "totalOtherIncomeExpenseNet": -980343778, "ebit": -296833770, "interestExpense": -891635424, "incomeBeforeTax": -1277177548, "incomeTaxExpense": 0, "minorityInterest": {}, "netIncomeFromContinuingOps": -1277177548, "discontinuedOperations": {}, "extraordinaryItems": {}, "effectOfAccountingCharges": {}, "otherItems": {}, "netIncome": -1277177548, "netIncomeApplicableToCommonShares": -1277177548}, {"maxAge": 1, "endDate": "2018-03-31", "totalRevenue": 3442000970, "costOfRevenue": 2895144209, "grossProfit": 546856761, "researchDevelopment": {}, "sellingGeneralAdministrative": 364834835, "nonRecurring": {}, "otherOperatingExpenses": 388415215, "totalOperatingExpenses": 4277393344, "operatingIncome": -835392374, "totalOtherIncomeExpenseNet": -2164260960, "ebit": -835392374, "interestExpense": -821536146, "incomeBeforeTax": -2999653334, "incomeTaxExpense": 0, "minorityInterest": {}, "netIncomeFromContinuingOps": -2999653334, "discontinuedOperations": {}, "extraordinaryItems": {}, "effectOfAccountingCharges": {}, "otherItems": {}, "netIncome": -2999653334, "netIncomeApplicableToCommonShares": -2999653334}, {"maxAge": 1, "endDate": "2017-03-31", "totalRevenue": 3390815418, "costOfRevenue": 1538362307, "grossProfit": 1852453111, "researchDevelopment": {}, "sellingGeneralAdministrative": 419904752, "nonRecurring": {}, "otherOperatingExpenses": 277113510, "totalOperatingExpenses": 3307878361, "operatingIncome": 82937057, "totalOtherIncomeExpenseNet": 5118423238, "ebit": 82937057, "interestExpense": -293544642, "incomeBeforeTax": 5201360295, "incomeTaxExpense": 0, "minorityInterest": {}, "netIncomeFromContinuingOps": 5201360295, "discontinuedOperations": -1354245704, "extraordinaryItems": {}, "effectOfAccountingCharges": {}, "otherItems": {}, "netIncome": 3847114591, "netIncomeApplicableToCommonShares": 3847114591}], "maxAge": 86400}, "fundOwnership": {"maxAge": 1, "ownershipList": []}, "summaryDetail": {"maxAge": 1, "priceHint": 4, "previousClose": 0.26, "open": 0.27, "dayLow": 0.25, "dayHigh": 0.27, "regularMarketPreviousClose": 0.26, "regularMarketOpen": 0.27, "regularMarketDayLow": 0.25, "regularMarketDayHigh": 0.27, "volume": 6197224, "regularMarketVolume": 6197224, "averageVolume": 1559223, "averageVolume10days": 132041, "averageDailyVolume10Day": 132041, "bid": 0.26, "ask": 0.27, "bidSize": 0, "askSize": 0, "marketCap": 165310192, "fiftyTwoWeekLow": 0.19, "fiftyTwoWeekHigh": 0.33, "fiftyDayAverage": 0.23657143, "twoHundredDayAverage": 0.20635036, "currency": "INR", "fromCurrency": null, "toCurrency": null, "lastMarket": null, "algorithm": null, "tradeable": false}, "incomeStatementHistoryQuarterly": {"incomeStatementHistory": [{"maxAge": 1, "endDate": "2020-06-30", "totalRevenue": 812256000, "costOfRevenue": 651561000, "grossProfit": 160695000, "researchDevelopment": {}, "sellingGeneralAdministrative": 71683000, "nonRecurring": {}, "otherOperatingExpenses": 70330000, "totalOperatingExpenses": 865738000, "operatingIncome": -53482000, "totalOtherIncomeExpenseNet": -274723000, "ebit": -53482000, "interestExpense": -286417000, "incomeBeforeTax": -328205000, "incomeTaxExpense": 0, "minorityInterest": {}, "netIncomeFromContinuingOps": -328205000, "discontinuedOperations": {}, "extraordinaryItems": {}, "effectOfAccountingCharges": {}, "otherItems": {}, "netIncome": -328205000, "netIncomeApplicableToCommonShares": -328205000}, {"maxAge": 1, "endDate": "2020-03-31", "totalRevenue": 1079748803, "costOfRevenue": 705578389, "grossProfit": 374170414, "researchDevelopment": {}, "sellingGeneralAdministrative": 164370303, "nonRecurring": {}, "otherOperatingExpenses": 48953749, "totalOperatingExpenses": 993262118, "operatingIncome": 86486685, "totalOtherIncomeExpenseNet": 498413821, "ebit": 86486685, "interestExpense": -144517435, "incomeBeforeTax": 584900506, "incomeTaxExpense": 0, "minorityInterest": {}, "netIncomeFromContinuingOps": 584900506, "discontinuedOperations": {}, "extraordinaryItems": {}, "effectOfAccountingCharges": {}, "otherItems": {}, "netIncome": 584900506, "netIncomeApplicableToCommonShares": 584900506}, {"maxAge": 1, "endDate": "2019-12-31", "totalRevenue": 1231638000, "costOfRevenue": 1078303000, "grossProfit": 153335000, "researchDevelopment": {}, "sellingGeneralAdministrative": 67094000, "nonRecurring": {}, "otherOperatingExpenses": 67215000, "totalOperatingExpenses": 1296058000, "operatingIncome": -64420000, "totalOtherIncomeExpenseNet": -352456000, "ebit": -64420000, "interestExpense": -274626000, "incomeBeforeTax": -416876000, "incomeTaxExpense": 0, "minorityInterest": {}, "netIncomeFromContinuingOps": -416876000, "discontinuedOperations": {}, "extraordinaryItems": {}, "effectOfAccountingCharges": {}, "otherItems": {}, "netIncome": -416876000, "netIncomeApplicableToCommonShares": -416876000}, {"maxAge": 1, "endDate": "2019-09-30", "totalRevenue": 1170749000, "costOfRevenue": 1030390000, "grossProfit": 140359000, "researchDevelopment": {}, "sellingGeneralAdministrative": 53804000, "nonRecurring": {}, "otherOperatingExpenses": 72153000, "totalOperatingExpenses": 1229420000, "operatingIncome": -58671000, "totalOtherIncomeExpenseNet": -257639000, "ebit": -58671000, "interestExpense": -273684000, "incomeBeforeTax": -316310000, "incomeTaxExpense": 0, "minorityInterest": {}, "netIncomeFromContinuingOps": -316310000, "discontinuedOperations": {}, "extraordinaryItems": {}, "effectOfAccountingCharges": {}, "otherItems": {}, "netIncome": -316310000, "netIncomeApplicableToCommonShares": -316310000}], "maxAge": 86400}, "cashflowStatementHistoryQuarterly": {"cashflowStatements": [{"maxAge": 1, "endDate": "2020-06-30", "netIncome": -328205000, "changeToLiabilities": 0}, {"maxAge": 1, "endDate": "2020-03-31", "netIncome": 584900506, "changeToLiabilities": 0}, {"maxAge": 1, "endDate": "2019-12-31", "netIncome": -416876000, "changeToLiabilities": 0}, {"maxAge": 1, "endDate": "2019-09-30", "netIncome": -316310000, "changeToLiabilities": 0}], "maxAge": 86400}, "insiderHolders": {"holders": [{"maxAge": 1, "name": "Nippon Investments & Finance Company Ltd", "relation": "Promoter", "url": "", "transactionDescription": "Sale", "latestTransDate": "2019-03-30", "positionDirect": 0, "positionDirectDate": "2019-03-30"}, {"maxAge": 1, "name": "Tekcare India Pvt Ltd", "relation": "Promoter", "url": "", "transactionDescription": "Acquisition", "latestTransDate": "2019-03-30", "positionDirect": 11300580, "positionDirectDate": "2019-03-30"}], "maxAge": 1}, "calendarEvents": {"maxAge": 1, "earnings": {"earningsDate": []}}, "price": {"maxAge": 1, "regularMarketChangePercent": 0.038461618, "regularMarketChange": 0.01000002, "regularMarketTime": "2021-04-30 15:29:33", "priceHint": 4, "regularMarketPrice": 0.27, "regularMarketDayHigh": 0.27, "regularMarketDayLow": 0.25, "regularMarketVolume": 6197224, "averageDailyVolume10Day": 132041, "averageDailyVolume3Month": 1559223, "regularMarketPreviousClose": 0.26, "regularMarketSource": "FREE_REALTIME", "regularMarketOpen": 0.27, "exchange": "BSE", "exchangeName": "BSE", "exchangeDataDelayedBy": 0, "marketState": "CLOSED", "quoteType": "EQUITY", "symbol": "QUADRANT.BO", "underlyingSymbol": null, "shortName": "QUADRANT TELEVENTURES LIMITED", "longName": "Quadrant Televentures Limited", "currency": "INR", "quoteSourceName": "Delayed Quote", "currencySymbol": "\u20b9", "fromCurrency": null, "toCurrency": null, "lastMarket": null, "marketCap": 165310192}, "balanceSheetHistory": {"balanceSheetStatements": [{"maxAge": 1, "endDate": "2020-03-31", "cash": 17029692, "netReceivables": 606686343, "inventory": 129245100, "otherCurrentAssets": 448667383, "totalCurrentAssets": 1241035141, "longTermInvestments": 289559, "propertyPlantEquipment": 1472414109, "intangibleAssets": 26349451, "otherAssets": 1852735, "totalAssets": 2741940995, "accountsPayable": 461131414, "shortLongTermDebt": 3082709664, "otherCurrentLiab": 1469019638, "longTermDebt": 13632039512, "otherLiab": 96640436, "totalCurrentLiabilities": 7489317483, "totalLiab": 21419251406, "commonStock": 612260268, "retainedEarnings": -19336754375, "treasuryStock": 24549964, "capitalSurplus": 22633732, "otherStockholderEquity": 24549964, "totalStockholderEquity": -18677310411, "netTangibleAssets": -18703659862}, {"maxAge": 1, "endDate": "2019-03-31", "cash": 6234164, "netReceivables": 465916698, "inventory": 160512894, "otherCurrentAssets": 508086327, "totalCurrentAssets": 1176151770, "longTermInvestments": 100000, "propertyPlantEquipment": 1466819060, "intangibleAssets": 37075990, "otherAssets": 1804729, "totalAssets": 2681951549, "accountsPayable": 617421056, "shortLongTermDebt": 3102709664, "otherCurrentLiab": 1379686701, "longTermDebt": 12974640599, "otherLiab": 97689418, "totalCurrentLiabilities": 7820393531, "totalLiab": 20892723548, "commonStock": 612260268, "retainedEarnings": -18871516881, "treasuryStock": 25850882, "capitalSurplus": 22633732, "otherStockholderEquity": 25850882, "totalStockholderEquity": -18210771999, "netTangibleAssets": -18247847989}, {"maxAge": 1, "endDate": "2018-03-31", "cash": 40673522, "netReceivables": 413240414, "inventory": 212531186, "otherCurrentAssets": 443414072, "totalCurrentAssets": 1139751390, "longTermInvestments": 100000, "propertyPlantEquipment": 1775878740, "intangibleAssets": 51713098, "otherAssets": 2829787, "totalAssets": 2970273015, "accountsPayable": 396002163, "shortLongTermDebt": 3113272364, "otherCurrentLiab": 1334966786, "longTermDebt": 12365937902, "otherLiab": 131802651, "totalCurrentLiabilities": 7394717193, "totalLiab": 19892457746, "commonStock": 612260268, "retainedEarnings": -17591111507, "treasuryStock": 34032776, "capitalSurplus": 22633732, "otherStockholderEquity": 34032776, "totalStockholderEquity": -16922184731, "netTangibleAssets": -16973897829}, {"maxAge": 1, "endDate": "2017-03-31", "cash": 53993871, "netReceivables": 374630585, "inventory": 89886911, "otherCurrentAssets": 420192508, "totalCurrentAssets": 963335924, "propertyPlantEquipment": 3904434115, "intangibleAssets": 220707544, "otherAssets": 19542118, "totalAssets": 5108019701, "accountsPayable": 506527871, "shortLongTermDebt": 319690904, "otherCurrentLiab": 1533333563, "longTermDebt": 14214910949, "otherLiab": 178066279, "totalCurrentLiabilities": 4633995620, "totalLiab": 19026972848, "commonStock": 612260268, "retainedEarnings": -14587879923, "treasuryStock": 34032776, "capitalSurplus": 22633732, "otherStockholderEquity": 34032776, "totalStockholderEquity": -13918953147, "netTangibleAssets": -14139660691}], "maxAge": 86400}, "financialData": {"maxAge": 86400, "currentPrice": 0.27, "recommendationKey": "none", "grossProfits": 782200414, "financialCurrency": "INR"}}}