{"RACLGEAR.BO": {"cashflowStatementHistory": {"cashflowStatements": [{"maxAge": 1, "endDate": "2020-03-31", "netIncome": 169715000, "depreciation": 112778000, "changeToNetincome": 142620000, "changeToAccountReceivables": -28566000, "changeToLiabilities": -23831000, "changeToInventory": -54685000, "changeToOperatingActivities": 14734000, "totalCashFromOperatingActivities": 332765000, "capitalExpenditures": -276768000, "totalCashflowsFromInvestingActivities": -262542000, "dividendsPaid": -10782000, "netBorrowings": -8492000, "otherCashflowsFromFinancingActivities": -86690000, "totalCashFromFinancingActivities": -69708000, "effectOfExchangeRate": 5000, "changeInCash": 510000, "issuanceOfStock": 36256000}, {"maxAge": 1, "endDate": "2019-03-31", "netIncome": 97724000, "depreciation": 79959000, "changeToNetincome": 91194000, "changeToAccountReceivables": -103355000, "changeToLiabilities": 5909000, "changeToInventory": -29818000, "changeToOperatingActivities": 49332000, "totalCashFromOperatingActivities": 190945000, "capitalExpenditures": -315672000, "totalCashflowsFromInvestingActivities": -309559000, "dividendsPaid": -10782000, "netBorrowings": 154657000, "otherCashflowsFromFinancingActivities": -63759000, "totalCashFromFinancingActivities": 114523000, "effectOfExchangeRate": 5000, "changeInCash": -4091000, "issuanceOfStock": 23625000}, {"maxAge": 1, "endDate": "2018-03-31", "netIncome": 78683000, "depreciation": 49600000, "changeToNetincome": 33412000, "changeToAccountReceivables": -94960000, "changeToLiabilities": 51574000, "changeToInventory": -64088000, "changeToOperatingActivities": -8520000, "totalCashFromOperatingActivities": 45701000, "capitalExpenditures": -144993000, "totalCashflowsFromInvestingActivities": -129117000, "dividendsPaid": -10782000, "netBorrowings": 126370000, "otherCashflowsFromFinancingActivities": -57131000, "totalCashFromFinancingActivities": 69239000, "effectOfExchangeRate": 5000, "changeInCash": -14177000, "issuanceOfStock": 23625000}, {"maxAge": 1, "endDate": "2017-03-31", "netIncome": 51376000, "depreciation": 40019000, "changeToNetincome": 41919000, "changeToAccountReceivables": -22624000, "changeToLiabilities": 16036000, "changeToInventory": -430000, "changeToOperatingActivities": -34871000, "totalCashFromOperatingActivities": 91425000, "capitalExpenditures": -63893000, "totalCashflowsFromInvestingActivities": -54049000, "dividendsPaid": -10782000, "netBorrowings": 11929000, "otherCashflowsFromFinancingActivities": -51507000, "totalCashFromFinancingActivities": -39578000, "effectOfExchangeRate": 5000, "changeInCash": -2203000, "issuanceOfStock": 23625000}], "maxAge": 86400}, "institutionOwnership": {"ownershipList": [], "maxAge": 1}, "balanceSheetHistoryQuarterly": {"balanceSheetStatements": [{"maxAge": 1, "endDate": "2020-06-30", "totalStockholderEquity": 851359000, "netTangibleAssets": 849768000}, {"maxAge": 1, "endDate": "2020-03-31", "cash": 7497000, "shortTermInvestments": 80000, "netReceivables": 544914000, "inventory": 414746000, "otherCurrentAssets": 142934000, "totalCurrentAssets": 1116121000, "propertyPlantEquipment": 1085279000, "intangibleAssets": 1591000, "otherAssets": 19377000, "totalAssets": 2222368000, "accountsPayable": 190247000, "shortLongTermDebt": 124312000, "otherCurrentLiab": 105569000, "longTermDebt": 307342000, "otherLiab": 147271000, "totalCurrentLiabilities": 886187000, "totalLiab": 1371009000, "commonStock": 107816000, "retainedEarnings": 669817000, "treasuryStock": 4195000, "capitalSurplus": 69531000, "otherStockholderEquity": 4195000, "totalStockholderEquity": 851359000, "netTangibleAssets": 849768000}, {"maxAge": 1, "endDate": "2019-12-31", "totalStockholderEquity": 783127000, "netTangibleAssets": 781346000}, {"maxAge": 1, "endDate": "2019-09-30", "cash": 1587000, "shortTermInvestments": 32365000, "netReceivables": 610752000, "inventory": 370258000, "otherCurrentAssets": 116621000, "totalCurrentAssets": 1131583000, "longTermInvestments": 5165000, "propertyPlantEquipment": 976996000, "intangibleAssets": 1781000, "otherAssets": 26717000, "totalAssets": 2137077000, "accountsPayable": 216233000, "otherCurrentLiab": 165265000, "longTermDebt": 391147000, "otherLiab": 150832000, "totalCurrentLiabilities": 811971000, "totalLiab": 1353950000, "commonStock": 107816000, "treasuryStock": 675311000, "otherStockholderEquity": 675311000, "totalStockholderEquity": 783127000, "netTangibleAssets": 781346000}], "maxAge": 86400}, "indexTrend": {"maxAge": 1, "symbol": "SP5", "peRatio": 19.7411, "pegRatio": 1.34172, "estimates": [{"period": "0q", "growth": 0.549}, {"period": "+1q", "growth": 0.431}, {"period": "0y", "growth": 0.305}, {"period": "+1y", "growth": 0.109}, {"period": "+5y", "growth": 0.120859005}, {"period": "-5y"}]}, "insiderTransactions": {"transactions": [{"maxAge": 1, "shares": 500000, "filerUrl": "", "transactionText": "", "filerName": "Singh (Gursharan)", "filerRelation": "Chairman of the Board", "moneyText": "", "startDate": "2019-07-03", "ownership": "D"}, {"maxAge": 1, "shares": 350000, "filerUrl": "", "transactionText": "", "filerName": "Singh (Gursharan)", "filerRelation": "Wholetime Director", "moneyText": "", "startDate": "2018-10-05", "ownership": "D"}, {"maxAge": 1, "shares": 43408, "filerUrl": "", "transactionText": "", "filerName": "Singh (Gursharan)", "filerRelation": "Wholetime Director", "moneyText": "", "startDate": "2018-08-20", "ownership": "D"}, {"maxAge": 1, "shares": 30363, "filerUrl": "", "transactionText": "", "filerName": "Arya (Dev Raj)", "filerRelation": "Wholetime Director", "moneyText": "", "startDate": "2018-07-09", "ownership": "D"}, {"maxAge": 1, "shares": 1513287, "filerUrl": "", "transactionText": "", "filerName": "RACL Employees Welfare Trust", "filerRelation": "Promoter", "moneyText": "", "startDate": "2018-06-01", "ownership": "D"}, {"maxAge": 1, "shares": 1513287, "filerUrl": "", "transactionText": "", "filerName": "Singh (Gursharan)", "filerRelation": "Managing Director", "moneyText": "", "startDate": "2018-06-01", "ownership": "D"}, {"maxAge": 1, "shares": 205910, "filerUrl": "", "transactionText": "", "filerName": "Arya (Dev Raj)", "filerRelation": "Wholetime Director", "moneyText": "", "startDate": "2018-04-13", "ownership": "D"}, {"maxAge": 1, "shares": 1885400, "filerUrl": "", "transactionText": "", "filerName": "RACL Employees Welfare Trust", "filerRelation": "Promoter", "moneyText": "", "startDate": "2018-04-13", "ownership": "D"}, {"maxAge": 1, "shares": 1408200, "filerUrl": "", "transactionText": "", "filerName": "Singh (Gursharan)", "filerRelation": "Chairman of the Board", "moneyText": "", "startDate": "2018-04-13", "ownership": "D"}, {"maxAge": 1, "shares": 21800, "filerUrl": "", "transactionText": "", "filerName": "Singh (Gursharan)", "filerRelation": "Chairman of the Board", "moneyText": "", "startDate": "2018-03-05", "ownership": "D"}, {"maxAge": 1, "shares": 5667, "filerUrl": "", "transactionText": "", "filerName": "Kaur (Narinder Paul)", "filerRelation": "Additonal Director", "moneyText": "", "startDate": "2015-01-31", "ownership": "D"}], "maxAge": 1}, "quoteType": {"exchange": "BSE", "quoteType": "EQUITY", "symbol": "RACLGEAR.BO", "underlyingSymbol": "RACLGEAR.BO", "shortName": "RACL Geartech Limited", "longName": "RACL Geartech Limited", "firstTradeDateEpochUtc": "2002-02-04 09:15:00", "timeZoneFullName": "Asia/Kolkata", "timeZoneShortName": "IST", "uuid": "d674eb49-85bc-33b9-a5f6-22c1b9b7259b", "gmtOffSetMilliseconds": 19800000, "maxAge": 1}, "incomeStatementHistory": {"incomeStatementHistory": [{"maxAge": 1, "endDate": "2020-03-31", "totalRevenue": 2123292000, "costOfRevenue": 681525000, "grossProfit": 1441767000, "researchDevelopment": {}, "sellingGeneralAdministrative": 249114000, "nonRecurring": {}, "otherOperatingExpenses": 762818000, "totalOperatingExpenses": 1806235000, "operatingIncome": 317057000, "totalOtherIncomeExpenseNet": -98008000, "ebit": 317057000, "interestExpense": -71769000, "incomeBeforeTax": 219049000, "incomeTaxExpense": 49334000, "minorityInterest": {}, "netIncomeFromContinuingOps": 169715000, "discontinuedOperations": {}, "extraordinaryItems": {}, "effectOfAccountingCharges": {}, "otherItems": {}, "netIncome": 169715000, "netIncomeApplicableToCommonShares": 169715000}, {"maxAge": 1, "endDate": "2019-03-31", "totalRevenue": 1899512000, "costOfRevenue": 637489000, "grossProfit": 1262023000, "researchDevelopment": {}, "sellingGeneralAdministrative": 228894000, "nonRecurring": {}, "otherOperatingExpenses": 725373000, "totalOperatingExpenses": 1671715000, "operatingIncome": 227797000, "totalOtherIncomeExpenseNet": -54384000, "ebit": 227797000, "interestExpense": -55518000, "incomeBeforeTax": 173413000, "incomeTaxExpense": 75689000, "minorityInterest": {}, "netIncomeFromContinuingOps": 97724000, "discontinuedOperations": {}, "extraordinaryItems": {}, "effectOfAccountingCharges": {}, "otherItems": {}, "netIncome": 97724000, "netIncomeApplicableToCommonShares": 97724000}, {"maxAge": 1, "endDate": "2018-03-31", "totalRevenue": 1361442000, "costOfRevenue": 479609000, "grossProfit": 881833000, "researchDevelopment": {}, "sellingGeneralAdministrative": 211594000, "nonRecurring": {}, "otherOperatingExpenses": 486634000, "totalOperatingExpenses": 1231126000, "operatingIncome": 130316000, "totalOtherIncomeExpenseNet": -43878000, "ebit": 130316000, "interestExpense": -47172000, "incomeBeforeTax": 86438000, "incomeTaxExpense": 7755000, "minorityInterest": {}, "netIncomeFromContinuingOps": 78683000, "discontinuedOperations": {}, "extraordinaryItems": {}, "effectOfAccountingCharges": {}, "otherItems": {}, "netIncome": 78683000, "netIncomeApplicableToCommonShares": 78683000}, {"maxAge": 1, "endDate": "2017-03-31", "totalRevenue": 1159853000, "costOfRevenue": 421664000, "grossProfit": 738189000, "researchDevelopment": {}, "sellingGeneralAdministrative": 191791000, "nonRecurring": {}, "otherOperatingExpenses": 397032000, "totalOperatingExpenses": 1050506000, "operatingIncome": 109347000, "totalOtherIncomeExpenseNet": -44451000, "ebit": 109347000, "interestExpense": -33175000, "incomeBeforeTax": 64896000, "incomeTaxExpense": 13520000, "minorityInterest": {}, "netIncomeFromContinuingOps": 51376000, "discontinuedOperations": {}, "extraordinaryItems": {}, "effectOfAccountingCharges": {}, "otherItems": {}, "netIncome": 51376000, "netIncomeApplicableToCommonShares": 51376000}], "maxAge": 86400}, "fundOwnership": {"ownershipList": [], "maxAge": 1}, "summaryDetail": {"maxAge": 1, "priceHint": 2, "previousClose": 249.1, "open": 257.0, "dayLow": 238.55, "dayHigh": 257.0, "regularMarketPreviousClose": 249.1, "regularMarketOpen": 257.0, "regularMarketDayLow": 238.55, "regularMarketDayHigh": 257.0, "trailingPE": 18.512564, "volume": 8016, "regularMarketVolume": 8016, "averageVolume": 29749, "averageVolume10days": 19941, "averageDailyVolume10Day": 19941, "bid": 245.0, "ask": 248.4, "bidSize": 0, "askSize": 0, "marketCap": 2458567680, "fiftyTwoWeekLow": 49.1, "fiftyTwoWeekHigh": 257.0, "fiftyDayAverage": 175.22424, "twoHundredDayAverage": 123.75441, "trailingAnnualDividendRate": 1.0, "trailingAnnualDividendYield": 0.004014452, "currency": "INR", "fromCurrency": null, "lastMarket": null, "algorithm": null, "tradeable": false}, "incomeStatementHistoryQuarterly": {"incomeStatementHistory": [{"maxAge": 1, "endDate": "2020-06-30", "totalRevenue": 226625000, "costOfRevenue": 76194000, "grossProfit": 150431000, "researchDevelopment": {}, "sellingGeneralAdministrative": 49803000, "nonRecurring": {}, "otherOperatingExpenses": 58830000, "totalOperatingExpenses": 212168000, "operatingIncome": 14457000, "totalOtherIncomeExpenseNet": -6985000, "ebit": 14457000, "interestExpense": -14520000, "incomeBeforeTax": 7472000, "incomeTaxExpense": -7978000, "minorityInterest": {}, "netIncomeFromContinuingOps": 15450000, "discontinuedOperations": {}, "extraordinaryItems": {}, "effectOfAccountingCharges": {}, "otherItems": {}, "netIncome": 15450000, "netIncomeApplicableToCommonShares": 15450000}, {"maxAge": 1, "endDate": "2020-03-31", "totalRevenue": 477411000, "costOfRevenue": 123323000, "grossProfit": 354088000, "researchDevelopment": {}, "sellingGeneralAdministrative": 58666000, "nonRecurring": {}, "otherOperatingExpenses": 178722000, "totalOperatingExpenses": 402551000, "operatingIncome": 74860000, "totalOtherIncomeExpenseNet": -51131000, "ebit": 74860000, "interestExpense": -18934000, "incomeBeforeTax": 23729000, "incomeTaxExpense": -7353000, "minorityInterest": {}, "netIncomeFromContinuingOps": 31082000, "discontinuedOperations": {}, "extraordinaryItems": {}, "effectOfAccountingCharges": {}, "otherItems": {}, "netIncome": 31082000, "netIncomeApplicableToCommonShares": 31082000}, {"maxAge": 1, "endDate": "2019-12-31", "totalRevenue": 558077000, "costOfRevenue": 180521000, "grossProfit": 377556000, "researchDevelopment": {}, "sellingGeneralAdministrative": 64723000, "nonRecurring": {}, "otherOperatingExpenses": 190992000, "totalOperatingExpenses": 460631000, "operatingIncome": 97446000, "totalOtherIncomeExpenseNet": -17928000, "ebit": 97446000, "interestExpense": -18607000, "incomeBeforeTax": 79518000, "incomeTaxExpense": 23320000, "minorityInterest": {}, "netIncomeFromContinuingOps": 56198000, "discontinuedOperations": {}, "extraordinaryItems": {}, "effectOfAccountingCharges": {}, "otherItems": {}, "netIncome": 56198000, "netIncomeApplicableToCommonShares": 56198000}, {"maxAge": 1, "endDate": "2019-09-30", "totalRevenue": 559580000, "costOfRevenue": 191347000, "grossProfit": 368233000, "researchDevelopment": {}, "sellingGeneralAdministrative": 64466000, "nonRecurring": {}, "otherOperatingExpenses": 199120000, "totalOperatingExpenses": 478202000, "operatingIncome": 81378000, "totalOtherIncomeExpenseNet": -12628000, "ebit": 81378000, "interestExpense": -17217000, "incomeBeforeTax": 68750000, "incomeTaxExpense": 17767000, "minorityInterest": {}, "netIncomeFromContinuingOps": 50983000, "discontinuedOperations": {}, "extraordinaryItems": {}, "effectOfAccountingCharges": {}, "otherItems": {}, "netIncome": 50983000, "netIncomeApplicableToCommonShares": 50983000}], "maxAge": 86400}, "cashflowStatementHistoryQuarterly": {"cashflowStatements": [{"maxAge": 1, "endDate": "2020-06-30", "netIncome": 15450000, "changeToLiabilities": 0}, {"maxAge": 1, "endDate": "2020-03-31", "netIncome": 31082000, "changeToLiabilities": 0}, {"maxAge": 1, "endDate": "2019-12-31", "netIncome": 56198000, "changeToLiabilities": 0}, {"maxAge": 1, "endDate": "2019-09-30", "netIncome": 50983000, "changeToLiabilities": 0}], "maxAge": 86400}, "insiderHolders": {"holders": [{"maxAge": 1, "name": "Arya (Dev Raj)", "relation": "Wholetime Director", "url": "", "transactionDescription": "Sale", "latestTransDate": "2018-07-09", "positionDirect": 236273, "positionDirectDate": "2018-07-09"}, {"maxAge": 1, "name": "Kaur (Narinder Paul)", "relation": "Additonal Director", "url": "", "transactionDescription": "Acquisition", "latestTransDate": "2015-01-31", "positionDirect": 5667, "positionDirectDate": "2015-01-31"}, {"maxAge": 1, "name": "RACL Employees Welfare Trust", "relation": "Promoter", "url": "", "transactionDescription": "Other", "latestTransDate": "2018-06-01", "positionDirect": 0, "positionDirectDate": "2018-06-01"}, {"maxAge": 1, "name": "Singh (Gursharan)", "relation": "Chairman of the Board", "url": "", "transactionDescription": "Other", "latestTransDate": "2019-07-03", "positionDirect": 3929097, "positionDirectDate": "2019-07-03"}], "maxAge": 1}, "calendarEvents": {"maxAge": 1, "earnings": {"earningsDate": []}}, "upgradeDowngradeHistory": {"history": [], "maxAge": 86400}, "price": {"maxAge": 1, "regularMarketChangePercent": -0.0062224134, "regularMarketChange": -1.550003, "regularMarketTime": "2021-04-30 15:30:01", "priceHint": 2, "regularMarketPrice": 247.55, "regularMarketDayHigh": 257.0, "regularMarketDayLow": 238.55, "regularMarketVolume": 8016, "averageDailyVolume10Day": 19941, "averageDailyVolume3Month": 29749, "regularMarketPreviousClose": 249.1, "regularMarketSource": "FREE_REALTIME", "regularMarketOpen": 257.0, "exchange": "BSE", "exchangeName": "BSE", "exchangeDataDelayedBy": 0, "marketState": "CLOSED", "quoteType": "EQUITY", "symbol": "RACLGEAR.BO", "underlyingSymbol": null, "shortName": "RACL Geartech Limited", "longName": "RACL Geartech Limited", "currency": "INR", "quoteSourceName": "Delayed Quote", "currencySymbol": "\u20b9", "fromCurrency": null, "lastMarket": null, "marketCap": 2458567680}, "balanceSheetHistory": {"balanceSheetStatements": [{"maxAge": 1, "endDate": "2020-03-31", "cash": 7497000, "shortTermInvestments": 80000, "netReceivables": 544914000, "inventory": 414746000, "otherCurrentAssets": 142934000, "totalCurrentAssets": 1116121000, "propertyPlantEquipment": 1085279000, "intangibleAssets": 1591000, "otherAssets": 19377000, "totalAssets": 2222368000, "accountsPayable": 190247000, "shortLongTermDebt": 124312000, "otherCurrentLiab": 105569000, "longTermDebt": 307342000, "otherLiab": 147271000, "totalCurrentLiabilities": 886187000, "totalLiab": 1371009000, "commonStock": 107816000, "retainedEarnings": 669817000, "treasuryStock": 4195000, "capitalSurplus": 69531000, "otherStockholderEquity": 4195000, "totalStockholderEquity": 851359000, "netTangibleAssets": 849768000}, {"maxAge": 1, "endDate": "2019-03-31", "cash": 6987000, "shortTermInvestments": 1642000, "netReceivables": 517931000, "inventory": 360061000, "otherCurrentAssets": 101309000, "totalCurrentAssets": 994954000, "propertyPlantEquipment": 946985000, "intangibleAssets": 1286000, "otherAssets": 16401000, "totalAssets": 1959626000, "accountsPayable": 214078000, "shortLongTermDebt": 95496000, "otherCurrentLiab": 74339000, "longTermDebt": 313631000, "otherLiab": 144489000, "totalCurrentLiabilities": 836831000, "totalLiab": 1294951000, "commonStock": 102816000, "retainedEarnings": 519389000, "treasuryStock": 4195000, "capitalSurplus": 38275000, "otherStockholderEquity": 4195000, "totalStockholderEquity": 664675000, "netTangibleAssets": 663389000}, {"maxAge": 1, "endDate": "2018-03-31", "cash": 11078000, "shortTermInvestments": 80000, "netReceivables": 409385000, "inventory": 330243000, "otherCurrentAssets": 84756000, "totalCurrentAssets": 837608000, "propertyPlantEquipment": 718556000, "intangibleAssets": 873000, "otherAssets": 14981000, "totalAssets": 1572018000, "accountsPayable": 208169000, "shortLongTermDebt": 66601000, "otherCurrentLiab": 49796000, "longTermDebt": 189015000, "otherLiab": 86145000, "totalCurrentLiabilities": 750131000, "totalLiab": 1025291000, "commonStock": 99316000, "retainedEarnings": 425066000, "treasuryStock": 4195000, "capitalSurplus": 18150000, "otherStockholderEquity": 4195000, "totalStockholderEquity": 546727000, "netTangibleAssets": 545854000}, {"maxAge": 1, "endDate": "2017-03-31", "cash": 25255000, "shortTermInvestments": 80000, "netReceivables": 313197000, "inventory": 266155000, "otherCurrentAssets": 56738000, "totalCurrentAssets": 663777000, "propertyPlantEquipment": 635388000, "intangibleAssets": 384000, "otherAssets": 10782000, "totalAssets": 1310331000, "accountsPayable": 156595000, "shortLongTermDebt": 42720000, "otherCurrentLiab": 24040000, "longTermDebt": 95366000, "otherLiab": 92526000, "totalCurrentLiabilities": 647917000, "totalLiab": 835809000, "commonStock": 99316000, "retainedEarnings": 352861000, "treasuryStock": 4195000, "capitalSurplus": 18150000, "otherStockholderEquity": 4195000, "totalStockholderEquity": 474522000, "netTangibleAssets": 474138000}], "maxAge": 86400}, "financialData": {"maxAge": 86400, "currentPrice": 247.55, "recommendationKey": "none", "grossProfits": 1441767000, "financialCurrency": "INR"}}}