{"RADAAN.NS": {"assetProfile": {"address1": "No. 14, Jayammal Road", "address2": "Teynampet", "city": "Chennai", "zip": "600018", "country": "India", "phone": "91 44 2431 3001", "fax": "91 44 2431 3008", "website": "http://www.radaan.tv", "industry": "Entertainment", "sector": "Communication Services", "longBusinessSummary": "Radaan Mediaworks India Limited operates in the media and entertainment industry in India. The company is involved in the production of content for tele-serials/films, digital content, events, game shows, etc.; distribution of films; theatrical play activities; and setting up of training courses, such as acting, dance, martial arts, yoga, etc. It produces serials in Tamil, Telugu, Malayalam, Hindi, Gujarati and Kannada languages. Radaan Mediaworks India Limited was founded in 1994 and is based in Chennai, India.", "fullTimeEmployees": 55, "companyOfficers": [{"maxAge": 1, "name": "Ms. Radha Radikaa Sarathkumar", "age": 58, "title": "Exec. Chairperson, MD & Creative Head", "yearBorn": 1962, "fiscalYear": 2020, "totalPay": 12200000, "exercisedValue": 0, "unexercisedValue": 0}, {"maxAge": 1, "name": "Mr. Muruguvannan  Kavirimani", "age": 48, "title": "Chief Financial Officer", "yearBorn": 1972, "fiscalYear": 2020, "totalPay": 1848000, "exercisedValue": 0, "unexercisedValue": 0}, {"maxAge": 1, "name": "Mr. Kanhu Charan Sahu", "age": 44, "title": "Compliance Officer & Company Sec.", "yearBorn": 1976, "fiscalYear": 2020, "totalPay": 1008000, "exercisedValue": 0, "unexercisedValue": 0}, {"maxAge": 1, "name": "Mr. Ramanathan  Sarathkumar B.Sc.", "age": 66, "title": "Director of Operations & Whole-Time Director", "yearBorn": 1954, "fiscalYear": 2020, "totalPay": 4200000, "exercisedValue": 0, "unexercisedValue": 0}, {"maxAge": 1, "name": "Ms. R. Radikaa Sarathkumar Rayane B.A., M.A.", "age": 27, "title": "Head of New Media & Whole Time Director", "yearBorn": 1993, "fiscalYear": 2020, "totalPay": 900000, "exercisedValue": 0, "unexercisedValue": 0}, {"maxAge": 1, "name": "Mr. Prakash  Viswanathan", "age": 60, "title": "Chief Operating Officer", "yearBorn": 1960, "exercisedValue": 0, "unexercisedValue": 0}, {"maxAge": 1, "name": "Mr. R.  Venu Gopal", "age": 46, "title": "Mang. of Accounts & Fin.", "yearBorn": 1974, "exercisedValue": 0, "unexercisedValue": 0}], "compensationAsOfEpochDate": "2020-12-31 05:30:00", "maxAge": 86400}, "cashflowStatementHistory": {"cashflowStatements": [{"maxAge": 1, "endDate": "2020-03-31", "netIncome": -87941189, "depreciation": 5635958, "changeToNetincome": 14135681, "changeToAccountReceivables": 31282389, "changeToLiabilities": 13130340, "changeToInventory": 3518284, "changeToOperatingActivities": 19484483, "totalCashFromOperatingActivities": -754054, "capitalExpenditures": -9303344, "totalCashflowsFromInvestingActivities": -5303344, "netBorrowings": 17619353, "otherCashflowsFromFinancingActivities": -12532463, "totalCashFromFinancingActivities": 5086890, "changeInCash": -970508}, {"maxAge": 1, "endDate": "2019-03-31", "netIncome": -79738638, "depreciation": 5147415, "changeToNetincome": 13888223, "changeToAccountReceivables": 15061141, "changeToLiabilities": 32027245, "changeToInventory": 7784365, "changeToOperatingActivities": 23859588, "totalCashFromOperatingActivities": 18029339, "capitalExpenditures": -113883683, "otherCashflowsFromInvestingActivities": 21023333, "totalCashflowsFromInvestingActivities": -92310350, "netBorrowings": 88477013, "otherCashflowsFromFinancingActivities": -11991955, "totalCashFromFinancingActivities": 76485058, "changeInCash": 2204047}, {"maxAge": 1, "endDate": "2018-03-31", "netIncome": 7465736, "depreciation": 5913192, "changeToNetincome": 12134088, "changeToAccountReceivables": -5032904, "changeToLiabilities": -7396901, "changeToInventory": -17565676, "changeToOperatingActivities": 29149076, "totalCashFromOperatingActivities": 24666611, "capitalExpenditures": -151725, "otherCashflowsFromInvestingActivities": 21023333, "totalCashflowsFromInvestingActivities": -151725, "netBorrowings": -13320969, "otherCashflowsFromFinancingActivities": -11260772, "totalCashFromFinancingActivities": -24581741, "changeInCash": -66855}, {"maxAge": 1, "endDate": "2017-03-31", "netIncome": 10232329, "depreciation": 5115532, "changeToNetincome": 11339291, "changeToAccountReceivables": 12991403, "changeToLiabilities": -2229390, "changeToInventory": 6058679, "changeToOperatingActivities": -32619378, "totalCashFromOperatingActivities": 10888466, "capitalExpenditures": -7727099, "otherCashflowsFromInvestingActivities": 300, "totalCashflowsFromInvestingActivities": -7716299, "netBorrowings": 7740200, "otherCashflowsFromFinancingActivities": -10940616, "totalCashFromFinancingActivities": -3200416, "changeInCash": -28249}], "maxAge": 86400}, "institutionOwnership": {"ownershipList": [], "maxAge": 1}, "majorHoldersBreakdown": {"maxAge": 1, "insidersPercentHeld": 0.62998, "institutionsPercentHeld": 0.0, "institutionsFloatPercentHeld": 0.0, "institutionsCount": 0}, "balanceSheetHistoryQuarterly": {"balanceSheetStatements": [{"maxAge": 1, "endDate": "2020-12-31", "totalStockholderEquity": -30258338, "netTangibleAssets": -30258338}, {"maxAge": 1, "endDate": "2020-09-30", "cash": 2843969, "netReceivables": 29288403, "inventory": 7410824, "otherCurrentAssets": 256500, "totalCurrentAssets": 39799696, "longTermInvestments": 12190671, "propertyPlantEquipment": 136448584, "otherAssets": 86087015, "deferredLongTermAssetCharges": 2051412, "totalAssets": 274525966, "accountsPayable": 58689236, "otherCurrentLiab": 18312976, "longTermDebt": 126863531, "otherLiab": 19528728, "totalCurrentLiabilities": 158392045, "totalLiab": 304784304, "commonStock": 108323080, "treasuryStock": -138581418, "otherStockholderEquity": -138581418, "totalStockholderEquity": -30258338, "netTangibleAssets": -30258338}, {"maxAge": 1, "endDate": "2020-06-30"}, {"maxAge": 1, "endDate": "2020-03-31", "cash": 2348612, "netReceivables": 20094825, "inventory": 21200000, "otherCurrentAssets": 4382690, "totalCurrentAssets": 48026127, "longTermInvestments": 7230715, "propertyPlantEquipment": 131685401, "intangibleAssets": 10809069, "otherAssets": 87672133, "deferredLongTermAssetCharges": 3451630, "totalAssets": 285423445, "otherCurrentLiab": 6319772, "longTermDebt": 111032384, "otherLiab": 8369019, "totalCurrentLiabilities": 146357282, "totalLiab": 269431412, "commonStock": 108323080, "retainedEarnings": -167167821, "treasuryStock": -528860, "capitalSurplus": 75365634, "otherStockholderEquity": -528860, "totalStockholderEquity": 15992033, "netTangibleAssets": 5182964}], "maxAge": 86400}, "indexTrend": {"maxAge": 1, "symbol": "SP5", "peRatio": 19.7411, "pegRatio": 1.34172, "estimates": [{"period": "0q", "growth": 0.549}, {"period": "+1q", "growth": 0.431}, {"period": "0y", "growth": 0.305}, {"period": "+1y", "growth": 0.109}, {"period": "+5y", "growth": 0.120865}, {"period": "-5y"}]}, "defaultKeyStatistics": {"maxAge": 1, "priceHint": 4, "enterpriseValue": 247273168, "profitMargins": -1.01161, "floatShares": 18354235, "sharesOutstanding": 54161500, "heldPercentInsiders": 0.62998, "heldPercentInstitutions": 0.0, "beta": 0.281407, "category": null, "bookValue": -0.558, "fundFamily": null, "legalType": null, "lastFiscalYearEnd": "2020-03-31 05:30:00", "nextFiscalYearEnd": "2022-03-31 05:30:00", "mostRecentQuarter": "2020-12-31 05:30:00", "netIncomeToCommon": -92635344, "trailingEps": -1.702, "lastSplitFactor": null, "enterpriseToRevenue": 2.7, "enterpriseToEbitda": -3.369}, "summaryProfile": {"address1": "No. 14, Jayammal Road", "address2": "Teynampet", "city": "Chennai", "zip": "600018", "country": "India", "phone": "91 44 2431 3001", "fax": "91 44 2431 3008", "website": "http://www.radaan.tv", "industry": "Entertainment", "sector": "Communication Services", "longBusinessSummary": "Radaan Mediaworks India Limited operates in the media and entertainment industry in India. The company is involved in the production of content for tele-serials/films, digital content, events, game shows, etc.; distribution of films; theatrical play activities; and setting up of training courses, such as acting, dance, martial arts, yoga, etc. It produces serials in Tamil, Telugu, Malayalam, Hindi, Gujarati and Kannada languages. Radaan Mediaworks India Limited was founded in 1994 and is based in Chennai, India.", "fullTimeEmployees": 55, "companyOfficers": [], "maxAge": 86400}, "netSharePurchaseActivity": {"maxAge": 1, "period": "6m", "buyInfoCount": 0, "buyInfoShares": 0, "sellInfoCount": 0, "netInfoCount": 0, "netInfoShares": 0, "netPercentInsiderShares": 0.0, "totalInsiderShares": 33866792}, "quoteType": {"exchange": "NSI", "quoteType": "EQUITY", "symbol": "RADAAN.NS", "underlyingSymbol": "RADAAN.NS", "shortName": "RADAAN MEDIAWORKS", "longName": "Radaan Mediaworks India Limited", "firstTradeDateEpochUtc": "2003-03-03 09:15:00", "timeZoneFullName": "Asia/Kolkata", "timeZoneShortName": "IST", "uuid": "077ce039-b377-3c1e-bc9b-54eec201379f", "gmtOffSetMilliseconds": 19800000, "maxAge": 1}, "incomeStatementHistory": {"incomeStatementHistory": [{"maxAge": 1, "endDate": "2020-03-31", "totalRevenue": 102000149, "costOfRevenue": 147725587, "grossProfit": -45725438, "researchDevelopment": {}, "sellingGeneralAdministrative": 7805709, "nonRecurring": {}, "otherOperatingExpenses": 14784197, "totalOperatingExpenses": 175951451, "operatingIncome": -73951302, "totalOtherIncomeExpenseNet": -13622457, "ebit": -73951302, "interestExpense": -12474507, "incomeBeforeTax": -87573759, "incomeTaxExpense": 367430, "minorityInterest": {}, "netIncomeFromContinuingOps": -87941189, "discontinuedOperations": {}, "extraordinaryItems": {}, "effectOfAccountingCharges": {}, "otherItems": {}, "netIncome": -87941189, "netIncomeApplicableToCommonShares": -87941189}, {"maxAge": 1, "endDate": "2019-03-31", "totalRevenue": 280374890, "costOfRevenue": 320255221, "grossProfit": -39880331, "researchDevelopment": {}, "sellingGeneralAdministrative": 130575, "nonRecurring": {}, "otherOperatingExpenses": 21713259, "totalOperatingExpenses": 347246470, "operatingIncome": -66871580, "totalOtherIncomeExpenseNet": -10869715, "ebit": -66871580, "interestExpense": -11739411, "incomeBeforeTax": -77741295, "incomeTaxExpense": 1997343, "minorityInterest": {}, "netIncomeFromContinuingOps": -79738638, "discontinuedOperations": {}, "extraordinaryItems": {}, "effectOfAccountingCharges": {}, "otherItems": {}, "netIncome": -79738638, "netIncomeApplicableToCommonShares": -79738638}, {"maxAge": 1, "endDate": "2018-03-31", "totalRevenue": 291202187, "costOfRevenue": 245473648, "grossProfit": 45728539, "researchDevelopment": {}, "sellingGeneralAdministrative": 268449, "nonRecurring": {}, "otherOperatingExpenses": 20877300, "totalOperatingExpenses": 272532589, "operatingIncome": 18669598, "totalOtherIncomeExpenseNet": -9982301, "ebit": 18669598, "interestExpense": -10363817, "incomeBeforeTax": 8687297, "incomeTaxExpense": 1221561, "minorityInterest": {}, "netIncomeFromContinuingOps": 7465736, "discontinuedOperations": {}, "extraordinaryItems": {}, "effectOfAccountingCharges": {}, "otherItems": {}, "netIncome": 7465736, "netIncomeApplicableToCommonShares": 7465736}, {"maxAge": 1, "endDate": "2017-03-31", "totalRevenue": 308071226, "costOfRevenue": 262981795, "grossProfit": 45089431, "researchDevelopment": {}, "sellingGeneralAdministrative": 85153, "nonRecurring": {}, "otherOperatingExpenses": 18710103, "totalOperatingExpenses": 286892583, "operatingIncome": 21178643, "totalOtherIncomeExpenseNet": -10329880, "ebit": 21178643, "interestExpense": -10647150, "incomeBeforeTax": 10848763, "incomeTaxExpense": 616434, "minorityInterest": {}, "netIncomeFromContinuingOps": 10232329, "discontinuedOperations": {}, "extraordinaryItems": {}, "effectOfAccountingCharges": {}, "otherItems": {}, "netIncome": 10232329, "netIncomeApplicableToCommonShares": 10232329}], "maxAge": 86400}, "fundOwnership": {"ownershipList": [], "maxAge": 1}, "summaryDetail": {"maxAge": 1, "priceHint": 4, "previousClose": 0.8, "open": 0.8, "dayLow": 0.75, "dayHigh": 0.85, "regularMarketPreviousClose": 0.8, "regularMarketOpen": 0.8, "regularMarketDayLow": 0.75, "regularMarketDayHigh": 0.85, "payoutRatio": 0.0, "beta": 0.281407, "volume": 36809, "regularMarketVolume": 36809, "averageVolume": 14747, "averageVolume10days": 4136, "averageDailyVolume10Day": 4136, "bid": 0.0, "ask": 0.0, "bidSize": 0, "askSize": 0, "marketCap": 44412480, "fiftyTwoWeekLow": 0.7, "fiftyTwoWeekHigh": 1.45, "priceToSalesTrailing12Months": 0.48500013, "fiftyDayAverage": 0.7969697, "twoHundredDayAverage": 1.0346428, "currency": "INR", "fromCurrency": null, "lastMarket": null, "algorithm": null, "tradeable": false}, "incomeStatementHistoryQuarterly": {"incomeStatementHistory": [{"maxAge": 1, "endDate": "2020-12-31", "totalRevenue": 41390081, "costOfRevenue": 44016867, "grossProfit": -2626786, "researchDevelopment": {}, "sellingGeneralAdministrative": {}, "nonRecurring": {}, "otherOperatingExpenses": 3594305, "totalOperatingExpenses": 48791558, "operatingIncome": -7401477, "totalOtherIncomeExpenseNet": -3737697, "ebit": -7401477, "interestExpense": -3737696, "incomeBeforeTax": -11139174, "incomeTaxExpense": 687701, "minorityInterest": {}, "netIncomeFromContinuingOps": -11826875, "discontinuedOperations": {}, "extraordinaryItems": {}, "effectOfAccountingCharges": {}, "otherItems": {}, "netIncome": -11826875, "netIncomeApplicableToCommonShares": -11826875}, {"maxAge": 1, "endDate": "2020-09-30", "totalRevenue": 16266172, "costOfRevenue": 34373954, "grossProfit": -18107782, "researchDevelopment": {}, "sellingGeneralAdministrative": {}, "nonRecurring": {}, "otherOperatingExpenses": 2665891, "totalOperatingExpenses": 38228502, "operatingIncome": -21962330, "totalOtherIncomeExpenseNet": -3927923, "ebit": -21962330, "interestExpense": -3970418, "incomeBeforeTax": -25890253, "incomeTaxExpense": 695973, "minorityInterest": {}, "netIncomeFromContinuingOps": -26586226, "discontinuedOperations": {}, "extraordinaryItems": {}, "effectOfAccountingCharges": {}, "otherItems": {}, "netIncome": -26586226, "netIncomeApplicableToCommonShares": -26586226}, {"maxAge": 1, "endDate": "2020-06-30", "totalRevenue": 1862015, "costOfRevenue": 13535903, "grossProfit": -11673888, "researchDevelopment": {}, "sellingGeneralAdministrative": {}, "nonRecurring": {}, "otherOperatingExpenses": 2547633, "totalOperatingExpenses": 17297541, "operatingIncome": -15435526, "totalOtherIncomeExpenseNet": -3522370, "ebit": -15435526, "interestExpense": -3522370, "incomeBeforeTax": -18957896, "incomeTaxExpense": 704245, "minorityInterest": {}, "netIncomeFromContinuingOps": -19662141, "discontinuedOperations": {}, "extraordinaryItems": {}, "effectOfAccountingCharges": {}, "otherItems": {}, "netIncome": -19662141, "netIncomeApplicableToCommonShares": -19662141}, {"maxAge": 1, "endDate": "2020-03-31", "totalRevenue": 32053825, "costOfRevenue": 51916427, "grossProfit": -19862602, "researchDevelopment": {}, "sellingGeneralAdministrative": 7805709, "nonRecurring": {}, "otherOperatingExpenses": 639230, "totalOperatingExpenses": 63119808, "operatingIncome": -31065983, "totalOtherIncomeExpenseNet": -5413771, "ebit": -31065983, "interestExpense": -4160257, "incomeBeforeTax": -36479754, "incomeTaxExpense": -1919651, "minorityInterest": {}, "netIncomeFromContinuingOps": -34560103, "discontinuedOperations": {}, "extraordinaryItems": {}, "effectOfAccountingCharges": {}, "otherItems": {}, "netIncome": -34560103, "netIncomeApplicableToCommonShares": -34560103}], "maxAge": 86400}, "cashflowStatementHistoryQuarterly": {"cashflowStatements": [{"maxAge": 1, "endDate": "2020-12-31", "netIncome": -11826875, "changeToLiabilities": 0}, {"maxAge": 1, "endDate": "2020-09-30", "netIncome": -26586226, "changeToLiabilities": 0}, {"maxAge": 1, "endDate": "2020-06-30", "netIncome": -19662141, "changeToLiabilities": 0}, {"maxAge": 1, "endDate": "2020-03-31", "netIncome": -34560103, "changeToLiabilities": 0}], "maxAge": 86400}, "insiderHolders": {"holders": [], "maxAge": 1}, "calendarEvents": {"maxAge": 1, "earnings": {"earningsDate": ["2020-09-15 05:30:S"]}}, "upgradeDowngradeHistory": {"history": [], "maxAge": 86400}, "price": {"maxAge": 1, "regularMarketChangePercent": 0.0, "regularMarketChange": 0.0, "regularMarketTime": "2021-04-30 15:19:21", "priceHint": 4, "regularMarketPrice": 0.8, "regularMarketDayHigh": 0.85, "regularMarketDayLow": 0.75, "regularMarketVolume": 36809, "averageDailyVolume10Day": 4136, "averageDailyVolume3Month": 14747, "regularMarketPreviousClose": 0.8, "regularMarketSource": "FREE_REALTIME", "regularMarketOpen": 0.8, "exchange": "NSI", "exchangeName": "NSE", "exchangeDataDelayedBy": 15, "marketState": "CLOSED", "quoteType": "EQUITY", "symbol": "RADAAN.NS", "underlyingSymbol": null, "shortName": "RADAAN MEDIAWORKS", "longName": "Radaan Mediaworks India Limited", "currency": "INR", "quoteSourceName": "Delayed Quote", "currencySymbol": "\u20b9", "fromCurrency": null, "lastMarket": null, "marketCap": 44412480}, "balanceSheetHistory": {"balanceSheetStatements": [{"maxAge": 1, "endDate": "2020-03-31", "cash": 2348612, "netReceivables": 20094825, "inventory": 21200000, "otherCurrentAssets": 4382690, "totalCurrentAssets": 48026127, "longTermInvestments": 7230715, "propertyPlantEquipment": 131685401, "intangibleAssets": 10809069, "otherAssets": 87672133, "deferredLongTermAssetCharges": 3451630, "totalAssets": 285423445, "otherCurrentLiab": 6319772, "longTermDebt": 111032384, "otherLiab": 8369019, "totalCurrentLiabilities": 146357282, "totalLiab": 269431412, "commonStock": 108323080, "retainedEarnings": -167167821, "treasuryStock": -528860, "capitalSurplus": 75365634, "otherStockholderEquity": -528860, "totalStockholderEquity": 15992033, "netTangibleAssets": 5182964}, {"maxAge": 1, "endDate": "2019-03-31", "cash": 3319120, "netReceivables": 51432634, "inventory": 24718284, "otherCurrentAssets": 3524680, "totalCurrentAssets": 82994718, "longTermInvestments": 7242001, "propertyPlantEquipment": 126563943, "intangibleAssets": 42257412, "otherAssets": 91065821, "deferredLongTermAssetCharges": 3812584, "totalAssets": 350123895, "shortLongTermDebt": 2485511, "otherCurrentLiab": 9792208, "longTermDebt": 85443788, "otherLiab": 14142712, "totalCurrentLiabilities": 146587792, "totalLiab": 246174292, "commonStock": 108323080, "retainedEarnings": -79221537, "treasuryStock": -517574, "capitalSurplus": 75365634, "otherStockholderEquity": -517574, "totalStockholderEquity": 103949603, "netTangibleAssets": 61692191}, {"maxAge": 1, "endDate": "2018-03-31", "cash": 1115073, "netReceivables": 66438101, "inventory": 32502649, "otherCurrentAssets": 25194438, "totalCurrentAssets": 125250261, "longTermInvestments": 7250221, "propertyPlantEquipment": 16529375, "intangibleAssets": 51490184, "otherAssets": 129692122, "deferredLongTermAssetCharges": 5809928, "totalAssets": 330212163, "accountsPayable": 14102356, "shortLongTermDebt": 2254488, "otherCurrentLiab": 2037725, "longTermDebt": 1843291, "otherLiab": 49868122, "totalCurrentLiabilities": 94794598, "totalLiab": 146506011, "commonStock": 108323080, "retainedEarnings": 526792, "treasuryStock": -509354, "capitalSurplus": 75365634, "otherStockholderEquity": -509354, "totalStockholderEquity": 183706152, "netTangibleAssets": 132215968}, {"maxAge": 1, "endDate": "2017-03-31", "cash": 1181928, "netReceivables": 61449287, "inventory": 14936973, "otherCurrentAssets": 61137156, "totalCurrentAssets": 138783842, "longTermInvestments": 7259971, "propertyPlantEquipment": 27028197, "intangibleAssets": 46734577, "otherAssets": 120192006, "deferredLongTermAssetCharges": 6191370, "totalAssets": 339998593, "shortLongTermDebt": 2030698, "otherCurrentLiab": 1184280, "longTermDebt": 4114791, "otherLiab": 49193785, "totalCurrentLiabilities": 110091605, "totalLiab": 163400181, "commonStock": 108323080, "retainedEarnings": -6854870, "treasuryStock": -235432, "capitalSurplus": 75365634, "otherStockholderEquity": -235432, "totalStockholderEquity": 176598412, "netTangibleAssets": 129863835}], "maxAge": 86400}, "financialData": {"maxAge": 86400, "currentPrice": 0.8, "recommendationKey": "none", "totalCash": 2843969, "totalCashPerShare": 0.053, "ebitda": -73397136, "totalDebt": 207110304, "totalRevenue": 91572096, "revenuePerShare": 1.682, "grossProfits": -45725438, "revenueGrowth": 1.328, "grossMargins": -0.57082003, "ebitdaMargins": -0.80152, "operatingMargins": -0.82848, "profitMargins": -1.01161, "financialCurrency": "INR"}}}