{"RADHIKAJWE.BO": {"cashflowStatementHistory": {"cashflowStatements": [{"maxAge": 1, "endDate": "2020-03-31", "netIncome": 128056784, "depreciation": 1893354, "changeToNetincome": -2272238, "changeToAccountReceivables": 131100, "changeToLiabilities": 9773737, "changeToInventory": -91439142, "changeToOperatingActivities": -42067048, "totalCashFromOperatingActivities": 4076547, "capitalExpenditures": -129817, "investments": 25254608, "totalCashflowsFromInvestingActivities": 25449791, "dividendsPaid": -14202202, "netBorrowings": -252934667, "otherCashflowsFromFinancingActivities": -25200329, "totalCashFromFinancingActivities": -292337198, "changeInCash": -262810860}, {"maxAge": 1, "endDate": "2019-03-31", "netIncome": 84110491, "depreciation": 2711421, "changeToNetincome": 9549230, "changeToAccountReceivables": -310499, "changeToLiabilities": -1531622, "changeToInventory": -201806173, "changeToOperatingActivities": -1255863, "totalCashFromOperatingActivities": -108533015, "capitalExpenditures": -114980, "investments": 29548232, "totalCashflowsFromInvestingActivities": 29433252, "dividendsPaid": -14202202, "netBorrowings": -105227848, "otherCashflowsFromFinancingActivities": -43126459, "totalCashFromFinancingActivities": -148354307, "changeInCash": -227454070}, {"maxAge": 1, "endDate": "2018-03-31", "netIncome": 117513150, "depreciation": 3874606, "changeToNetincome": 18810548, "changeToAccountReceivables": -881740, "changeToLiabilities": -62326622, "changeToInventory": -59507920, "changeToOperatingActivities": 18718922, "totalCashFromOperatingActivities": 38208240, "capitalExpenditures": -190720, "investments": -100000000, "otherCashflowsFromInvestingActivities": 28094029, "totalCashflowsFromInvestingActivities": -72096691, "dividendsPaid": -14202202, "netBorrowings": -15310934, "otherCashflowsFromFinancingActivities": -45954381, "totalCashFromFinancingActivities": -61265315, "changeInCash": -95153765}, {"maxAge": 1, "endDate": "2017-03-31", "netIncome": 92549410, "depreciation": 2640370, "changeToNetincome": 3368210, "changeToAccountReceivables": -1354350, "changeToLiabilities": 69514695, "changeToInventory": -839646426, "changeToOperatingActivities": -36456920, "totalCashFromOperatingActivities": -708883188, "capitalExpenditures": -4406553, "investments": -100000000, "otherCashflowsFromInvestingActivities": 43634499, "totalCashflowsFromInvestingActivities": -60772054, "dividendsPaid": -14202202, "netBorrowings": 615273284, "otherCashflowsFromFinancingActivities": 259964247, "totalCashFromFinancingActivities": 1540237531, "changeInCash": 770582289, "issuanceOfStock": 665000000}], "maxAge": 86400}, "institutionOwnership": {"ownershipList": [], "maxAge": 1}, "balanceSheetHistoryQuarterly": {"balanceSheetStatements": [{"maxAge": 1, "endDate": "2020-03-31", "cash": 185163594, "netReceivables": 6489946, "inventory": 1192399661, "otherCurrentAssets": 85803576, "totalCurrentAssets": 1470104019, "longTermInvestments": 200000000, "propertyPlantEquipment": 5842778, "otherAssets": 993342, "deferredLongTermAssetCharges": 993342, "totalAssets": 1676940139, "accountsPayable": 15352635, "otherCurrentLiab": 37137420, "longTermDebt": 239894314, "otherLiab": 49290, "totalCurrentLiabilities": 56817711, "totalLiab": 296761315, "commonStock": 236000000, "retainedEarnings": 715178824, "capitalSurplus": 429000000, "totalStockholderEquity": 1380178824, "netTangibleAssets": 1380178824}, {"maxAge": 1, "endDate": "2019-12-31", "cash": 185163594, "netReceivables": 6489946, "inventory": 1192399661, "otherCurrentAssets": 85803576, "totalCurrentAssets": 1470104019, "longTermInvestments": 200000000, "propertyPlantEquipment": 5842778, "otherAssets": 993342, "deferredLongTermAssetCharges": 993342, "totalAssets": 1676940139, "accountsPayable": 15352635, "otherCurrentLiab": 37137420, "longTermDebt": 239894314, "otherLiab": 49290, "totalCurrentLiabilities": 56817711, "totalLiab": 296761315, "commonStock": 236000000, "retainedEarnings": 715178824, "capitalSurplus": 429000000, "totalStockholderEquity": 1380178824, "netTangibleAssets": 1380178824}, {"maxAge": 1, "endDate": "2019-09-30", "cash": 57692000, "netReceivables": 10805000, "inventory": 1060239000, "otherCurrentAssets": 31360000, "totalCurrentAssets": 1160096000, "longTermInvestments": 550000000, "propertyPlantEquipment": 7137000, "otherAssets": 1283000, "deferredLongTermAssetCharges": 1283000, "totalAssets": 1718516000, "accountsPayable": 19596000, "longTermDebt": 393910000, "otherLiab": 11000, "totalCurrentLiabilities": 19596000, "totalLiab": 413517000, "commonStock": 236000000, "treasuryStock": 1068999000, "otherStockholderEquity": 1068999000, "totalStockholderEquity": 1304999000, "netTangibleAssets": 1304999000}, {"maxAge": 1, "endDate": "2019-06-30", "cash": 57692000, "netReceivables": 10805000, "inventory": 1060239000, "otherCurrentAssets": 31360000, "totalCurrentAssets": 1160096000, "longTermInvestments": 550000000, "propertyPlantEquipment": 7137000, "otherAssets": 1283000, "deferredLongTermAssetCharges": 1283000, "totalAssets": 1718516000, "accountsPayable": 19596000, "longTermDebt": 393910000, "otherLiab": 11000, "totalCurrentLiabilities": 19596000, "totalLiab": 413517000, "commonStock": 236000000, "treasuryStock": 1068999000, "otherStockholderEquity": 1068999000, "totalStockholderEquity": 1304999000, "netTangibleAssets": 1304999000}], "maxAge": 86400}, "indexTrend": {"maxAge": 1, "symbol": "SP5", "peRatio": 19.7411, "pegRatio": 1.34172, "estimates": [{"period": "0q", "growth": 0.549}, {"period": "+1q", "growth": 0.431}, {"period": "0y", "growth": 0.305}, {"period": "+1y", "growth": 0.109}, {"period": "+5y", "growth": 0.120859005}, {"period": "-5y"}]}, "insiderTransactions": {"transactions": [{"maxAge": 1, "shares": 97600, "filerUrl": "", "transactionText": "", "filerName": "Zinzuwadia (Mohil)", "filerRelation": "Divisional Officer", "moneyText": "", "startDate": "2018-10-30", "ownership": "D"}, {"maxAge": 1, "shares": 187200, "filerUrl": "", "transactionText": "", "filerName": "Zinzuwadia (Mohil)", "filerRelation": "Divisional Officer", "moneyText": "", "startDate": "2018-10-19", "ownership": "D"}, {"maxAge": 1, "shares": 48000, "filerUrl": "", "transactionText": "", "filerName": "Zinzuwadia (Mohil)", "filerRelation": "Divisional Officer", "moneyText": "", "startDate": "2018-10-05", "ownership": "D"}, {"maxAge": 1, "shares": 64000, "filerUrl": "", "transactionText": "", "filerName": "Zinzuwadia (Mohil)", "filerRelation": "Divisional Officer", "moneyText": "", "startDate": "2018-10-04", "ownership": "D"}], "maxAge": 1}, "quoteType": {"exchange": "BSE", "quoteType": "EQUITY", "symbol": "RADHIKAJWE.BO", "underlyingSymbol": "RADHIKAJWE.BO", "shortName": "Radhika Jeweltech Limited", "longName": "Radhika Jeweltech Limited", "firstTradeDateEpochUtc": "2016-09-27 09:15:00", "timeZoneFullName": "Asia/Kolkata", "timeZoneShortName": "IST", "uuid": "65f3d491-3f46-3927-ba85-52a05b47ecac", "gmtOffSetMilliseconds": 19800000, "maxAge": 1}, "incomeStatementHistory": {"incomeStatementHistory": [{"maxAge": 1, "endDate": "2020-03-31", "totalRevenue": 1721792047, "costOfRevenue": 1438481675, "grossProfit": 283310372, "researchDevelopment": {}, "sellingGeneralAdministrative": 47642628, "nonRecurring": {}, "otherOperatingExpenses": 94713333, "totalOperatingExpenses": 1582730990, "operatingIncome": 139061057, "totalOtherIncomeExpenseNet": -10995, "ebit": 139061057, "interestExpense": -24692857, "incomeBeforeTax": 139050062, "incomeTaxExpense": 10993278, "minorityInterest": {}, "netIncomeFromContinuingOps": 128056784, "discontinuedOperations": {}, "extraordinaryItems": {}, "effectOfAccountingCharges": {}, "otherItems": {}, "netIncome": 128056784, "netIncomeApplicableToCommonShares": 128056784}, {"maxAge": 1, "endDate": "2019-03-31", "totalRevenue": 1733746751, "costOfRevenue": 1446383435, "grossProfit": 287363316, "researchDevelopment": {}, "sellingGeneralAdministrative": 41673089, "nonRecurring": {}, "otherOperatingExpenses": 74138093, "totalOperatingExpenses": 1564906038, "operatingIncome": 168840713, "totalOtherIncomeExpenseNet": -16162878, "ebit": 168840713, "interestExpense": -45030661, "incomeBeforeTax": 152677835, "incomeTaxExpense": 68567344, "minorityInterest": {}, "netIncomeFromContinuingOps": 84110491, "discontinuedOperations": {}, "extraordinaryItems": {}, "effectOfAccountingCharges": {}, "otherItems": {}, "netIncome": 84110491, "netIncomeApplicableToCommonShares": 84110491}, {"maxAge": 1, "endDate": "2018-03-31", "totalRevenue": 2398847465, "costOfRevenue": 2080056732, "grossProfit": 318790733, "researchDevelopment": {}, "sellingGeneralAdministrative": 31751293, "nonRecurring": {}, "otherOperatingExpenses": 67989344, "totalOperatingExpenses": 2183671975, "operatingIncome": 215175490, "totalOtherIncomeExpenseNet": -14724544, "ebit": 215175490, "interestExpense": -42137650, "incomeBeforeTax": 200450946, "incomeTaxExpense": 82937796, "minorityInterest": {}, "netIncomeFromContinuingOps": 117513150, "discontinuedOperations": {}, "extraordinaryItems": {}, "effectOfAccountingCharges": {}, "otherItems": {}, "netIncome": 117513150, "netIncomeApplicableToCommonShares": 117513150}, {"maxAge": 1, "endDate": "2017-03-31", "totalRevenue": 1570722694, "costOfRevenue": 1422410884, "grossProfit": 148311810, "researchDevelopment": {}, "sellingGeneralAdministrative": 11281626, "nonRecurring": {}, "otherOperatingExpenses": 24731232, "totalOperatingExpenses": 1461064112, "operatingIncome": 109658582, "totalOtherIncomeExpenseNet": -4285247, "ebit": 109658582, "interestExpense": -47039115, "incomeBeforeTax": 105373335, "incomeTaxExpense": 12823925, "minorityInterest": {}, "netIncomeFromContinuingOps": 92549410, "discontinuedOperations": {}, "extraordinaryItems": {}, "effectOfAccountingCharges": {}, "otherItems": {}, "netIncome": 92549410, "netIncomeApplicableToCommonShares": 92549410}], "maxAge": 86400}, "fundOwnership": {"ownershipList": [], "maxAge": 1}, "summaryDetail": {"maxAge": 1, "priceHint": 2, "previousClose": 16.1, "open": 15.85, "dayLow": 15.85, "dayHigh": 16.95, "regularMarketPreviousClose": 16.1, "regularMarketOpen": 15.85, "regularMarketDayLow": 15.85, "regularMarketDayHigh": 16.95, "trailingPE": 3.114633, "volume": 4800, "regularMarketVolume": 4800, "averageVolume": 2098, "averageVolume10days": 2240, "averageDailyVolume10Day": 2240, "bid": 15.6, "ask": 16.95, "bidSize": 0, "askSize": 0, "marketCap": 398840000, "fiftyTwoWeekLow": 13.6, "fiftyTwoWeekHigh": 21.5, "fiftyDayAverage": 16.486364, "twoHundredDayAverage": 16.359411, "trailingAnnualDividendRate": 0.5, "trailingAnnualDividendYield": 0.0310559, "currency": "INR", "fromCurrency": null, "lastMarket": null, "algorithm": null, "tradeable": false}, "incomeStatementHistoryQuarterly": {"incomeStatementHistory": [{"maxAge": 1, "endDate": "2020-03-31", "totalRevenue": 524528524, "costOfRevenue": 441122838, "grossProfit": 83405686, "researchDevelopment": {}, "sellingGeneralAdministrative": 12217314, "nonRecurring": {}, "otherOperatingExpenses": 36310667, "totalOperatingExpenses": 490110995, "operatingIncome": 34417529, "totalOtherIncomeExpenseNet": 8669002, "ebit": 34417529, "interestExpense": -2721429, "incomeBeforeTax": 43086531, "incomeTaxExpense": 5496639, "minorityInterest": {}, "netIncomeFromContinuingOps": 37589892, "discontinuedOperations": {}, "extraordinaryItems": {}, "effectOfAccountingCharges": {}, "otherItems": {}, "netIncome": 37589892, "netIncomeApplicableToCommonShares": 37589892}, {"maxAge": 1, "endDate": "2019-12-31", "totalRevenue": 524528524, "costOfRevenue": 441122838, "grossProfit": 83405686, "researchDevelopment": {}, "sellingGeneralAdministrative": 12217314, "nonRecurring": {}, "otherOperatingExpenses": 36310667, "totalOperatingExpenses": 490110995, "operatingIncome": 34417529, "totalOtherIncomeExpenseNet": 8669002, "ebit": 34417529, "interestExpense": -2721429, "incomeBeforeTax": 43086531, "incomeTaxExpense": 5496639, "minorityInterest": {}, "netIncomeFromContinuingOps": 37589892, "discontinuedOperations": {}, "extraordinaryItems": {}, "effectOfAccountingCharges": {}, "otherItems": {}, "netIncome": 37589892, "netIncomeApplicableToCommonShares": 37589892}, {"maxAge": 1, "endDate": "2019-09-30", "totalRevenue": 336367500, "costOfRevenue": 278118000, "grossProfit": 58249500, "researchDevelopment": {}, "sellingGeneralAdministrative": 11604000, "nonRecurring": {}, "otherOperatingExpenses": 11046000, "totalOperatingExpenses": 301254500, "operatingIncome": 35113000, "totalOtherIncomeExpenseNet": -8674500, "ebit": 35113000, "interestExpense": -9625000, "incomeBeforeTax": 26438500, "incomeTaxExpense": 0, "minorityInterest": {}, "netIncomeFromContinuingOps": 26438500, "discontinuedOperations": {}, "extraordinaryItems": {}, "effectOfAccountingCharges": {}, "otherItems": {}, "netIncome": 26438500, "netIncomeApplicableToCommonShares": 26438500}, {"maxAge": 1, "endDate": "2019-06-30", "totalRevenue": 336367500, "costOfRevenue": 278118000, "grossProfit": 58249500, "researchDevelopment": {}, "sellingGeneralAdministrative": 11604000, "nonRecurring": {}, "otherOperatingExpenses": 11046000, "totalOperatingExpenses": 301254500, "operatingIncome": 35113000, "totalOtherIncomeExpenseNet": -8674500, "ebit": 35113000, "interestExpense": -9625000, "incomeBeforeTax": 26438500, "incomeTaxExpense": 0, "minorityInterest": {}, "netIncomeFromContinuingOps": 26438500, "discontinuedOperations": {}, "extraordinaryItems": {}, "effectOfAccountingCharges": {}, "otherItems": {}, "netIncome": 26438500, "netIncomeApplicableToCommonShares": 26438500}], "maxAge": 86400}, "cashflowStatementHistoryQuarterly": {"cashflowStatements": [{"maxAge": 1, "endDate": "2020-03-31", "netIncome": 37589892, "changeToLiabilities": 0}, {"maxAge": 1, "endDate": "2019-12-31", "netIncome": 37589892, "changeToLiabilities": 0}, {"maxAge": 1, "endDate": "2019-09-30", "netIncome": 26438500, "changeToLiabilities": 0}, {"maxAge": 1, "endDate": "2019-06-30", "netIncome": 26438500, "changeToLiabilities": 0}], "maxAge": 86400}, "insiderHolders": {"holders": [{"maxAge": 1, "name": "Zinzuwadia (Mohil)", "relation": "Divisional Officer", "url": "", "transactionDescription": "Acquisition", "latestTransDate": "2018-10-30", "positionDirect": 396800, "positionDirectDate": "2018-10-30"}], "maxAge": 1}, "calendarEvents": {"maxAge": 1, "earnings": {"earningsDate": []}}, "upgradeDowngradeHistory": {"history": [], "maxAge": 86400}, "price": {"maxAge": 1, "regularMarketChangePercent": 0.049689393, "regularMarketChange": 0.79999924, "regularMarketTime": "2021-04-30 15:28:32", "priceHint": 2, "regularMarketPrice": 16.9, "regularMarketDayHigh": 16.95, "regularMarketDayLow": 15.85, "regularMarketVolume": 4800, "averageDailyVolume10Day": 2240, "averageDailyVolume3Month": 2098, "regularMarketPreviousClose": 16.1, "regularMarketSource": "FREE_REALTIME", "regularMarketOpen": 15.85, "exchange": "BSE", "exchangeName": "BSE", "exchangeDataDelayedBy": 0, "marketState": "CLOSED", "quoteType": "EQUITY", "symbol": "RADHIKAJWE.BO", "underlyingSymbol": null, "shortName": "Radhika Jeweltech Limited", "longName": "Radhika Jeweltech Limited", "currency": "INR", "quoteSourceName": "Delayed Quote", "currencySymbol": "\u20b9", "fromCurrency": null, "lastMarket": null, "marketCap": 398840000}, "balanceSheetHistory": {"balanceSheetStatements": [{"maxAge": 1, "endDate": "2020-03-31", "cash": 185163594, "netReceivables": 6489946, "inventory": 1192399661, "otherCurrentAssets": 85803576, "totalCurrentAssets": 1470104019, "longTermInvestments": 200000000, "propertyPlantEquipment": 5842778, "otherAssets": 993342, "deferredLongTermAssetCharges": 993342, "totalAssets": 1676940139, "accountsPayable": 15352635, "otherCurrentLiab": 37137420, "longTermDebt": 239894314, "otherLiab": 49290, "totalCurrentLiabilities": 56817711, "totalLiab": 296761315, "commonStock": 236000000, "retainedEarnings": 715178824, "capitalSurplus": 429000000, "totalStockholderEquity": 1380178824, "netTangibleAssets": 1380178824}, {"maxAge": 1, "endDate": "2019-03-31", "cash": 447974454, "netReceivables": 3443542, "inventory": 1100960519, "otherCurrentAssets": 55595182, "totalCurrentAssets": 1608259353, "longTermInvestments": 200000000, "propertyPlantEquipment": 7992192, "otherAssets": 1283477, "deferredLongTermAssetCharges": 1283477, "totalAssets": 1817535022, "accountsPayable": 5597870, "otherCurrentLiab": 47123108, "longTermDebt": 492828981, "otherLiab": 31304, "totalCurrentLiabilities": 58350496, "totalLiab": 551210781, "commonStock": 236000000, "retainedEarnings": 601324241, "capitalSurplus": 429000000, "totalStockholderEquity": 1266324241, "netTangibleAssets": 1266324241}, {"maxAge": 1, "endDate": "2018-03-31", "cash": 675428524, "netReceivables": 2423080, "inventory": 899154346, "otherCurrentAssets": 68236649, "totalCurrentAssets": 1645242599, "longTermInvestments": 200000000, "propertyPlantEquipment": 10588632, "otherAssets": 1218583, "deferredLongTermAssetCharges": 1218583, "totalAssets": 1857049814, "accountsPayable": 7188073, "otherCurrentLiab": 60706275, "longTermDebt": 599962350, "totalCurrentLiabilities": 74873714, "totalLiab": 674836064, "commonStock": 236000000, "retainedEarnings": 517213750, "capitalSurplus": 429000000, "totalStockholderEquity": 1182213750, "netTangibleAssets": 1182213750}, {"maxAge": 1, "endDate": "2017-03-31", "cash": 770582289, "netReceivables": 1514714, "inventory": 839646426, "otherCurrentAssets": 33853359, "totalCurrentAssets": 1647604084, "longTermInvestments": 100000000, "propertyPlantEquipment": 13887742, "intangibleAssets": 384776, "otherAssets": 2651075, "deferredLongTermAssetCharges": 176075, "totalAssets": 1764527677, "accountsPayable": 68391602, "otherCurrentLiab": 14849308, "longTermDebt": 615273283, "totalCurrentLiabilities": 84553793, "totalLiab": 699827076, "commonStock": 236000000, "retainedEarnings": 399700600, "treasuryStock": 429000000, "otherStockholderEquity": 429000000, "totalStockholderEquity": 1064700600, "netTangibleAssets": 1064315824}], "maxAge": 86400}, "financialData": {"maxAge": 86400, "currentPrice": 16.9, "recommendationKey": "none", "grossProfits": 283310372, "financialCurrency": "INR"}}}