{"RADICO.BO": {"recommendationTrend": {"trend": [{"period": "0m", "strongBuy": 0, "buy": 0, "hold": 0, "sell": 0, "strongSell": 0}, {"period": "-1m", "strongBuy": 0, "buy": 0, "hold": 0, "sell": 0, "strongSell": 0}, {"period": "-2m", "strongBuy": 0, "buy": 0, "hold": 0, "sell": 0, "strongSell": 0}, {"period": "-3m", "strongBuy": 0, "buy": 0, "hold": 0, "sell": 0, "strongSell": 0}], "maxAge": 86400}, "cashflowStatementHistory": {"cashflowStatements": [{"maxAge": 1, "endDate": "2020-03-31", "netIncome": 2291399000, "depreciation": 523271000, "changeToNetincome": 116798000, "changeToAccountReceivables": -2022330000, "changeToLiabilities": 194021000, "changeToInventory": -232125000, "changeToOperatingActivities": -276162000, "totalCashFromOperatingActivities": 596874000, "capitalExpenditures": -798304000, "otherCashflowsFromInvestingActivities": 108255000, "totalCashflowsFromInvestingActivities": -684817000, "dividendsPaid": -160091000, "netBorrowings": 899556000, "otherCashflowsFromFinancingActivities": -315469000, "totalCashFromFinancingActivities": 437086000, "changeInCash": 349143000, "issuanceOfStock": 13090000}, {"maxAge": 1, "endDate": "2019-03-31", "netIncome": 1941329000, "depreciation": 421849000, "changeToNetincome": 462643000, "changeToAccountReceivables": -168011000, "changeToLiabilities": 307007000, "changeToInventory": -496915000, "changeToOperatingActivities": 616484000, "totalCashFromOperatingActivities": 3086895000, "capitalExpenditures": -758385000, "investments": 500000000, "otherCashflowsFromInvestingActivities": 195264000, "totalCashflowsFromInvestingActivities": -65489000, "dividendsPaid": -133307000, "netBorrowings": -1738877000, "otherCashflowsFromFinancingActivities": -397831000, "totalCashFromFinancingActivities": -2259334000, "changeInCash": 762072000, "issuanceOfStock": 10681000}, {"maxAge": 1, "endDate": "2018-03-31", "netIncome": 1239614000, "depreciation": 399106000, "changeToNetincome": 797347000, "changeToAccountReceivables": -142305000, "changeToLiabilities": 288116000, "changeToInventory": -184708000, "changeToOperatingActivities": 750701000, "totalCashFromOperatingActivities": 3157767000, "capitalExpenditures": -436476000, "investments": 500000000, "otherCashflowsFromInvestingActivities": 226941000, "totalCashflowsFromInvestingActivities": -207602000, "dividendsPaid": -106515000, "netBorrowings": -2127291000, "otherCashflowsFromFinancingActivities": -720980000, "totalCashFromFinancingActivities": -2925669000, "changeInCash": 24496000, "issuanceOfStock": 29117000}, {"maxAge": 1, "endDate": "2017-03-31", "netIncome": 801678000, "depreciation": 404046000, "changeToNetincome": 772855000, "changeToAccountReceivables": -127956000, "changeToLiabilities": 93132000, "changeToInventory": -189586000, "changeToOperatingActivities": 752916000, "totalCashFromOperatingActivities": 2520071000, "capitalExpenditures": -190568000, "investments": 8124000, "otherCashflowsFromInvestingActivities": 196185000, "totalCashflowsFromInvestingActivities": 30157000, "dividendsPaid": -106431000, "netBorrowings": -1408787000, "otherCashflowsFromFinancingActivities": -824551000, "totalCashFromFinancingActivities": -2339769000, "changeInCash": 210459000, "issuanceOfStock": 29117000}], "maxAge": 86400}, "institutionOwnership": {"ownershipList": [], "maxAge": 1}, "balanceSheetHistoryQuarterly": {"balanceSheetStatements": [{"maxAge": 1, "endDate": "2020-06-30", "totalStockholderEquity": 15429369000, "netTangibleAssets": 15290474000}, {"maxAge": 1, "endDate": "2020-03-31", "cash": 101043000, "netReceivables": 9586676000, "inventory": 3741754000, "otherCurrentAssets": 527189000, "totalCurrentAssets": 14220510000, "longTermInvestments": 1777995000, "propertyPlantEquipment": 7476189000, "intangibleAssets": 138895000, "otherAssets": 1214416000, "totalAssets": 24828005000, "accountsPayable": 2642378000, "shortLongTermDebt": 13725000, "otherCurrentLiab": 829099000, "longTermDebt": 15331000, "otherLiab": 912640000, "totalCurrentLiabilities": 8434456000, "totalLiab": 9398636000, "commonStock": 267069000, "retainedEarnings": 11351643000, "treasuryStock": 2499000, "capitalSurplus": 3808158000, "otherStockholderEquity": 2499000, "totalStockholderEquity": 15429369000, "netTangibleAssets": 15290474000}, {"maxAge": 1, "endDate": "2019-12-31", "totalStockholderEquity": 14540757000, "netTangibleAssets": 14392606000}, {"maxAge": 1, "endDate": "2019-09-30", "cash": 276750000, "shortTermInvestments": 242281000, "netReceivables": 7696801000, "inventory": 3263561000, "otherCurrentAssets": 1930805000, "totalCurrentAssets": 13410198000, "longTermInvestments": 1808308000, "propertyPlantEquipment": 7469218000, "intangibleAssets": 148151000, "otherAssets": 1250905000, "totalAssets": 24086780000, "accountsPayable": 2187555000, "otherCurrentLiab": 2259103000, "longTermDebt": 147331000, "otherLiab": 850270000, "totalCurrentLiabilities": 8548422000, "totalLiab": 9546023000, "commonStock": 266819000, "treasuryStock": 14273938000, "otherStockholderEquity": 14273938000, "totalStockholderEquity": 14540757000, "netTangibleAssets": 14392606000}], "maxAge": 86400}, "earningsHistory": {"history": [{"maxAge": 1, "epsActual": 2.63, "epsEstimate": 2.26, "epsDifference": 0.37, "surprisePercent": 0.16399999, "quarter": "2017-12-31", "period": "-4q"}, {"maxAge": 1, "epsActual": 2.56, "epsEstimate": 1.9, "epsDifference": 0.66, "surprisePercent": 0.347, "quarter": "2018-03-31", "period": "-3q"}, {"maxAge": 1, "epsActual": 3.55, "epsEstimate": 3.1, "epsDifference": 0.45, "surprisePercent": 0.145, "quarter": "2018-06-30", "period": "-2q"}, {"maxAge": 1, "epsActual": 3.72, "epsEstimate": 3.7, "epsDifference": 0.02, "surprisePercent": 0.005, "quarter": "2018-09-30", "period": "-1q"}], "maxAge": 86400}, "indexTrend": {"maxAge": 1, "symbol": "SP5", "peRatio": 19.7411, "pegRatio": 1.34172, "estimates": [{"period": "0q", "growth": 0.549}, {"period": "+1q", "growth": 0.431}, {"period": "0y", "growth": 0.305}, {"period": "+1y", "growth": 0.109}, {"period": "+5y", "growth": 0.120865}, {"period": "-5y"}]}, "industryTrend": {"maxAge": 1, "symbol": null, "estimates": []}, "insiderTransactions": {"transactions": [{"maxAge": 1, "shares": 0, "filerUrl": "", "transactionText": "", "filerName": "Devi (Shailja)", "filerRelation": "Director (Non-Executive)", "moneyText": "", "startDate": "2019-09-05", "ownership": "I"}, {"maxAge": 1, "shares": 207950, "filerUrl": "", "transactionText": "", "filerName": "Devi (Shailja)", "filerRelation": "Independent Non-Executive Director", "moneyText": "", "startDate": "2019-08-27", "ownership": "D"}, {"maxAge": 1, "shares": 1000, "filerUrl": "", "transactionText": "", "filerName": "Singh (Krishan Pal)", "filerRelation": "Wholetime Director", "moneyText": "", "startDate": "2019-02-06", "ownership": "D"}, {"maxAge": 1, "shares": 15000, "filerUrl": "", "transactionText": "", "filerName": "Singh (Krishan Pal)", "filerRelation": "Wholetime Director", "moneyText": "", "startDate": "2019-02-05", "ownership": "D"}, {"maxAge": 1, "shares": 15000, "filerUrl": "", "transactionText": "", "filerName": "Singh (Krishan Pal)", "filerRelation": "Wholetime Director", "moneyText": "", "startDate": "2019-02-04", "ownership": "D"}, {"maxAge": 1, "shares": 7553, "filerUrl": "", "transactionText": "", "filerName": "Shailaja Finance Ltd", "filerRelation": "Promoter", "moneyText": "", "startDate": "2012-08-09", "ownership": "D"}, {"maxAge": 1, "shares": 209788, "filerUrl": "", "transactionText": "", "filerName": "Shailaja Finance Ltd", "filerRelation": "Promoter", "moneyText": "", "startDate": "2012-08-07", "ownership": "D"}, {"maxAge": 1, "shares": 69245, "filerUrl": "", "transactionText": "", "filerName": "Shailaja Finance Ltd", "filerRelation": "Promoter", "moneyText": "", "startDate": "2012-08-06", "ownership": "D"}, {"maxAge": 1, "shares": 10558, "filerUrl": "", "transactionText": "", "filerName": "Sapphire Intrex Ltd", "filerRelation": "Promoter", "moneyText": "", "startDate": "2012-01-30", "ownership": "D"}, {"maxAge": 1, "shares": 61643, "filerUrl": "", "transactionText": "", "filerName": "Sapphire Intrex Ltd", "filerRelation": "Promoter", "moneyText": "", "startDate": "2012-01-23", "ownership": "D"}], "maxAge": 1}, "quoteType": {"exchange": "BSE", "quoteType": "EQUITY", "symbol": "RADICO.BO", "underlyingSymbol": "RADICO.BO", "shortName": "RADICO KHAITAN LTD.", "longName": "Radico Khaitan Limited", "firstTradeDateEpochUtc": "2003-06-18 09:15:00", "timeZoneFullName": "Asia/Kolkata", "timeZoneShortName": "IST", "uuid": "4248a821-7c79-343b-bcdc-68421018f1ad", "gmtOffSetMilliseconds": 19800000, "maxAge": 1}, "incomeStatementHistory": {"incomeStatementHistory": [{"maxAge": 1, "endDate": "2020-03-31", "totalRevenue": 24270402000, "costOfRevenue": 12871763000, "grossProfit": 11398639000, "researchDevelopment": {}, "sellingGeneralAdministrative": 3275839000, "nonRecurring": {}, "otherOperatingExpenses": 4442274000, "totalOperatingExpenses": 21110556000, "operatingIncome": 3159846000, "totalOtherIncomeExpenseNet": -416587000, "ebit": 3159846000, "interestExpense": -308913000, "incomeBeforeTax": 2743259000, "incomeTaxExpense": 451860000, "minorityInterest": {}, "netIncomeFromContinuingOps": 2291399000, "discontinuedOperations": {}, "extraordinaryItems": {}, "effectOfAccountingCharges": {}, "otherItems": {}, "netIncome": 2291399000, "netIncomeApplicableToCommonShares": 2291399000}, {"maxAge": 1, "endDate": "2019-03-31", "totalRevenue": 20969454000, "costOfRevenue": 10394002000, "grossProfit": 10575452000, "researchDevelopment": {}, "sellingGeneralAdministrative": 3190122000, "nonRecurring": {}, "otherOperatingExpenses": 3860521000, "totalOperatingExpenses": 17864410000, "operatingIncome": 3105044000, "totalOtherIncomeExpenseNet": -187268000, "ebit": 3105044000, "interestExpense": -342729000, "incomeBeforeTax": 2917776000, "incomeTaxExpense": 976447000, "minorityInterest": {}, "netIncomeFromContinuingOps": 1941329000, "discontinuedOperations": {}, "extraordinaryItems": {}, "effectOfAccountingCharges": {}, "otherItems": {}, "netIncome": 1941329000, "netIncomeApplicableToCommonShares": 1941329000}, {"maxAge": 1, "endDate": "2018-03-31", "totalRevenue": 18227659000, "costOfRevenue": 9734493000, "grossProfit": 8493166000, "researchDevelopment": {}, "sellingGeneralAdministrative": 2505453000, "nonRecurring": {}, "otherOperatingExpenses": 3324517000, "totalOperatingExpenses": 15968872000, "operatingIncome": 2258787000, "totalOtherIncomeExpenseNet": -380910000, "ebit": 2258787000, "interestExpense": -663297000, "incomeBeforeTax": 1877877000, "incomeTaxExpense": 638263000, "minorityInterest": {}, "netIncomeFromContinuingOps": 1239614000, "discontinuedOperations": {}, "extraordinaryItems": {}, "effectOfAccountingCharges": {}, "otherItems": {}, "netIncome": 1239614000, "netIncomeApplicableToCommonShares": 1239614000}, {"maxAge": 1, "endDate": "2017-03-31", "totalRevenue": 16799013000, "costOfRevenue": 9394708000, "grossProfit": 7404305000, "researchDevelopment": {}, "sellingGeneralAdministrative": 2288569000, "nonRecurring": {}, "otherOperatingExpenses": 2996766000, "totalOperatingExpenses": 15092482000, "operatingIncome": 1706531000, "totalOtherIncomeExpenseNet": -617044000, "ebit": 1706531000, "interestExpense": -785540000, "incomeBeforeTax": 1089487000, "incomeTaxExpense": 287809000, "minorityInterest": {}, "netIncomeFromContinuingOps": 801678000, "discontinuedOperations": {}, "extraordinaryItems": {}, "effectOfAccountingCharges": {}, "otherItems": {}, "netIncome": 801678000, "netIncomeApplicableToCommonShares": 801678000}], "maxAge": 86400}, "fundOwnership": {"ownershipList": [{"maxAge": 1, "reportDate": "2020-07-31", "organization": "Vanguard International Stock Index-Total Intl Stock Indx", "pctHeld": 0.0072000003, "position": 967863, "value": 356415549}, {"maxAge": 1, "reportDate": "2020-07-31", "organization": "Vanguard International Stock Index-Emerging Markets Stk", "pctHeld": 0.0054, "position": 717962, "value": 264389506}, {"maxAge": 1, "reportDate": "2020-07-31", "organization": "iShares Core MSCI Emerging Markets ETF", "pctHeld": 0.0042, "position": 561734, "value": 206858545}, {"maxAge": 1, "reportDate": "2020-07-31", "organization": "DFA Emerging Markets Core Equity Portfolio", "pctHeld": 0.0037, "position": 492021, "value": 181186733}, {"maxAge": 1, "reportDate": "2020-06-30", "organization": "Alps Series Tr-Seven Canyons World Innovators Fd", "pctHeld": 0.003, "position": 400000, "value": 149240000}, {"maxAge": 1, "reportDate": "2020-07-31", "organization": "DFA Emerging Markets Small Cap Series", "pctHeld": 0.0029, "position": 389838, "value": 143557843}, {"maxAge": 1, "reportDate": "2020-07-31", "organization": "Vanguard Intl Equity Index Fds-FTSE All World ex U.S.Small Cap Index", "pctHeld": 0.0011, "position": 149623, "value": 55098669}, {"maxAge": 1, "reportDate": "2020-08-31", "organization": "iShares MSCI India Small Cap ETF", "pctHeld": 0.00090000004, "position": 118272, "value": 47486208}, {"maxAge": 1, "reportDate": "2020-08-31", "organization": "SPDR Portfolio Emerging Markets ETF", "pctHeld": 0.0007, "position": 94526, "value": 37952189}, {"maxAge": 1, "reportDate": "2020-06-30", "organization": "Alps Series Tr-Seven Canyons Strategic Income Fd", "pctHeld": 0.00059999997, "position": 81000, "value": 30221100}], "maxAge": 1}, "summaryDetail": {"maxAge": 1, "priceHint": 2, "previousClose": 574.65, "open": 573.0, "dayLow": 565.0, "dayHigh": 582.55, "regularMarketPreviousClose": 574.65, "regularMarketOpen": 573.0, "regularMarketDayLow": 565.0, "regularMarketDayHigh": 582.55, "trailingPE": 34.92093, "forwardPE": 62.98557, "volume": 32442, "regularMarketVolume": 32442, "averageVolume": 37968, "averageVolume10days": 135337, "averageDailyVolume10Day": 135337, "bid": 566.65, "ask": 565.5, "bidSize": 0, "askSize": 0, "marketCap": 75709603840, "fiftyTwoWeekLow": 220.0, "fiftyTwoWeekHigh": 582.55, "fiftyDayAverage": 480.89395, "twoHundredDayAverage": 435.17685, "trailingAnnualDividendRate": 2.0, "trailingAnnualDividendYield": 0.0034803792, "currency": "INR", "fromCurrency": null, "lastMarket": null, "algorithm": null, "tradeable": false}, "sectorTrend": {"maxAge": 1, "symbol": null, "estimates": []}, "incomeStatementHistoryQuarterly": {"incomeStatementHistory": [{"maxAge": 1, "endDate": "2020-06-30", "totalRevenue": 4091512000, "costOfRevenue": 1856186000, "grossProfit": 2235326000, "researchDevelopment": {}, "sellingGeneralAdministrative": 881544000, "nonRecurring": {}, "otherOperatingExpenses": 595826000, "totalOperatingExpenses": 3462308000, "operatingIncome": 629204000, "totalOtherIncomeExpenseNet": -39030000, "ebit": 629204000, "interestExpense": -65700000, "incomeBeforeTax": 590174000, "incomeTaxExpense": 141461000, "minorityInterest": {}, "netIncomeFromContinuingOps": 448713000, "discontinuedOperations": {}, "extraordinaryItems": {}, "effectOfAccountingCharges": {}, "otherItems": {}, "netIncome": 448713000, "netIncomeApplicableToCommonShares": 448713000}, {"maxAge": 1, "endDate": "2020-03-31", "totalRevenue": 5853560000, "costOfRevenue": 3383848000, "grossProfit": 2469712000, "researchDevelopment": {}, "sellingGeneralAdministrative": -429801000, "nonRecurring": {}, "otherOperatingExpenses": 2114185000, "totalOperatingExpenses": 5197597000, "operatingIncome": 655963000, "totalOtherIncomeExpenseNet": -173155000, "ebit": 655963000, "interestExpense": -77319000, "incomeBeforeTax": 482808000, "incomeTaxExpense": 156080000, "minorityInterest": {}, "netIncomeFromContinuingOps": 326728000, "discontinuedOperations": {}, "extraordinaryItems": {}, "effectOfAccountingCharges": {}, "otherItems": {}, "netIncome": 326728000, "netIncomeApplicableToCommonShares": 326728000}, {"maxAge": 1, "endDate": "2019-12-31", "totalRevenue": 6479271000, "costOfRevenue": 3256087000, "grossProfit": 3223184000, "researchDevelopment": {}, "sellingGeneralAdministrative": 1277447000, "nonRecurring": {}, "otherOperatingExpenses": 920693000, "totalOperatingExpenses": 5585127000, "operatingIncome": 894144000, "totalOtherIncomeExpenseNet": -108262000, "ebit": 894144000, "interestExpense": -81000000, "incomeBeforeTax": 785882000, "incomeTaxExpense": 188438000, "minorityInterest": {}, "netIncomeFromContinuingOps": 597444000, "discontinuedOperations": {}, "extraordinaryItems": {}, "effectOfAccountingCharges": {}, "otherItems": {}, "netIncome": 597444000, "netIncomeApplicableToCommonShares": 597444000}, {"maxAge": 1, "endDate": "2019-09-30", "totalRevenue": 5701735000, "costOfRevenue": 2941922000, "grossProfit": 2759813000, "researchDevelopment": {}, "sellingGeneralAdministrative": 1209463000, "nonRecurring": {}, "otherOperatingExpenses": 684566000, "totalOperatingExpenses": 4968185000, "operatingIncome": 733550000, "totalOtherIncomeExpenseNet": -102811000, "ebit": 733550000, "interestExpense": -76798000, "incomeBeforeTax": 630739000, "incomeTaxExpense": -168696000, "minorityInterest": {}, "netIncomeFromContinuingOps": 799435000, "discontinuedOperations": {}, "extraordinaryItems": {}, "effectOfAccountingCharges": {}, "otherItems": {}, "netIncome": 799435000, "netIncomeApplicableToCommonShares": 799435000}], "maxAge": 86400}, "cashflowStatementHistoryQuarterly": {"cashflowStatements": [{"maxAge": 1, "endDate": "2020-06-30", "netIncome": 448713000, "changeToLiabilities": 0}, {"maxAge": 1, "endDate": "2020-03-31", "netIncome": 326728000, "changeToLiabilities": 0}, {"maxAge": 1, "endDate": "2019-12-31", "netIncome": 597444000, "changeToLiabilities": 0}, {"maxAge": 1, "endDate": "2019-09-30", "netIncome": 799435000, "changeToLiabilities": 0}], "maxAge": 86400}, "insiderHolders": {"holders": [{"maxAge": 1, "name": "Devi (Shailja)", "relation": "Director (Non-Executive)", "url": "", "transactionDescription": "Acquisition", "latestTransDate": "2019-09-05", "positionIndirect": 207950, "positionIndirectDate": 1567641600}, {"maxAge": 1, "name": "Sapphire Intrex Ltd", "relation": "Promoter", "url": "", "transactionDescription": "Acquisition", "latestTransDate": "2012-01-30", "positionDirect": 33888011, "positionDirectDate": "2012-01-30"}, {"maxAge": 1, "name": "Shailaja Finance Ltd", "relation": "Promoter", "url": "", "transactionDescription": "Acquisition", "latestTransDate": "2012-08-09", "positionDirect": 11491087, "positionDirectDate": "2012-08-09"}, {"maxAge": 1, "name": "Singh (Krishan Pal)", "relation": "Wholetime Director", "url": "", "transactionDescription": "Sale", "latestTransDate": "2019-02-06", "positionDirect": 27891, "positionDirectDate": "2019-02-06"}], "maxAge": 1}, "earnings": {"maxAge": 86400, "earningsChart": {"quarterly": [{"date": "4Q2017", "actual": 2.63, "estimate": 2.26}, {"date": "1Q2018", "actual": 2.56, "estimate": 1.9}, {"date": "2Q2018", "actual": 3.55, "estimate": 3.1}, {"date": "3Q2018", "actual": 3.72, "estimate": 3.7}], "currentQuarterEstimateDate": "4Q", "currentQuarterEstimateYear": 2018, "earningsDate": ["2020-07-23 05:30:S"]}, "financialsChart": {"yearly": [{"date": 2017, "revenue": 16799013000, "earnings": 801678000}, {"date": 2018, "revenue": 18227659000, "earnings": 1239614000}, {"date": 2019, "revenue": 20969454000, "earnings": 1941329000}, {"date": 2020, "revenue": 24270402000, "earnings": 2291399000}], "quarterly": [{"date": "3Q2019", "revenue": 5701735000, "earnings": 799435000}, {"date": "4Q2019", "revenue": 6479271000, "earnings": 597444000}, {"date": "1Q2020", "revenue": 5853560000, "earnings": 326728000}, {"date": "2Q2020", "revenue": 4091512000, "earnings": 448713000}]}, "financialCurrency": "INR"}, "calendarEvents": {"maxAge": 1, "earnings": {"earningsDate": ["2020-07-23 05:30:S"]}}, "upgradeDowngradeHistory": {"history": [], "maxAge": 86400}, "price": {"maxAge": 1, "regularMarketChangePercent": -0.012442398, "regularMarketChange": -7.1500244, "regularMarketTime": "2021-04-30 15:29:57", "priceHint": 2, "regularMarketPrice": 567.5, "regularMarketDayHigh": 582.55, "regularMarketDayLow": 565.0, "regularMarketVolume": 32442, "averageDailyVolume10Day": 135337, "averageDailyVolume3Month": 37968, "regularMarketPreviousClose": 574.65, "regularMarketSource": "FREE_REALTIME", "regularMarketOpen": 573.0, "exchange": "BSE", "exchangeName": "BSE", "exchangeDataDelayedBy": 0, "marketState": "CLOSED", "quoteType": "EQUITY", "symbol": "RADICO.BO", "underlyingSymbol": null, "shortName": "RADICO KHAITAN LTD.", "longName": "Radico Khaitan Limited", "currency": "INR", "quoteSourceName": "Delayed Quote", "currencySymbol": "\u20b9", "fromCurrency": null, "lastMarket": null, "marketCap": 75709603840}, "balanceSheetHistory": {"balanceSheetStatements": [{"maxAge": 1, "endDate": "2020-03-31", "cash": 101043000, "netReceivables": 9586676000, "inventory": 3741754000, "otherCurrentAssets": 527189000, "totalCurrentAssets": 14220510000, "longTermInvestments": 1777995000, "propertyPlantEquipment": 7476189000, "intangibleAssets": 138895000, "otherAssets": 1214416000, "totalAssets": 24828005000, "accountsPayable": 2642378000, "shortLongTermDebt": 13725000, "otherCurrentLiab": 829099000, "longTermDebt": 15331000, "otherLiab": 912640000, "totalCurrentLiabilities": 8434456000, "totalLiab": 9398636000, "commonStock": 267069000, "retainedEarnings": 11351643000, "treasuryStock": 2499000, "capitalSurplus": 3808158000, "otherStockholderEquity": 2499000, "totalStockholderEquity": 15429369000, "netTangibleAssets": 15290474000}, {"maxAge": 1, "endDate": "2019-03-31", "cash": 82540000, "netReceivables": 7883884000, "inventory": 3597129000, "otherCurrentAssets": 374746000, "totalCurrentAssets": 12253949000, "longTermInvestments": 1761903000, "propertyPlantEquipment": 7139224000, "intangibleAssets": 160179000, "otherAssets": 1198782000, "totalAssets": 22514037000, "accountsPayable": 2448357000, "shortLongTermDebt": 137668000, "otherCurrentLiab": 1070338000, "longTermDebt": 216556000, "otherLiab": 1150791000, "totalCurrentLiabilities": 7789271000, "totalLiab": 9156618000, "commonStock": 266819000, "retainedEarnings": 9293643000, "treasuryStock": 3949000, "capitalSurplus": 3793008000, "otherStockholderEquity": 3949000, "totalStockholderEquity": 13357419000, "netTangibleAssets": 13197240000}, {"maxAge": 1, "endDate": "2018-03-31", "cash": 167651000, "netReceivables": 7857651000, "inventory": 3108568000, "otherCurrentAssets": 520544000, "totalCurrentAssets": 12389428000, "longTermInvestments": 1701206000, "propertyPlantEquipment": 6878815000, "intangibleAssets": 178010000, "otherAssets": 1311410000, "totalAssets": 22458869000, "accountsPayable": 2141350000, "shortLongTermDebt": 698517000, "otherCurrentLiab": 590285000, "longTermDebt": 343979000, "otherLiab": 1033378000, "totalCurrentLiabilities": 9512770000, "totalLiab": 10890381000, "commonStock": 266615000, "retainedEarnings": 7517200000, "treasuryStock": 4028000, "capitalSurplus": 3780645000, "otherStockholderEquity": 4028000, "totalStockholderEquity": 11568488000, "netTangibleAssets": 11390478000}, {"maxAge": 1, "endDate": "2017-03-31", "cash": 81109000, "netReceivables": 7548231000, "inventory": 2930332000, "otherCurrentAssets": 363594000, "totalCurrentAssets": 11638850000, "longTermInvestments": 1696276000, "propertyPlantEquipment": 6850734000, "intangibleAssets": 209481000, "otherAssets": 1948832000, "totalAssets": 22344173000, "accountsPayable": 1853234000, "shortLongTermDebt": 1448215000, "otherCurrentLiab": 559220000, "longTermDebt": 1033077000, "otherLiab": 784187000, "totalCurrentLiabilities": 10085431000, "totalLiab": 11902942000, "commonStock": 266078000, "retainedEarnings": 6419800000, "treasuryStock": 8425000, "capitalSurplus": 3746928000, "otherStockholderEquity": 8425000, "totalStockholderEquity": 10441231000, "netTangibleAssets": 10231750000}], "maxAge": 86400}, "earningsTrend": {"trend": [{"maxAge": 1, "period": "0q", "endDate": "2018-12-31", "growth": {}, "earningsEstimate": {"avg": 0.0, "low": 0.0, "high": 0.0, "yearAgoEps": 2.63, "numberOfAnalysts": 0, "growth": {}}, "revenueEstimate": {"avg": 0, "low": 0, "high": 0, "numberOfAnalysts": 0, "yearAgoRevenue": {}, "growth": {}}, "epsTrend": {"current": 0.0, "7daysAgo": 0.0, "30daysAgo": 0.0, "60daysAgo": 0.0, "90daysAgo": 0.0}, "epsRevisions": {"upLast7days": 0, "upLast30days": 0, "downLast30days": 0, "downLast90days": {}}}, {"maxAge": 1, "period": "+1q", "endDate": "2019-03-31", "growth": {}, "earningsEstimate": {"avg": 0.0, "low": 0.0, "high": 0.0, "yearAgoEps": 2.56, "numberOfAnalysts": 0, "growth": {}}, "revenueEstimate": {"avg": 0, "low": 0, "high": 0, "numberOfAnalysts": 0, "yearAgoRevenue": {}, "growth": {}}, "epsTrend": {"current": 0.0, "7daysAgo": 0.0, "30daysAgo": 0.0, "60daysAgo": 0.0, "90daysAgo": 0.0}, "epsRevisions": {"upLast7days": 0, "upLast30days": 0, "downLast30days": 0, "downLast90days": {}}}, {"maxAge": 1, "period": "0y", "endDate": "2019-03-31", "growth": {}, "earningsEstimate": {"avg": 0.0, "low": 0.0, "high": 0.0, "yearAgoEps": {}, "numberOfAnalysts": 0, "growth": {}}, "revenueEstimate": {"avg": 20529000000, "low": 20080000000, "high": 20978000000, "numberOfAnalysts": 2, "yearAgoRevenue": 18227700000, "growth": 0.126}, "epsTrend": {"current": 0.0, "7daysAgo": 13.95, "30daysAgo": 13.95, "60daysAgo": 13.95, "90daysAgo": 13.95}, "epsRevisions": {"upLast7days": 0, "upLast30days": 0, "downLast30days": 0, "downLast90days": {}}}, {"maxAge": 1, "period": "+1y", "endDate": "2020-03-31", "growth": {}, "earningsEstimate": {"avg": 0.0, "low": 0.0, "high": 0.0, "yearAgoEps": {}, "numberOfAnalysts": 0, "growth": {}}, "revenueEstimate": {"avg": 22192000000, "low": 21441000000, "high": 23025000000, "numberOfAnalysts": 3, "yearAgoRevenue": 20529000000, "growth": 0.081}, "epsTrend": {"current": 0.0, "7daysAgo": 16.37, "30daysAgo": 16.37, "60daysAgo": 16.37, "90daysAgo": 16.37}, "epsRevisions": {"upLast7days": 0, "upLast30days": 0, "downLast30days": 0, "downLast90days": {}}}, {"maxAge": 1, "period": "+5y", "endDate": null, "growth": 0.07, "earningsEstimate": {"avg": {}, "low": {}, "high": {}, "yearAgoEps": {}, "numberOfAnalysts": {}, "growth": {}}, "revenueEstimate": {"avg": {}, "low": {}, "high": {}, "numberOfAnalysts": {}, "yearAgoRevenue": {}, "growth": {}}, "epsTrend": {"current": {}, "7daysAgo": {}, "30daysAgo": {}, "60daysAgo": {}, "90daysAgo": {}}, "epsRevisions": {"upLast7days": {}, "upLast30days": {}, "downLast30days": {}, "downLast90days": {}}}, {"maxAge": 1, "period": "-5y", "endDate": null, "growth": {}, "earningsEstimate": {"avg": {}, "low": {}, "high": {}, "yearAgoEps": {}, "numberOfAnalysts": {}, "growth": {}}, "revenueEstimate": {"avg": {}, "low": {}, "high": {}, "numberOfAnalysts": {}, "yearAgoRevenue": {}, "growth": {}}, "epsTrend": {"current": {}, "7daysAgo": {}, "30daysAgo": {}, "60daysAgo": {}, "90daysAgo": {}}, "epsRevisions": {"upLast7days": {}, "upLast30days": {}, "downLast30days": {}, "downLast90days": {}}}], "maxAge": 1}, "financialData": {"maxAge": 86400, "currentPrice": 567.5, "targetHighPrice": 547.0, "targetLowPrice": 484.0, "targetMeanPrice": 506.33, "targetMedianPrice": 488.0, "recommendationKey": "none", "numberOfAnalystOpinions": 3, "grossProfits": 11398639000, "financialCurrency": "INR"}}}