{"RADIXIND.BO": {"cashflowStatementHistory": {"cashflowStatements": [{"maxAge": 1, "endDate": "2020-03-31", "netIncome": 11905473, "depreciation": 350050, "changeToNetincome": 2817457, "changeToAccountReceivables": 11581789, "changeToLiabilities": 0, "changeToInventory": -12229778, "changeToOperatingActivities": 184761, "totalCashFromOperatingActivities": 14609752, "capitalExpenditures": -122220, "otherCashflowsFromInvestingActivities": 460000, "totalCashflowsFromInvestingActivities": 337780, "dividendsPaid": -9983410, "netBorrowings": -6910301, "otherCashflowsFromFinancingActivities": -4568392, "totalCashFromFinancingActivities": -21462103, "changeInCash": -6514571}, {"maxAge": 1, "endDate": "2019-03-31", "netIncome": 12460352, "depreciation": 395898, "changeToNetincome": 2620069, "changeToAccountReceivables": -6884642, "changeToLiabilities": 0, "changeToInventory": -23167111, "changeToOperatingActivities": 455523, "totalCashFromOperatingActivities": -14119911, "capitalExpenditures": -210163, "otherCashflowsFromInvestingActivities": 460000, "totalCashflowsFromInvestingActivities": -210163, "dividendsPaid": -9972920, "netBorrowings": 32548990, "otherCashflowsFromFinancingActivities": -4930124, "totalCashFromFinancingActivities": 17645946, "changeInCash": 3315872}, {"maxAge": 1, "endDate": "2018-03-31", "netIncome": 12622550, "depreciation": 519513, "changeToNetincome": 347424, "changeToAccountReceivables": 11470417, "changeToLiabilities": 0, "changeToInventory": 1925944, "changeToOperatingActivities": 5137795, "totalCashFromOperatingActivities": 32023643, "capitalExpenditures": -10200, "otherCashflowsFromInvestingActivities": -1545, "totalCashflowsFromInvestingActivities": -11745, "dividendsPaid": -9967453, "netBorrowings": -12737589, "otherCashflowsFromFinancingActivities": -6213745, "totalCashFromFinancingActivities": -28918787, "changeInCash": 3093111}, {"maxAge": 1, "endDate": "2017-03-31", "netIncome": 12546958, "depreciation": 634250, "changeToNetincome": 6712745, "changeToAccountReceivables": -12560239, "changeToLiabilities": 0, "changeToInventory": -17331199, "changeToOperatingActivities": -5431173, "totalCashFromOperatingActivities": -15428658, "capitalExpenditures": -274508, "otherCashflowsFromInvestingActivities": -450000, "totalCashflowsFromInvestingActivities": -724508, "dividendsPaid": -2763638, "netBorrowings": 19079730, "otherCashflowsFromFinancingActivities": -3095047, "totalCashFromFinancingActivities": 13221045, "changeInCash": -2932121}], "maxAge": 86400}, "institutionOwnership": {"maxAge": 1, "ownershipList": []}, "balanceSheetHistoryQuarterly": {"balanceSheetStatements": [{"maxAge": 1, "endDate": "2020-06-30", "totalStockholderEquity": 167972000, "netTangibleAssets": 167972000}, {"maxAge": 1, "endDate": "2020-03-31", "cash": 1193691, "netReceivables": 13410590, "inventory": 214528425, "otherCurrentAssets": 163208, "totalCurrentAssets": 229748263, "propertyPlantEquipment": 1286289, "otherAssets": 260735, "deferredLongTermAssetCharges": 235840, "totalAssets": 231295287, "otherCurrentLiab": 616208, "totalCurrentLiabilities": 63323214, "totalLiab": 63323214, "commonStock": 150071700, "retainedEarnings": 7517873, "treasuryStock": 10382500, "otherStockholderEquity": 10382500, "totalStockholderEquity": 167972073, "netTangibleAssets": 167972073}, {"maxAge": 1, "endDate": "2019-12-31", "totalStockholderEquity": 162643000, "netTangibleAssets": 162643000}, {"maxAge": 1, "endDate": "2019-09-30", "cash": 2234000, "netReceivables": 20431000, "inventory": 205225000, "otherCurrentAssets": 668000, "totalCurrentAssets": 228558000, "propertyPlantEquipment": 1380000, "otherAssets": 722000, "deferredLongTermAssetCharges": 237000, "totalAssets": 230660000, "otherCurrentLiab": 1466000, "totalCurrentLiabilities": 68017000, "totalLiab": 68017000, "commonStock": 100048000, "retainedEarnings": 62595000, "treasuryStock": 62595000, "otherStockholderEquity": 62595000, "totalStockholderEquity": 162643000, "netTangibleAssets": 162643000}], "maxAge": 86400}, "indexTrend": {"maxAge": 1, "symbol": "SP5", "peRatio": 19.7411, "pegRatio": 1.34172, "estimates": [{"period": "0q", "growth": 0.549}, {"period": "+1q", "growth": 0.431}, {"period": "0y", "growth": 0.305}, {"period": "+1y", "growth": 0.109}, {"period": "+5y", "growth": 0.120859005}, {"period": "-5y"}]}, "insiderTransactions": {"transactions": [{"maxAge": 1, "shares": 17000, "filerUrl": "", "transactionText": "", "filerName": "Gokaraju (Raghu Rama Raju)", "filerRelation": "Managing Director", "moneyText": "", "startDate": "2018-09-10", "ownership": "D"}, {"maxAge": 1, "shares": 80353, "filerUrl": "", "transactionText": "", "filerName": "Gokaraju (Raghu Rama Raju)", "filerRelation": "Managing Director", "moneyText": "", "startDate": "2014-09-22", "ownership": "D"}, {"maxAge": 1, "shares": 60000, "filerUrl": "", "transactionText": "", "filerName": "Gokaraju (Raghu Rama Raju)", "filerRelation": "Managing Director", "moneyText": "", "startDate": "2014-07-25", "ownership": "D"}, {"maxAge": 1, "shares": 45400, "filerUrl": "", "transactionText": "", "filerName": "Gokaraju (Raghu Rama Raju)", "filerRelation": "Managing Director", "moneyText": "", "startDate": "2014-03-26", "ownership": "D"}, {"maxAge": 1, "shares": 60457, "filerUrl": "", "transactionText": "", "filerName": "Gokaraju (Raghu Rama Raju)", "filerRelation": "Managing Director", "moneyText": "", "startDate": "2014-02-26", "ownership": "D"}, {"maxAge": 1, "shares": 930000, "filerUrl": "", "transactionText": "", "filerName": "Gokaraju (Paravathi)", "filerRelation": "Director", "moneyText": "", "startDate": "2012-09-03", "ownership": "D"}, {"maxAge": 1, "shares": 4290000, "filerUrl": "", "transactionText": "", "filerName": "Gokaraju (Raghu Rama Raju)", "filerRelation": "Managing Director", "moneyText": "", "startDate": "2012-09-03", "ownership": "D"}, {"maxAge": 1, "shares": 190000, "filerUrl": "", "transactionText": "", "filerName": "Varma (Kiran M P)", "filerRelation": "Director", "moneyText": "", "startDate": "2012-09-03", "ownership": "D"}], "maxAge": 1}, "quoteType": {"exchange": "BSE", "quoteType": "EQUITY", "symbol": "RADIXIND.BO", "underlyingSymbol": "RADIXIND.BO", "shortName": "RADIX INDUSTRIES (INDIA) LIMIT", "longName": "Radix Industries (India) Limited", "firstTradeDateEpochUtc": "2010-08-16 09:15:00", "timeZoneFullName": "Asia/Kolkata", "timeZoneShortName": "IST", "uuid": "13543956-b713-3459-9c1b-066ecfc7fbb6", "messageBoardId": null, "gmtOffSetMilliseconds": 19800000, "maxAge": 1}, "incomeStatementHistory": {"incomeStatementHistory": [{"maxAge": 1, "endDate": "2020-03-31", "totalRevenue": 105803638, "costOfRevenue": 70904415, "grossProfit": 34899223, "researchDevelopment": {}, "sellingGeneralAdministrative": 3601872, "nonRecurring": {}, "otherOperatingExpenses": 11474467, "totalOperatingExpenses": 86330804, "operatingIncome": 19472834, "totalOtherIncomeExpenseNet": -2503743, "ebit": 19472834, "interestExpense": -2294892, "incomeBeforeTax": 16969091, "incomeTaxExpense": 5063618, "minorityInterest": {}, "netIncomeFromContinuingOps": 11905473, "discontinuedOperations": {}, "extraordinaryItems": {}, "effectOfAccountingCharges": {}, "otherItems": {}, "netIncome": 11905473, "netIncomeApplicableToCommonShares": 11905473}, {"maxAge": 1, "endDate": "2019-03-31", "totalRevenue": 106960375, "costOfRevenue": 76496189, "grossProfit": 30464186, "researchDevelopment": {}, "sellingGeneralAdministrative": 3550575, "nonRecurring": {}, "otherOperatingExpenses": 6306758, "totalOperatingExpenses": 86749420, "operatingIncome": 20210955, "totalOtherIncomeExpenseNet": -2873612, "ebit": 20210955, "interestExpense": -2306890, "incomeBeforeTax": 17337343, "incomeTaxExpense": 4876991, "minorityInterest": {}, "netIncomeFromContinuingOps": 12460352, "discontinuedOperations": {}, "extraordinaryItems": {}, "effectOfAccountingCharges": {}, "otherItems": {}, "netIncome": 12460352, "netIncomeApplicableToCommonShares": 12460352}, {"maxAge": 1, "endDate": "2018-03-31", "totalRevenue": 120658174, "costOfRevenue": 89274737, "grossProfit": 31383437, "researchDevelopment": {}, "sellingGeneralAdministrative": 3242538, "nonRecurring": {}, "otherOperatingExpenses": 6173042, "totalOperatingExpenses": 99209830, "operatingIncome": 21448344, "totalOtherIncomeExpenseNet": -4177007, "ebit": 21448344, "interestExpense": -3427561, "incomeBeforeTax": 17271337, "incomeTaxExpense": 4648787, "minorityInterest": {}, "netIncomeFromContinuingOps": 12622550, "discontinuedOperations": {}, "extraordinaryItems": {}, "effectOfAccountingCharges": {}, "otherItems": {}, "netIncome": 12622550, "netIncomeApplicableToCommonShares": 12622550}, {"maxAge": 1, "endDate": "2017-03-31", "totalRevenue": 138627635, "costOfRevenue": 107997891, "grossProfit": 30629744, "researchDevelopment": {}, "sellingGeneralAdministrative": 2891137, "nonRecurring": {}, "otherOperatingExpenses": 4565753, "totalOperatingExpenses": 116089031, "operatingIncome": 22538604, "totalOtherIncomeExpenseNet": -3102468, "ebit": 22538604, "interestExpense": -2809847, "incomeBeforeTax": 19436136, "incomeTaxExpense": 6889178, "minorityInterest": {}, "netIncomeFromContinuingOps": 12546958, "discontinuedOperations": {}, "extraordinaryItems": {}, "effectOfAccountingCharges": {}, "otherItems": {}, "netIncome": 12546958, "netIncomeApplicableToCommonShares": 12546958}], "maxAge": 86400}, "fundOwnership": {"maxAge": 1, "ownershipList": []}, "summaryDetail": {"maxAge": 1, "priceHint": 2, "previousClose": 37.7, "open": 35.85, "dayLow": 35.85, "dayHigh": 39.5, "regularMarketPreviousClose": 37.7, "regularMarketOpen": 35.85, "regularMarketDayLow": 35.85, "regularMarketDayHigh": 39.5, "trailingPE": 59.430893, "volume": 1475, "regularMarketVolume": 1475, "averageVolume": 2798, "averageVolume10days": 107, "averageDailyVolume10Day": 107, "bid": 35.85, "ask": 36.05, "bidSize": 0, "askSize": 0, "marketCap": 548513152, "fiftyTwoWeekLow": 27.05, "fiftyTwoWeekHigh": 97.1, "fiftyDayAverage": 43.567142, "twoHundredDayAverage": 46.000366, "trailingAnnualDividendRate": 0.5, "trailingAnnualDividendYield": 0.013262599, "currency": "INR", "fromCurrency": null, "toCurrency": null, "lastMarket": null, "algorithm": null, "tradeable": false}, "incomeStatementHistoryQuarterly": {"incomeStatementHistory": [{"maxAge": 1, "endDate": "2020-06-30", "totalRevenue": 12394000, "costOfRevenue": 8944000, "grossProfit": 3450000, "researchDevelopment": {}, "sellingGeneralAdministrative": 956000, "nonRecurring": {}, "otherOperatingExpenses": 1300000, "totalOperatingExpenses": 11269000, "operatingIncome": 1125000, "totalOtherIncomeExpenseNet": -526000, "ebit": 1125000, "interestExpense": -526000, "incomeBeforeTax": 599000, "incomeTaxExpense": 165000, "minorityInterest": {}, "netIncomeFromContinuingOps": 434000, "discontinuedOperations": {}, "extraordinaryItems": {}, "effectOfAccountingCharges": {}, "otherItems": {}, "netIncome": 434000, "netIncomeApplicableToCommonShares": 434000}, {"maxAge": 1, "endDate": "2020-03-31", "totalRevenue": 27604638, "costOfRevenue": 18103415, "grossProfit": 9501223, "researchDevelopment": {}, "sellingGeneralAdministrative": 1571872, "nonRecurring": {}, "otherOperatingExpenses": 4582467, "totalOperatingExpenses": 24346804, "operatingIncome": 3257834, "totalOtherIncomeExpenseNet": -647743, "ebit": 3257834, "interestExpense": -438892, "incomeBeforeTax": 2610091, "incomeTaxExpense": 1051618, "minorityInterest": {}, "netIncomeFromContinuingOps": 1558473, "discontinuedOperations": {}, "extraordinaryItems": {}, "effectOfAccountingCharges": {}, "otherItems": {}, "netIncome": 1558473, "netIncomeApplicableToCommonShares": 1558473}, {"maxAge": 1, "endDate": "2019-12-31", "totalRevenue": 33321000, "costOfRevenue": 24418000, "grossProfit": 8903000, "researchDevelopment": {}, "sellingGeneralAdministrative": 684000, "nonRecurring": {}, "otherOperatingExpenses": 2203000, "totalOperatingExpenses": 27394000, "operatingIncome": 5927000, "totalOtherIncomeExpenseNet": -678000, "ebit": 5927000, "interestExpense": -678000, "incomeBeforeTax": 5249000, "incomeTaxExpense": 1478000, "minorityInterest": {}, "netIncomeFromContinuingOps": 3771000, "discontinuedOperations": {}, "extraordinaryItems": {}, "effectOfAccountingCharges": {}, "otherItems": {}, "netIncome": 3771000, "netIncomeApplicableToCommonShares": 3771000}, {"maxAge": 1, "endDate": "2019-09-30", "totalRevenue": 20587000, "costOfRevenue": 11203000, "grossProfit": 9384000, "researchDevelopment": {}, "sellingGeneralAdministrative": 676000, "nonRecurring": {}, "otherOperatingExpenses": 3246000, "totalOperatingExpenses": 15211000, "operatingIncome": 5376000, "totalOtherIncomeExpenseNet": -693400, "ebit": 5376000, "interestExpense": -686000, "incomeBeforeTax": 4690000, "incomeTaxExpense": 1304000, "minorityInterest": {}, "netIncomeFromContinuingOps": 3386000, "discontinuedOperations": {}, "extraordinaryItems": {}, "effectOfAccountingCharges": {}, "otherItems": {}, "netIncome": 3386000, "netIncomeApplicableToCommonShares": 3386000}], "maxAge": 86400}, "cashflowStatementHistoryQuarterly": {"cashflowStatements": [{"maxAge": 1, "endDate": "2020-06-30", "netIncome": 434000, "changeToLiabilities": 0}, {"maxAge": 1, "endDate": "2020-03-31", "netIncome": 1558473, "changeToLiabilities": 0}, {"maxAge": 1, "endDate": "2019-12-31", "netIncome": 3771000, "changeToLiabilities": 0}, {"maxAge": 1, "endDate": "2019-09-30", "netIncome": 3386000, "changeToLiabilities": 0}], "maxAge": 86400}, "insiderHolders": {"holders": [{"maxAge": 1, "name": "Gokaraju (Paravathi)", "relation": "Director", "url": "", "transactionDescription": "Acquisition", "latestTransDate": "2012-09-03", "positionDirect": 1330000, "positionDirectDate": "2012-09-03"}, {"maxAge": 1, "name": "Gokaraju (Raghu Rama Raju)", "relation": "Managing Director", "url": "", "transactionDescription": "Acquisition", "latestTransDate": "2018-09-10", "positionDirect": 5900000, "positionDirectDate": "2018-09-10"}, {"maxAge": 1, "name": "Varma (Kiran M P)", "relation": "Director", "url": "", "transactionDescription": "Acquisition", "latestTransDate": "2012-09-03", "positionDirect": 195570, "positionDirectDate": "2012-09-03"}], "maxAge": 1}, "calendarEvents": {"maxAge": 1, "earnings": {"earningsDate": []}}, "price": {"maxAge": 1, "regularMarketChangePercent": -0.030504016, "regularMarketChange": -1.1500015, "regularMarketTime": "2021-04-30 15:29:59", "priceHint": 2, "regularMarketPrice": 36.55, "regularMarketDayHigh": 39.5, "regularMarketDayLow": 35.85, "regularMarketVolume": 1475, "averageDailyVolume10Day": 107, "averageDailyVolume3Month": 2798, "regularMarketPreviousClose": 37.7, "regularMarketSource": "FREE_REALTIME", "regularMarketOpen": 35.85, "exchange": "BSE", "exchangeName": "BSE", "exchangeDataDelayedBy": 0, "marketState": "CLOSED", "quoteType": "EQUITY", "symbol": "RADIXIND.BO", "underlyingSymbol": null, "shortName": "RADIX INDUSTRIES (INDIA) LIMIT", "longName": "Radix Industries (India) Limited", "currency": "INR", "quoteSourceName": "Delayed Quote", "currencySymbol": "\u20b9", "fromCurrency": null, "toCurrency": null, "lastMarket": null, "marketCap": 548513152}, "balanceSheetHistory": {"balanceSheetStatements": [{"maxAge": 1, "endDate": "2020-03-31", "cash": 1193691, "netReceivables": 13410590, "inventory": 214528425, "otherCurrentAssets": 163208, "totalCurrentAssets": 229748263, "propertyPlantEquipment": 1286289, "otherAssets": 260735, "deferredLongTermAssetCharges": 235840, "totalAssets": 231295287, "otherCurrentLiab": 616208, "totalCurrentLiabilities": 63323214, "totalLiab": 63323214, "commonStock": 150071700, "retainedEarnings": 7517873, "treasuryStock": 10382500, "otherStockholderEquity": 10382500, "totalStockholderEquity": 167972073, "netTangibleAssets": 167972073}, {"maxAge": 1, "endDate": "2019-03-31", "cash": 7729632, "netReceivables": 24797591, "inventory": 202298647, "otherCurrentAssets": 131838, "totalCurrentAssets": 235191906, "propertyPlantEquipment": 1514119, "otherAssets": 721783, "deferredLongTermAssetCharges": 236888, "totalAssets": 237427808, "otherCurrentLiab": 289838, "totalCurrentLiabilities": 69299445, "totalLiab": 69299445, "commonStock": 100047800, "retainedEarnings": 57698063, "treasuryStock": 10382500, "otherStockholderEquity": 10382500, "totalStockholderEquity": 168128363, "netTangibleAssets": 168128363}, {"maxAge": 1, "endDate": "2018-03-31", "cash": 4445620, "netReceivables": 17912949, "inventory": 179131536, "otherCurrentAssets": 327004, "totalCurrentAssets": 202334894, "propertyPlantEquipment": 1699854, "otherAssets": 741239, "deferredLongTermAssetCharges": 256344, "totalAssets": 204775987, "otherCurrentLiab": 530978, "totalCurrentLiabilities": 37046685, "totalLiab": 37046685, "commonStock": 100047800, "retainedEarnings": 57299002, "treasuryStock": 10382500, "otherStockholderEquity": 10382500, "totalStockholderEquity": 167729302, "netTangibleAssets": 167729302}, {"maxAge": 1, "endDate": "2017-03-31", "cash": 1452487, "netReceivables": 34371498, "inventory": 181057480, "otherCurrentAssets": 210858, "totalCurrentAssets": 217660851, "propertyPlantEquipment": 2209167, "otherAssets": 709111, "deferredLongTermAssetCharges": 225761, "totalAssets": 220579129, "otherCurrentLiab": 4292651, "totalCurrentLiabilities": 53430859, "totalLiab": 53430859, "commonStock": 100047800, "retainedEarnings": 56717970, "treasuryStock": 10382500, "otherStockholderEquity": 10382500, "totalStockholderEquity": 167148270, "netTangibleAssets": 167148270}], "maxAge": 86400}, "financialData": {"maxAge": 86400, "currentPrice": 36.55, "recommendationKey": "none", "grossProfits": 34899223, "financialCurrency": "INR"}}}