{"RADIOCITY.BO": {"recommendationTrend": {"trend": [{"period": "0m", "strongBuy": 0, "buy": 0, "hold": 0, "sell": 0, "strongSell": 0}, {"period": "-1m", "strongBuy": 0, "buy": 0, "hold": 0, "sell": 0, "strongSell": 0}, {"period": "-2m", "strongBuy": 0, "buy": 0, "hold": 0, "sell": 0, "strongSell": 0}, {"period": "-3m", "strongBuy": 0, "buy": 0, "hold": 0, "sell": 0, "strongSell": 0}], "maxAge": 86400}, "cashflowStatementHistory": {"cashflowStatements": [{"maxAge": 1, "endDate": "2020-03-31", "netIncome": 282075000, "depreciation": 135292000, "changeToNetincome": -112221000, "changeToAccountReceivables": 164091000, "changeToLiabilities": -38880000, "changeToOperatingActivities": -150013000, "totalCashFromOperatingActivities": 492893000, "capitalExpenditures": -54890000, "investments": 337075000, "otherCashflowsFromInvestingActivities": 41875000, "totalCashflowsFromInvestingActivities": 322107000, "netBorrowings": -786803000, "otherCashflowsFromFinancingActivities": -100249000, "totalCashFromFinancingActivities": -887052000, "changeInCash": -72052000}, {"maxAge": 1, "endDate": "2019-03-31", "netIncome": 616183000, "depreciation": 58554000, "changeToNetincome": 55063000, "changeToAccountReceivables": -142221000, "changeToLiabilities": 24145000, "changeToOperatingActivities": 31051000, "totalCashFromOperatingActivities": 855300000, "capitalExpenditures": -386831000, "investments": -101382000, "otherCashflowsFromInvestingActivities": 52549000, "totalCashflowsFromInvestingActivities": -439197000, "netBorrowings": 237854000, "otherCashflowsFromFinancingActivities": -55951000, "totalCashFromFinancingActivities": -399308000, "changeInCash": 16795000, "repurchaseOfStock": -581211000}, {"maxAge": 1, "endDate": "2018-03-31", "netIncome": 517170000, "depreciation": 53135000, "changeToNetincome": 49529000, "changeToAccountReceivables": -309334000, "changeToLiabilities": -105923000, "changeToOperatingActivities": -13469000, "totalCashFromOperatingActivities": 400665000, "capitalExpenditures": -54884000, "investments": -41463000, "otherCashflowsFromInvestingActivities": 131093000, "totalCashflowsFromInvestingActivities": 31294000, "netBorrowings": -1000000000, "otherCashflowsFromFinancingActivities": -155794000, "totalCashFromFinancingActivities": -1155794000, "changeInCash": -723835000, "repurchaseOfStock": -581211000}, {"maxAge": 1, "endDate": "2017-03-31", "netIncome": 366591000, "depreciation": 26209000, "changeToNetincome": 293151000, "changeToAccountReceivables": -60858000, "changeToLiabilities": 105734000, "changeToOperatingActivities": -112458000, "totalCashFromOperatingActivities": 788929000, "capitalExpenditures": -269887000, "investments": -1852305000, "otherCashflowsFromInvestingActivities": 17742000, "totalCashflowsFromInvestingActivities": -2108970000, "netBorrowings": -1557400000, "otherCashflowsFromFinancingActivities": -392395000, "totalCashFromFinancingActivities": 2050205000, "changeInCash": 730164000, "repurchaseOfStock": -581211000, "issuanceOfStock": 4000000000}], "maxAge": 86400}, "institutionOwnership": {"ownershipList": [], "maxAge": 1}, "balanceSheetHistoryQuarterly": {"balanceSheetStatements": [{"maxAge": 1, "endDate": "2020-06-30", "totalStockholderEquity": 6317900000, "netTangibleAssets": 4175500000}, {"maxAge": 1, "endDate": "2020-03-31", "cash": 76137000, "shortTermInvestments": 2083583000, "netReceivables": 1125617000, "otherCurrentAssets": 123860000, "totalCurrentAssets": 3487826000, "propertyPlantEquipment": 948816000, "intangibleAssets": 2142432000, "otherAssets": 298620000, "deferredLongTermAssetCharges": 99887000, "totalAssets": 6877694000, "accountsPayable": 207844000, "otherCurrentLiab": 37602000, "otherLiab": 37602000, "totalCurrentLiabilities": 339328000, "totalLiab": 559812000, "commonStock": 691371000, "retainedEarnings": 658269000, "treasuryStock": 1568007000, "capitalSurplus": 3400235000, "otherStockholderEquity": 1568007000, "totalStockholderEquity": 6317882000, "netTangibleAssets": 4175450000}, {"maxAge": 1, "endDate": "2019-12-31", "totalStockholderEquity": 6302600000, "netTangibleAssets": 4053100000}, {"maxAge": 1, "endDate": "2019-09-30", "cash": 670600000, "shortTermInvestments": 2045500000, "netReceivables": 1176300000, "otherCurrentAssets": 277200000, "totalCurrentAssets": 4169600000, "longTermInvestments": 111100000, "propertyPlantEquipment": 992800000, "intangibleAssets": 2249500000, "otherAssets": 184300000, "deferredLongTermAssetCharges": 95800000, "totalAssets": 7707300000, "accountsPayable": 263700000, "shortLongTermDebt": 695900000, "otherCurrentLiab": 84300000, "longTermDebt": 316200000, "otherLiab": 37500000, "totalCurrentLiabilities": 1051000000, "totalLiab": 1404700000, "commonStock": 553100000, "treasuryStock": 5749500000, "otherStockholderEquity": 5749500000, "totalStockholderEquity": 6302600000, "netTangibleAssets": 4053100000}], "maxAge": 86400}, "earningsHistory": {"history": [{"maxAge": 1, "epsActual": 2.23, "epsEstimate": 2.17, "epsDifference": 0.06, "surprisePercent": 0.027999999, "quarter": "2017-09-30", "period": "-4q"}, {"maxAge": 1, "epsActual": 2.08, "epsEstimate": 2.56, "epsDifference": -0.48, "surprisePercent": -0.188, "quarter": "2017-12-31", "period": "-3q"}, {"maxAge": 1, "epsActual": 2.37, "epsEstimate": 2.77, "epsDifference": -0.4, "surprisePercent": -0.144, "quarter": "2018-06-30", "period": "-2q"}, {"maxAge": 1, "epsActual": 2.35, "epsEstimate": 2.82, "epsDifference": -0.47, "surprisePercent": -0.16700001, "quarter": "2018-09-30", "period": "-1q"}], "maxAge": 86400}, "indexTrend": {"maxAge": 1, "symbol": "SP5", "peRatio": 19.7411, "pegRatio": 1.34172, "estimates": [{"period": "0q", "growth": 0.549}, {"period": "+1q", "growth": 0.431}, {"period": "0y", "growth": 0.305}, {"period": "+1y", "growth": 0.109}, {"period": "+5y", "growth": 0.120865}, {"period": "-5y"}]}, "industryTrend": {"maxAge": 1, "symbol": null, "estimates": []}, "insiderTransactions": {"transactions": [{"maxAge": 1, "shares": 50000, "value": 14890, "filerUrl": "", "transactionText": "Sale at price 0.30 per share.", "filerName": "Agarwal (Rajendra Kumar)", "filerRelation": "UNREPORTED", "moneyText": "", "startDate": "2020-08-25", "ownership": "D"}, {"maxAge": 1, "shares": 1000000, "value": 287100, "filerUrl": "", "transactionText": "Sale at price 0.29 per share.", "filerName": "Purohit (Apurva)", "filerRelation": "Director (Non-Executive)", "moneyText": "", "startDate": "2020-08-24", "ownership": "D"}, {"maxAge": 1, "shares": 35316, "value": 9305, "filerUrl": "", "transactionText": "Sale at price 0.26 per share.", "filerName": "Agarwal (Rajendra Kumar)", "filerRelation": "UNREPORTED", "moneyText": "", "startDate": "2020-08-18", "ownership": "D"}, {"maxAge": 1, "shares": 189375, "value": 47930, "filerUrl": "", "transactionText": "Sale at price 0.25 per share.", "filerName": "Purohit (Apurva)", "filerRelation": "Director (Non-Executive)", "moneyText": "", "startDate": "2020-08-17", "ownership": "D"}, {"maxAge": 1, "shares": 466806, "filerUrl": "", "transactionText": "", "filerName": "HDFC Standard Life Insurance Co Ltd", "filerRelation": "Promoter", "moneyText": "", "startDate": "2020-07-15", "ownership": "D"}, {"maxAge": 1, "shares": 5337, "filerUrl": "", "transactionText": "", "filerName": "Agarwal (Rajendra Kumar)", "filerRelation": "UNREPORTED", "moneyText": "", "startDate": "2020-06-22", "ownership": "D"}, {"maxAge": 1, "shares": 5325, "filerUrl": "", "transactionText": "", "filerName": "Jagran Prakashan Ltd", "filerRelation": "Promoter", "moneyText": "", "startDate": "2020-03-23", "ownership": "D"}, {"maxAge": 1, "shares": 50686523, "filerUrl": "", "transactionText": "", "filerName": "Jagran Prakashan Ltd", "filerRelation": "Promoter", "moneyText": "", "startDate": "2020-03-20", "ownership": "D"}, {"maxAge": 1, "shares": 70000, "filerUrl": "", "transactionText": "", "filerName": "Jagran Prakashan Ltd", "filerRelation": "Promoter", "moneyText": "", "startDate": "2020-02-10", "ownership": "D"}, {"maxAge": 1, "shares": 173655, "filerUrl": "", "transactionText": "", "filerName": "Jagran Prakashan Ltd", "filerRelation": "Promoter", "moneyText": "", "startDate": "2020-01-31", "ownership": "D"}, {"maxAge": 1, "shares": 45000, "filerUrl": "", "transactionText": "", "filerName": "Jagran Prakashan Ltd", "filerRelation": "Promoter", "moneyText": "", "startDate": "2019-12-24", "ownership": "D"}, {"maxAge": 1, "shares": 21049, "filerUrl": "", "transactionText": "", "filerName": "Agarwal (Rajendra Kumar)", "filerRelation": "UNREPORTED", "moneyText": "", "startDate": "2019-12-12", "ownership": "D"}, {"maxAge": 1, "shares": 17000, "filerUrl": "", "transactionText": "", "filerName": "Jagran Prakashan Ltd", "filerRelation": "Promoter", "moneyText": "", "startDate": "2019-12-11", "ownership": "D"}, {"maxAge": 1, "shares": 6000, "filerUrl": "", "transactionText": "", "filerName": "Jagran Prakashan Ltd", "filerRelation": "Promoter", "moneyText": "", "startDate": "2019-12-09", "ownership": "D"}, {"maxAge": 1, "shares": 20000, "filerUrl": "", "transactionText": "", "filerName": "Jagran Prakashan Ltd", "filerRelation": "Promoter", "moneyText": "", "startDate": "2019-11-26", "ownership": "D"}, {"maxAge": 1, "shares": 23298, "filerUrl": "", "transactionText": "", "filerName": "Agarwal (Rajendra Kumar)", "filerRelation": "UNREPORTED", "moneyText": "", "startDate": "2019-11-22", "ownership": "D"}, {"maxAge": 1, "shares": 20000, "filerUrl": "", "transactionText": "", "filerName": "Jagran Prakashan Ltd", "filerRelation": "Promoter", "moneyText": "", "startDate": "2019-11-21", "ownership": "D"}, {"maxAge": 1, "shares": 35000, "filerUrl": "", "transactionText": "", "filerName": "Jagran Prakashan Ltd", "filerRelation": "Promoter", "moneyText": "", "startDate": "2019-11-19", "ownership": "D"}, {"maxAge": 1, "shares": 46000, "filerUrl": "", "transactionText": "", "filerName": "Jagran Prakashan Ltd", "filerRelation": "Promoter", "moneyText": "", "startDate": "2019-11-15", "ownership": "D"}, {"maxAge": 1, "shares": 14000, "filerUrl": "", "transactionText": "", "filerName": "Jagran Prakashan Ltd", "filerRelation": "Promoter", "moneyText": "", "startDate": "2019-11-11", "ownership": "D"}, {"maxAge": 1, "shares": 5000, "filerUrl": "", "transactionText": "", "filerName": "Jagran Prakashan Ltd", "filerRelation": "Promoter", "moneyText": "", "startDate": "2019-08-28", "ownership": "D"}, {"maxAge": 1, "shares": 13906, "filerUrl": "", "transactionText": "", "filerName": "Jagran Prakashan Ltd", "filerRelation": "Promoter", "moneyText": "", "startDate": "2019-08-23", "ownership": "D"}, {"maxAge": 1, "shares": 120000, "filerUrl": "", "transactionText": "", "filerName": "Jagran Prakashan Ltd", "filerRelation": "Promoter", "moneyText": "", "startDate": "2019-08-20", "ownership": "D"}, {"maxAge": 1, "shares": 100000, "filerUrl": "", "transactionText": "", "filerName": "Jagran Prakashan Ltd", "filerRelation": "Promoter", "moneyText": "", "startDate": "2019-08-14", "ownership": "D"}, {"maxAge": 1, "shares": 120000, "filerUrl": "", "transactionText": "", "filerName": "Jagran Prakashan Ltd", "filerRelation": "Promoter", "moneyText": "", "startDate": "2019-08-13", "ownership": "D"}, {"maxAge": 1, "shares": 234143, "filerUrl": "", "transactionText": "", "filerName": "Jagran Prakashan Ltd", "filerRelation": "Promoter", "moneyText": "", "startDate": "2019-08-09", "ownership": "D"}, {"maxAge": 1, "shares": 100000, "filerUrl": "", "transactionText": "", "filerName": "Agarwal (Rajendra Kumar)", "filerRelation": "UNREPORTED", "moneyText": "", "startDate": "2019-06-19", "ownership": "D"}, {"maxAge": 1, "shares": 150000, "filerUrl": "", "transactionText": "", "filerName": "Agarwal (Rajendra Kumar)", "filerRelation": "UNREPORTED", "moneyText": "", "startDate": "2019-03-07", "ownership": "D"}, {"maxAge": 1, "shares": 900000, "filerUrl": "", "transactionText": "", "filerName": "Purohit (Apurva)", "filerRelation": "Director (Non-Executive)", "moneyText": "", "startDate": "2019-03-07", "ownership": "D"}], "maxAge": 1}, "quoteType": {"exchange": "BSE", "quoteType": "EQUITY", "symbol": "RADIOCITY.BO", "underlyingSymbol": "RADIOCITY.BO", "shortName": "Music Broadcast Limited", "longName": "Music Broadcast Limited", "firstTradeDateEpochUtc": "2017-03-17 09:15:00", "timeZoneFullName": "Asia/Kolkata", "timeZoneShortName": "IST", "uuid": "940ec9fc-ce99-3fbc-9db0-9bf0cff17693", "gmtOffSetMilliseconds": 19800000, "maxAge": 1}, "incomeStatementHistory": {"incomeStatementHistory": [{"maxAge": 1, "endDate": "2020-03-31", "totalRevenue": 2478214000, "costOfRevenue": 770283000, "grossProfit": 1707931000, "researchDevelopment": {}, "sellingGeneralAdministrative": 415435000, "nonRecurring": {}, "otherOperatingExpenses": 626442000, "totalOperatingExpenses": 2160001000, "operatingIncome": 318213000, "totalOtherIncomeExpenseNet": -29038000, "ebit": 318213000, "interestExpense": -89351000, "incomeBeforeTax": 289175000, "incomeTaxExpense": 7100000, "minorityInterest": {}, "netIncomeFromContinuingOps": 282075000, "discontinuedOperations": {}, "extraordinaryItems": {}, "effectOfAccountingCharges": {}, "otherItems": {}, "netIncome": 282075000, "netIncomeApplicableToCommonShares": 282075000}, {"maxAge": 1, "endDate": "2019-03-31", "totalRevenue": 3247076000, "costOfRevenue": 929522000, "grossProfit": 2317554000, "researchDevelopment": {}, "sellingGeneralAdministrative": 573442000, "nonRecurring": {}, "otherOperatingExpenses": 612322000, "totalOperatingExpenses": 2386365000, "operatingIncome": 860711000, "totalOtherIncomeExpenseNet": 94555000, "ebit": 860711000, "interestExpense": -51029000, "incomeBeforeTax": 955266000, "incomeTaxExpense": 339083000, "minorityInterest": {}, "netIncomeFromContinuingOps": 616183000, "discontinuedOperations": {}, "extraordinaryItems": {}, "effectOfAccountingCharges": {}, "otherItems": {}, "netIncome": 616183000, "netIncomeApplicableToCommonShares": 616183000}, {"maxAge": 1, "endDate": "2018-03-31", "totalRevenue": 2982478000, "costOfRevenue": 928771000, "grossProfit": 2053707000, "researchDevelopment": {}, "sellingGeneralAdministrative": 461059000, "nonRecurring": {}, "otherOperatingExpenses": 621759000, "totalOperatingExpenses": 2274281000, "operatingIncome": 708197000, "totalOtherIncomeExpenseNet": 44048000, "ebit": 708197000, "interestExpense": -143622000, "incomeBeforeTax": 752245000, "incomeTaxExpense": 235075000, "minorityInterest": {}, "netIncomeFromContinuingOps": 517170000, "discontinuedOperations": {}, "extraordinaryItems": {}, "effectOfAccountingCharges": {}, "otherItems": {}, "netIncome": 517170000, "netIncomeApplicableToCommonShares": 517170000}, {"maxAge": 1, "endDate": "2017-03-31", "totalRevenue": 2714161000, "costOfRevenue": 862032000, "grossProfit": 1852129000, "researchDevelopment": {}, "sellingGeneralAdministrative": 409483000, "nonRecurring": {}, "otherOperatingExpenses": 530126000, "totalOperatingExpenses": 1998410000, "operatingIncome": 715751000, "totalOtherIncomeExpenseNet": -145767000, "ebit": 715751000, "interestExpense": -186060000, "incomeBeforeTax": 569984000, "incomeTaxExpense": 203393000, "minorityInterest": {}, "netIncomeFromContinuingOps": 366591000, "discontinuedOperations": {}, "extraordinaryItems": {}, "effectOfAccountingCharges": {}, "otherItems": {}, "netIncome": 366591000, "netIncomeApplicableToCommonShares": 366591000}], "maxAge": 86400}, "fundOwnership": {"ownershipList": [], "maxAge": 1}, "summaryDetail": {"maxAge": 1, "priceHint": 2, "previousClose": 23.3, "open": 23.55, "dayLow": 23.1, "dayHigh": 23.7, "regularMarketPreviousClose": 23.3, "regularMarketOpen": 23.55, "regularMarketDayLow": 23.1, "regularMarketDayHigh": 23.7, "trailingPE": 134.88373, "forwardPE": 1.8125, "volume": 14825, "regularMarketVolume": 14825, "averageVolume": 33119, "averageVolume10days": 9270, "averageDailyVolume10Day": 9270, "bid": 23.1, "ask": 23.45, "bidSize": 0, "askSize": 0, "marketCap": 6415937024, "fiftyTwoWeekLow": 12.3, "fiftyTwoWeekHigh": 30.1, "fiftyDayAverage": 23.389395, "twoHundredDayAverage": 20.594852, "currency": "INR", "fromCurrency": null, "lastMarket": null, "algorithm": null, "tradeable": false}, "sectorTrend": {"maxAge": 1, "symbol": null, "estimates": []}, "incomeStatementHistoryQuarterly": {"incomeStatementHistory": [{"maxAge": 1, "endDate": "2020-06-30", "totalRevenue": 143600000, "costOfRevenue": 160900000, "grossProfit": -17300000, "researchDevelopment": {}, "sellingGeneralAdministrative": {}, "nonRecurring": {}, "otherOperatingExpenses": 135200000, "totalOperatingExpenses": 381200000, "operatingIncome": -237600000, "totalOtherIncomeExpenseNet": 40300000, "ebit": -237600000, "interestExpense": -7000000, "incomeBeforeTax": -197300000, "incomeTaxExpense": -58400000, "minorityInterest": {}, "netIncomeFromContinuingOps": -138900000, "discontinuedOperations": {}, "extraordinaryItems": {}, "effectOfAccountingCharges": {}, "otherItems": {}, "netIncome": -138900000, "netIncomeApplicableToCommonShares": -138900000}, {"maxAge": 1, "endDate": "2020-03-31", "totalRevenue": 458714000, "costOfRevenue": 191083000, "grossProfit": 267631000, "researchDevelopment": {}, "sellingGeneralAdministrative": 415435000, "nonRecurring": {}, "otherOperatingExpenses": -189458000, "totalOperatingExpenses": 503301000, "operatingIncome": -44587000, "totalOtherIncomeExpenseNet": -76438000, "ebit": -44587000, "interestExpense": -12351000, "incomeBeforeTax": -121025000, "incomeTaxExpense": -32000000, "minorityInterest": {}, "netIncomeFromContinuingOps": -89025000, "discontinuedOperations": {}, "extraordinaryItems": {}, "effectOfAccountingCharges": {}, "otherItems": {}, "netIncome": -89025000, "netIncomeApplicableToCommonShares": -89025000}, {"maxAge": 1, "endDate": "2019-12-31", "totalRevenue": 696400000, "costOfRevenue": 197900000, "grossProfit": 498500000, "researchDevelopment": {}, "sellingGeneralAdministrative": 415435000, "nonRecurring": {}, "otherOperatingExpenses": 282800000, "totalOperatingExpenses": 569700000, "operatingIncome": 126700000, "totalOtherIncomeExpenseNet": 16800000, "ebit": 126700000, "interestExpense": -24800000, "incomeBeforeTax": 143500000, "incomeTaxExpense": 41700000, "minorityInterest": {}, "netIncomeFromContinuingOps": 101800000, "discontinuedOperations": {}, "extraordinaryItems": {}, "effectOfAccountingCharges": {}, "otherItems": {}, "netIncome": 101800000, "netIncomeApplicableToCommonShares": 101800000}, {"maxAge": 1, "endDate": "2019-09-30", "totalRevenue": 625300000, "costOfRevenue": 169300000, "grossProfit": 456000000, "researchDevelopment": {}, "sellingGeneralAdministrative": 415435000, "nonRecurring": {}, "otherOperatingExpenses": 270900000, "totalOperatingExpenses": 526900000, "operatingIncome": 98400000, "totalOtherIncomeExpenseNet": 23400000, "ebit": 98400000, "interestExpense": -26500000, "incomeBeforeTax": 121800000, "incomeTaxExpense": -63300000, "minorityInterest": {}, "netIncomeFromContinuingOps": 185100000, "discontinuedOperations": {}, "extraordinaryItems": {}, "effectOfAccountingCharges": {}, "otherItems": {}, "netIncome": 185100000, "netIncomeApplicableToCommonShares": 185100000}], "maxAge": 86400}, "cashflowStatementHistoryQuarterly": {"cashflowStatements": [{"maxAge": 1, "endDate": "2020-06-30", "netIncome": -138900000, "changeToLiabilities": 0}, {"maxAge": 1, "endDate": "2020-03-31", "netIncome": -89025000, "changeToLiabilities": 0}, {"maxAge": 1, "endDate": "2019-12-31", "netIncome": 101800000, "changeToLiabilities": 0}, {"maxAge": 1, "endDate": "2019-09-30", "netIncome": 185100000, "changeToLiabilities": 0}], "maxAge": 86400}, "insiderHolders": {"holders": [{"maxAge": 1, "name": "Agarwal (Rajendra Kumar)", "relation": "UNREPORTED", "url": "", "transactionDescription": "Sale", "latestTransDate": "2020-08-25", "positionDirect": 240000, "positionDirectDate": "2020-08-25"}, {"maxAge": 1, "name": "HDFC Standard Life Insurance Co Ltd", "relation": "Promoter", "url": "", "transactionDescription": "Sale", "latestTransDate": "2020-07-15", "positionDirect": 3651875, "positionDirectDate": "2020-07-15"}, {"maxAge": 1, "name": "Jagran Prakashan Ltd", "relation": "Promoter", "url": "", "transactionDescription": "Acquisition", "latestTransDate": "2020-03-23", "positionDirect": 253074137, "positionDirectDate": "2020-03-23"}, {"maxAge": 1, "name": "Purohit (Apurva)", "relation": "Director (Non-Executive)", "url": "", "transactionDescription": "Sale", "latestTransDate": "2020-08-24", "positionDirect": 4053125, "positionDirectDate": "2020-08-24"}], "maxAge": 1}, "earnings": {"maxAge": 86400, "earningsChart": {"quarterly": [{"date": "3Q2017", "actual": 2.23, "estimate": 2.17}, {"date": "4Q2017", "actual": 2.08, "estimate": 2.56}, {"date": "2Q2018", "actual": 2.37, "estimate": 2.77}, {"date": "3Q2018", "actual": 2.35, "estimate": 2.82}], "currentQuarterEstimateDate": "4Q", "currentQuarterEstimateYear": 2018, "earningsDate": []}, "financialsChart": {"yearly": [{"date": 2017, "revenue": 2714161000, "earnings": 366591000}, {"date": 2018, "revenue": 2982478000, "earnings": 517170000}, {"date": 2019, "revenue": 3247076000, "earnings": 616183000}, {"date": 2020, "revenue": 2478214000, "earnings": 282075000}], "quarterly": [{"date": "3Q2019", "revenue": 625300000, "earnings": 185100000}, {"date": "4Q2019", "revenue": 696400000, "earnings": 101800000}, {"date": "1Q2020", "revenue": 458714000, "earnings": -89025000}, {"date": "2Q2020", "revenue": 143600000, "earnings": -138900000}]}, "financialCurrency": "INR"}, "calendarEvents": {"maxAge": 1, "earnings": {"earningsDate": [], "revenueAverage": 915000000, "revenueLow": 899000000, "revenueHigh": 931000000}}, "upgradeDowngradeHistory": {"history": [], "maxAge": 86400}, "price": {"maxAge": 1, "regularMarketChangePercent": -0.0042917803, "regularMarketChange": -0.099998474, "regularMarketTime": "2021-04-30 15:26:43", "priceHint": 2, "regularMarketPrice": 23.2, "regularMarketDayHigh": 23.7, "regularMarketDayLow": 23.1, "regularMarketVolume": 14825, "averageDailyVolume10Day": 9270, "averageDailyVolume3Month": 33119, "regularMarketPreviousClose": 23.3, "regularMarketSource": "FREE_REALTIME", "regularMarketOpen": 23.55, "exchange": "BSE", "exchangeName": "BSE", "exchangeDataDelayedBy": 0, "marketState": "CLOSED", "quoteType": "EQUITY", "symbol": "RADIOCITY.BO", "underlyingSymbol": null, "shortName": "Music Broadcast Limited", "longName": "Music Broadcast Limited", "currency": "INR", "quoteSourceName": "Delayed Quote", "currencySymbol": "\u20b9", "fromCurrency": null, "lastMarket": null, "marketCap": 6415937024}, "balanceSheetHistory": {"balanceSheetStatements": [{"maxAge": 1, "endDate": "2020-03-31", "cash": 76137000, "shortTermInvestments": 2083583000, "netReceivables": 1125617000, "otherCurrentAssets": 123860000, "totalCurrentAssets": 3487826000, "propertyPlantEquipment": 948816000, "intangibleAssets": 2142432000, "otherAssets": 298620000, "deferredLongTermAssetCharges": 99887000, "totalAssets": 6877694000, "accountsPayable": 207844000, "otherCurrentLiab": 37602000, "otherLiab": 37602000, "totalCurrentLiabilities": 339328000, "totalLiab": 559812000, "commonStock": 691371000, "retainedEarnings": 658269000, "treasuryStock": 1568007000, "capitalSurplus": 3400235000, "otherStockholderEquity": 1568007000, "totalStockholderEquity": 6317882000, "netTangibleAssets": 4175450000}, {"maxAge": 1, "endDate": "2019-03-31", "cash": 148189000, "shortTermInvestments": 2203046000, "netReceivables": 1314218000, "otherCurrentAssets": 220260000, "totalCurrentAssets": 3961751000, "longTermInvestments": 13864000, "propertyPlantEquipment": 748466000, "intangibleAssets": 2351042000, "otherAssets": 229978000, "deferredLongTermAssetCharges": 46400000, "totalAssets": 7305101000, "accountsPayable": 246724000, "shortLongTermDebt": 581122000, "otherCurrentLiab": 80770000, "longTermDebt": 156304000, "otherLiab": 42144000, "totalCurrentLiabilities": 1073464000, "totalLiab": 1271912000, "commonStock": 553097000, "retainedEarnings": 271493000, "treasuryStock": 1687541000, "capitalSurplus": 3521058000, "otherStockholderEquity": 1687541000, "totalStockholderEquity": 6033189000, "netTangibleAssets": 3682147000}, {"maxAge": 1, "endDate": "2018-03-31", "cash": 131394000, "shortTermInvestments": 500000000, "netReceivables": 1166301000, "otherCurrentAssets": 214095000, "totalCurrentAssets": 2084560000, "longTermInvestments": 1558553000, "propertyPlantEquipment": 412206000, "intangibleAssets": 2557137000, "otherAssets": 373509000, "deferredLongTermAssetCharges": 181951000, "totalAssets": 6985965000, "accountsPayable": 222581000, "otherCurrentLiab": 52077000, "longTermDebt": 499112000, "otherLiab": 36030000, "totalCurrentLiabilities": 452209000, "totalLiab": 987351000, "commonStock": 570548000, "retainedEarnings": -290594000, "treasuryStock": 1645090000, "capitalSurplus": 4073570000, "otherStockholderEquity": 1645090000, "totalStockholderEquity": 5998614000, "netTangibleAssets": 3441477000}, {"maxAge": 1, "endDate": "2017-03-31", "cash": 855229000, "shortTermInvestments": 1967492000, "netReceivables": 891830000, "otherCurrentAssets": 216543000, "totalCurrentAssets": 3992382000, "propertyPlantEquipment": 353422000, "intangibleAssets": 2762506000, "otherAssets": 502814000, "deferredLongTermAssetCharges": 252410000, "totalAssets": 7611124000, "accountsPayable": 328502000, "shortLongTermDebt": 998687000, "otherCurrentLiab": 61904000, "longTermDebt": 499110000, "otherLiab": 54004000, "totalCurrentLiabilities": 1576926000, "totalLiab": 2130040000, "commonStock": 570548000, "retainedEarnings": -956735000, "treasuryStock": 1793701000, "capitalSurplus": 4073570000, "otherStockholderEquity": 1793701000, "totalStockholderEquity": 5481084000, "netTangibleAssets": 2718578000}], "maxAge": 86400}, "earningsTrend": {"trend": [{"maxAge": 1, "period": "0q", "endDate": "2018-12-31", "growth": {}, "earningsEstimate": {"avg": 0.0, "low": 0.0, "high": 0.0, "yearAgoEps": 2.23, "numberOfAnalysts": 0, "growth": {}}, "revenueEstimate": {"avg": 915000000, "low": 899000000, "high": 931000000, "numberOfAnalysts": 2, "yearAgoRevenue": 761800000, "growth": 0.201}, "epsTrend": {"current": 0.0, "7daysAgo": 3.56, "30daysAgo": 3.56, "60daysAgo": 3.56, "90daysAgo": 3.56}, "epsRevisions": {"upLast7days": 0, "upLast30days": 0, "downLast30days": 0, "downLast90days": {}}}, {"maxAge": 1, "period": "+1q", "endDate": "2019-03-31", "growth": {}, "earningsEstimate": {"avg": 0.0, "low": 0.0, "high": 0.0, "yearAgoEps": 2.08, "numberOfAnalysts": 0, "growth": {}}, "revenueEstimate": {"avg": 869500000, "low": 869000000, "high": 870000000, "numberOfAnalysts": 2, "yearAgoRevenue": {}, "growth": {}}, "epsTrend": {"current": 0.0, "7daysAgo": 3.47, "30daysAgo": 3.47, "60daysAgo": 3.47, "90daysAgo": 3.47}, "epsRevisions": {"upLast7days": 0, "upLast30days": 0, "downLast30days": 0, "downLast90days": {}}}, {"maxAge": 1, "period": "0y", "endDate": "2019-03-31", "growth": {}, "earningsEstimate": {"avg": 0.0, "low": 0.0, "high": 0.0, "yearAgoEps": {}, "numberOfAnalysts": 0, "growth": {}}, "revenueEstimate": {"avg": 3480000000, "low": 3480000000, "high": 3480000000, "numberOfAnalysts": 1, "yearAgoRevenue": {}, "growth": {}}, "epsTrend": {"current": 0.0, "7daysAgo": 11.0, "30daysAgo": 11.0, "60daysAgo": 11.0, "90daysAgo": 11.0}, "epsRevisions": {"upLast7days": 0, "upLast30days": 0, "downLast30days": 0, "downLast90days": {}}}, {"maxAge": 1, "period": "+1y", "endDate": "2020-03-31", "growth": {}, "earningsEstimate": {"avg": 0.0, "low": 0.0, "high": 0.0, "yearAgoEps": {}, "numberOfAnalysts": 0, "growth": {}}, "revenueEstimate": {"avg": 3946000000, "low": 3946000000, "high": 3946000000, "numberOfAnalysts": 1, "yearAgoRevenue": 3480000000, "growth": 0.134}, "epsTrend": {"current": 0.0, "7daysAgo": 12.8, "30daysAgo": 12.8, "60daysAgo": 12.8, "90daysAgo": 12.8}, "epsRevisions": {"upLast7days": 0, "upLast30days": 0, "downLast30days": 0, "downLast90days": {}}}, {"maxAge": 1, "period": "+5y", "endDate": null, "growth": 0.17, "earningsEstimate": {"avg": {}, "low": {}, "high": {}, "yearAgoEps": {}, "numberOfAnalysts": {}, "growth": {}}, "revenueEstimate": {"avg": {}, "low": {}, "high": {}, "numberOfAnalysts": {}, "yearAgoRevenue": {}, "growth": {}}, "epsTrend": {"current": {}, "7daysAgo": {}, "30daysAgo": {}, "60daysAgo": {}, "90daysAgo": {}}, "epsRevisions": {"upLast7days": {}, "upLast30days": {}, "downLast30days": {}, "downLast90days": {}}}, {"maxAge": 1, "period": "-5y", "endDate": null, "growth": {}, "earningsEstimate": {"avg": {}, "low": {}, "high": {}, "yearAgoEps": {}, "numberOfAnalysts": {}, "growth": {}}, "revenueEstimate": {"avg": {}, "low": {}, "high": {}, "numberOfAnalysts": {}, "yearAgoRevenue": {}, "growth": {}}, "epsTrend": {"current": {}, "7daysAgo": {}, "30daysAgo": {}, "60daysAgo": {}, "90daysAgo": {}}, "epsRevisions": {"upLast7days": {}, "upLast30days": {}, "downLast30days": {}, "downLast90days": {}}}], "maxAge": 1}, "financialData": {"maxAge": 86400, "currentPrice": 23.2, "targetHighPrice": 468.0, "targetLowPrice": 390.0, "targetMeanPrice": 426.9, "targetMedianPrice": 430.0, "recommendationKey": "none", "numberOfAnalystOpinions": 10, "grossProfits": 1707931000, "financialCurrency": "INR"}}}