{"RADICO.NS": {"assetProfile": {"address1": "Plot No. J-1", "address2": "Block B-1 Mohan Co-operative Industrial Area Mathura Road", "city": "New Delhi", "zip": "110044", "country": "India", "phone": "91 11 4097 5444", "fax": "91 11 4167 8841", "website": "http://www.radicokhaitan.com", "industry": "Beverages\u2014Wineries & Distilleries", "sector": "Consumer Defensive", "longBusinessSummary": "Radico Khaitan Limited manufactures and sells Indian made foreign liquor (IMFL) in India. The company provides IMFL products in various categories of whisky, brandy, rum, and white spirits under the brand names of Magic Moments and Magic Moments Verve Vodka, Morpheus and Morpheus Blue Brandy, 8PM and 8PM Premium Black Whisky, 1965 The Spirit of Victory Rum, Rampur Indian Single Malt Whisky, Jaisalmer Indian Craft Gin, Contessa Rum, Old Admiral Brandy, After Dark Whisky, Pluton Bay Rum, and Regal Talon Whisky. In addition, it offers bottling services to other spirit manufacturers. The company also exports its products to approximately 85 countries. The company, formerly known as Rampur Distillery Company, was founded in 1943 and is based in New Delhi, India.", "fullTimeEmployees": 1145, "companyOfficers": [{"maxAge": 1, "name": "Dr. Lalit Kumar Khaitan", "age": 76, "title": "Chairman & MD", "yearBorn": 1944, "fiscalYear": 2020, "totalPay": 86861000, "exercisedValue": 0, "unexercisedValue": 0}, {"maxAge": 1, "name": "Mr. Abhishek  Khaitan", "age": 47, "title": "MD & Exec. Director", "yearBorn": 1973, "fiscalYear": 2020, "totalPay": 86668000, "exercisedValue": 0, "unexercisedValue": 0}, {"maxAge": 1, "name": "Mr. Dilip Kumar Banthiya", "age": 56, "title": "Chief Financial Officer", "yearBorn": 1964, "fiscalYear": 2020, "totalPay": 28395000, "exercisedValue": 0, "unexercisedValue": 0}, {"maxAge": 1, "name": "Mr. Krishan Pal Singh B.Sc., B.Sc. & DIFAT", "age": 68, "title": "Whole Time Director, Pres of Production & Director of Operations", "yearBorn": 1952, "fiscalYear": 2020, "totalPay": 24245000, "exercisedValue": 0, "unexercisedValue": 0}, {"maxAge": 1, "name": "Mr. Amar  Sinha", "title": "Chief Operating Officer", "fiscalYear": 2017, "exercisedValue": 0, "unexercisedValue": 0}, {"maxAge": 1, "name": "Alok  Agarwal", "title": "Sr. VP of Fin. & Accounts", "exercisedValue": 0, "unexercisedValue": 0}, {"maxAge": 1, "name": "Saket  Somani", "title": "VP of Fin. & Investor Relations", "exercisedValue": 0, "unexercisedValue": 0}, {"maxAge": 1, "name": "Mr. Dinesh Kumar Gupta", "title": "VP of Legal, Company Sec. & Compliance Officer", "exercisedValue": 0, "unexercisedValue": 0}, {"maxAge": 1, "name": "Mr. Sanjeev  Banga", "age": 55, "title": "Pres of International Bus.", "yearBorn": 1965, "exercisedValue": 0, "unexercisedValue": 0}, {"maxAge": 1, "name": "Mr. Mukesh  Agarwal", "title": "VP of Fin. & Treasury", "exercisedValue": 0, "unexercisedValue": 0}], "auditRisk": 4, "boardRisk": 5, "compensationRisk": 6, "shareHolderRightsRisk": 1, "overallRisk": 2, "governanceEpochDate": "2021-04-01 05:30:00", "compensationAsOfEpochDate": "2020-12-31 05:30:00", "maxAge": 86400}, "recommendationTrend": {"trend": [{"period": "0m", "strongBuy": 0, "buy": 0, "hold": 0, "sell": 0, "strongSell": 0}, {"period": "-1m", "strongBuy": 1, "buy": 2, "hold": 0, "sell": 0, "strongSell": 0}, {"period": "-2m", "strongBuy": 1, "buy": 1, "hold": 0, "sell": 0, "strongSell": 0}, {"period": "-3m", "strongBuy": 1, "buy": 3, "hold": 0, "sell": 0, "strongSell": 0}], "maxAge": 86400}, "cashflowStatementHistory": {"cashflowStatements": [{"maxAge": 1, "endDate": "2020-03-31", "netIncome": 2291399000, "depreciation": 523271000, "changeToNetincome": 116798000, "changeToAccountReceivables": -2022330000, "changeToLiabilities": 194021000, "changeToInventory": -232125000, "changeToOperatingActivities": -276162000, "totalCashFromOperatingActivities": 596874000, "capitalExpenditures": -798304000, "otherCashflowsFromInvestingActivities": 108255000, "totalCashflowsFromInvestingActivities": -684817000, "dividendsPaid": -160091000, "netBorrowings": 899556000, "otherCashflowsFromFinancingActivities": -315469000, "totalCashFromFinancingActivities": 437086000, "changeInCash": 349143000, "issuanceOfStock": 13090000}, {"maxAge": 1, "endDate": "2019-03-31", "netIncome": 1941329000, "depreciation": 421849000, "changeToNetincome": 462643000, "changeToAccountReceivables": -168011000, "changeToLiabilities": 307007000, "changeToInventory": -496915000, "changeToOperatingActivities": 616484000, "totalCashFromOperatingActivities": 3086895000, "capitalExpenditures": -758385000, "investments": 500000000, "otherCashflowsFromInvestingActivities": 195264000, "totalCashflowsFromInvestingActivities": -65489000, "dividendsPaid": -133307000, "netBorrowings": -1738877000, "otherCashflowsFromFinancingActivities": -397831000, "totalCashFromFinancingActivities": -2259334000, "changeInCash": 762072000, "issuanceOfStock": 10681000}, {"maxAge": 1, "endDate": "2018-03-31", "netIncome": 1239614000, "depreciation": 399106000, "changeToNetincome": 797347000, "changeToAccountReceivables": -142305000, "changeToLiabilities": 288116000, "changeToInventory": -184708000, "changeToOperatingActivities": 750701000, "totalCashFromOperatingActivities": 3157767000, "capitalExpenditures": -436476000, "investments": 500000000, "otherCashflowsFromInvestingActivities": 226941000, "totalCashflowsFromInvestingActivities": -207602000, "dividendsPaid": -106515000, "netBorrowings": -2127291000, "otherCashflowsFromFinancingActivities": -720980000, "totalCashFromFinancingActivities": -2925669000, "changeInCash": 24496000, "issuanceOfStock": 29117000}, {"maxAge": 1, "endDate": "2017-03-31", "netIncome": 801678000, "depreciation": 404046000, "changeToNetincome": 772855000, "changeToAccountReceivables": -127956000, "changeToLiabilities": 93132000, "changeToInventory": -189586000, "changeToOperatingActivities": 752916000, "totalCashFromOperatingActivities": 2520071000, "capitalExpenditures": -190568000, "investments": 8124000, "otherCashflowsFromInvestingActivities": 196185000, "totalCashflowsFromInvestingActivities": 30157000, "dividendsPaid": -106431000, "netBorrowings": -1408787000, "otherCashflowsFromFinancingActivities": -824551000, "totalCashFromFinancingActivities": -2339769000, "changeInCash": 210459000, "issuanceOfStock": 29117000}], "maxAge": 86400}, "indexTrend": {"maxAge": 1, "symbol": "SP5", "peRatio": 19.7411, "pegRatio": 1.34172, "estimates": [{"period": "0q", "growth": 0.549}, {"period": "+1q", "growth": 0.431}, {"period": "0y", "growth": 0.305}, {"period": "+1y", "growth": 0.109}, {"period": "+5y", "growth": 0.120865}, {"period": "-5y"}]}, "defaultKeyStatistics": {"maxAge": 1, "priceHint": 2, "enterpriseValue": 78964244480, "forwardPE": 38.595238, "profitMargins": 0.10235, "floatShares": 110034421, "sharesOutstanding": 133568000, "heldPercentInsiders": 0.50833, "heldPercentInstitutions": 0.25447, "beta": 0.811786, "category": null, "bookValue": 118.679, "priceToBook": 4.7805424, "fundFamily": null, "legalType": null, "lastFiscalYearEnd": "2020-03-31 05:30:00", "nextFiscalYearEnd": "2022-03-31 05:30:00", "mostRecentQuarter": "2020-12-31 05:30:00", "earningsQuarterlyGrowth": 0.407, "netIncomeToCommon": 2362976000, "trailingEps": 17.702, "forwardEps": 9.01, "pegRatio": 4.43, "lastSplitFactor": "1:10", "lastSplitDate": "2003-02-07 05:30:00", "enterpriseToRevenue": 3.42, "enterpriseToEbitda": 20.585}, "industryTrend": {"maxAge": 1, "symbol": null, "estimates": []}, "quoteType": {"exchange": "NSI", "quoteType": "EQUITY", "symbol": "RADICO.NS", "underlyingSymbol": "RADICO.NS", "shortName": "RADICO KHAITAN", "longName": "Radico Khaitan Limited", "firstTradeDateEpochUtc": "2003-06-18 09:15:00", "timeZoneFullName": "Asia/Kolkata", "timeZoneShortName": "IST", "uuid": "54303c63-4c1f-3542-a0d7-58f3f4d84768", "gmtOffSetMilliseconds": 19800000, "maxAge": 1}, "incomeStatementHistory": {"incomeStatementHistory": [{"maxAge": 1, "endDate": "2020-03-31", "totalRevenue": 24270402000, "costOfRevenue": 12871763000, "grossProfit": 11398639000, "researchDevelopment": {}, "sellingGeneralAdministrative": 3275839000, "nonRecurring": {}, "otherOperatingExpenses": 4442274000, "totalOperatingExpenses": 21110556000, "operatingIncome": 3159846000, "totalOtherIncomeExpenseNet": -416587000, "ebit": 3159846000, "interestExpense": -308913000, "incomeBeforeTax": 2743259000, "incomeTaxExpense": 451860000, "minorityInterest": {}, "netIncomeFromContinuingOps": 2291399000, "discontinuedOperations": {}, "extraordinaryItems": {}, "effectOfAccountingCharges": {}, "otherItems": {}, "netIncome": 2291399000, "netIncomeApplicableToCommonShares": 2291399000}, {"maxAge": 1, "endDate": "2019-03-31", "totalRevenue": 20969454000, "costOfRevenue": 10394002000, "grossProfit": 10575452000, "researchDevelopment": {}, "sellingGeneralAdministrative": 3190122000, "nonRecurring": {}, "otherOperatingExpenses": 3860521000, "totalOperatingExpenses": 17864410000, "operatingIncome": 3105044000, "totalOtherIncomeExpenseNet": -187268000, "ebit": 3105044000, "interestExpense": -342729000, "incomeBeforeTax": 2917776000, "incomeTaxExpense": 976447000, "minorityInterest": {}, "netIncomeFromContinuingOps": 1941329000, "discontinuedOperations": {}, "extraordinaryItems": {}, "effectOfAccountingCharges": {}, "otherItems": {}, "netIncome": 1941329000, "netIncomeApplicableToCommonShares": 1941329000}, {"maxAge": 1, "endDate": "2018-03-31", "totalRevenue": 18227659000, "costOfRevenue": 9734493000, "grossProfit": 8493166000, "researchDevelopment": {}, "sellingGeneralAdministrative": 2505453000, "nonRecurring": {}, "otherOperatingExpenses": 3324517000, "totalOperatingExpenses": 15968872000, "operatingIncome": 2258787000, "totalOtherIncomeExpenseNet": -380910000, "ebit": 2258787000, "interestExpense": -663297000, "incomeBeforeTax": 1877877000, "incomeTaxExpense": 638263000, "minorityInterest": {}, "netIncomeFromContinuingOps": 1239614000, "discontinuedOperations": {}, "extraordinaryItems": {}, "effectOfAccountingCharges": {}, "otherItems": {}, "netIncome": 1239614000, "netIncomeApplicableToCommonShares": 1239614000}, {"maxAge": 1, "endDate": "2017-03-31", "totalRevenue": 16799013000, "costOfRevenue": 9394708000, "grossProfit": 7404305000, "researchDevelopment": {}, "sellingGeneralAdministrative": 2288569000, "nonRecurring": {}, "otherOperatingExpenses": 2996766000, "totalOperatingExpenses": 15092482000, "operatingIncome": 1706531000, "totalOtherIncomeExpenseNet": -617044000, "ebit": 1706531000, "interestExpense": -785540000, "incomeBeforeTax": 1089487000, "incomeTaxExpense": 287809000, "minorityInterest": {}, "netIncomeFromContinuingOps": 801678000, "discontinuedOperations": {}, "extraordinaryItems": {}, "effectOfAccountingCharges": {}, "otherItems": {}, "netIncome": 801678000, "netIncomeApplicableToCommonShares": 801678000}], "maxAge": 86400}, "fundOwnership": {"ownershipList": [{"maxAge": 1, "reportDate": "2021-01-31", "organization": "Vanguard International Stock Index-Total Intl Stock Indx", "pctHeld": 0.0058999998, "position": 794730, "value": 388980598}, {"maxAge": 1, "reportDate": "2021-01-31", "organization": "Vanguard International Stock Index-Emerging Markets Stk", "pctHeld": 0.0054, "position": 717962, "value": 351406500}, {"maxAge": 1, "reportDate": "2021-03-31", "organization": "iShares Core MSCI Emerging Markets ETF", "pctHeld": 0.0047999998, "position": 639086, "value": 357920114}, {"maxAge": 1, "reportDate": "2020-12-31", "organization": "Alps Series Tr-Seven Canyons World Innovators Fd", "pctHeld": 0.0037, "position": 500000, "value": 228650000}, {"maxAge": 1, "reportDate": "2021-01-31", "organization": "DFA Emerging Markets Core Equity Portfolio", "pctHeld": 0.0034, "position": 448702, "value": 219617193}, {"maxAge": 1, "reportDate": "2021-01-31", "organization": "DFA Emerging Markets Small Cap Series", "pctHeld": 0.0022, "position": 290866, "value": 142364363}, {"maxAge": 1, "reportDate": "2021-03-31", "organization": "iShares Core MSCI Total International Stock ETF", "pctHeld": 0.0013, "position": 167062, "value": 93563073}, {"maxAge": 1, "reportDate": "2021-01-31", "organization": "Vanguard Intl Equity Index Fds-FTSE All World ex U.S.Small Cap Index", "pctHeld": 0.0011999999, "position": 165954, "value": 81226185}, {"maxAge": 1, "reportDate": "2020-12-31", "organization": "Alps Series Tr-Seven Canyons Strategic Income Fd", "pctHeld": 0.0011, "position": 144000, "value": 65851200}, {"maxAge": 1, "reportDate": "2021-03-31", "organization": "iShares MSCI India Small Cap ETF", "pctHeld": 0.00090000004, "position": 124670, "value": 69821433}], "maxAge": 1}, "summaryDetail": {"maxAge": 1, "priceHint": 2, "previousClose": 574.55, "open": 574.5, "dayLow": 563.2, "dayHigh": 582.95, "regularMarketPreviousClose": 574.55, "regularMarketOpen": 574.5, "regularMarketDayLow": 563.2, "regularMarketDayHigh": 582.95, "dividendRate": 2.0, "dividendYield": 0.0034999999, "exDividendDate": "2020-08-21 05:30:00", "payoutRatio": 0.11310001, "beta": 0.811786, "trailingPE": 32.05005, "forwardPE": 62.968918, "volume": 166671, "regularMarketVolume": 166671, "averageVolume": 457173, "averageVolume10days": 224469, "averageDailyVolume10Day": 224469, "bid": 0.0, "ask": 0.0, "bidSize": 0, "askSize": 0, "marketCap": 75793416192, "fiftyTwoWeekLow": 273.05, "fiftyTwoWeekHigh": 650.0, "priceToSalesTrailing12Months": 3.2828498, "fiftyDayAverage": 565.70294, "twoHundredDayAverage": 484.73795, "trailingAnnualDividendRate": 2.0, "trailingAnnualDividendYield": 0.0034809853, "currency": "INR", "fromCurrency": null, "lastMarket": null, "algorithm": null, "tradeable": false}, "insiderHolders": {"holders": [{"maxAge": 1, "name": "Agarwal (Mukesh)", "relation": "UNREPORTED", "url": "", "transactionDescription": "Acquisition", "latestTransDate": "2021-02-01", "positionDirect": 5000, "positionDirectDate": "2021-02-01"}, {"maxAge": 1, "name": "Devi (Shailja)", "relation": "Director (Non-Executive)", "url": "", "transactionDescription": "Acquisition", "latestTransDate": "2019-09-05", "positionIndirect": 207950, "positionIndirectDate": 1567641600}, {"maxAge": 1, "name": "Sapphire Intrex Ltd", "relation": "Promoter", "url": "", "transactionDescription": "Acquisition", "latestTransDate": "2012-01-30", "positionDirect": 33888011, "positionDirectDate": "2012-01-30"}, {"maxAge": 1, "name": "Shailaja Finance Ltd", "relation": "Promoter", "url": "", "transactionDescription": "Acquisition", "latestTransDate": "2012-08-09", "positionDirect": 11491087, "positionDirectDate": "2012-08-09"}, {"maxAge": 1, "name": "Singh (Krishan Pal)", "relation": "UNREPORTED", "url": "", "transactionDescription": "Sale", "latestTransDate": "2021-03-30", "positionDirect": 38789, "positionDirectDate": "2021-03-30"}], "maxAge": 1}, "calendarEvents": {"maxAge": 1, "earnings": {"earningsDate": [], "earningsAverage": 3.1, "earningsLow": 3.1, "earningsHigh": 3.1, "revenueAverage": 4944000000, "revenueLow": 4936000000, "revenueHigh": 4952000000}, "exDividendDate": "2020-08-21 05:30:00"}, "upgradeDowngradeHistory": {"history": [], "maxAge": 86400}, "price": {"maxAge": 1, "regularMarketChangePercent": -0.012531567, "regularMarketChange": -7.200012, "regularMarketTime": "2021-04-30 15:29:58", "priceHint": 2, "regularMarketPrice": 567.35, "regularMarketDayHigh": 582.95, "regularMarketDayLow": 563.2, "regularMarketVolume": 166671, "averageDailyVolume10Day": 224469, "averageDailyVolume3Month": 457173, "regularMarketPreviousClose": 574.55, "regularMarketSource": "FREE_REALTIME", "regularMarketOpen": 574.5, "exchange": "NSI", "exchangeName": "NSE", "exchangeDataDelayedBy": 15, "marketState": "CLOSED", "quoteType": "EQUITY", "symbol": "RADICO.NS", "underlyingSymbol": null, "shortName": "RADICO KHAITAN", "longName": "Radico Khaitan Limited", "currency": "INR", "quoteSourceName": "Delayed Quote", "currencySymbol": "\u20b9", "fromCurrency": null, "lastMarket": null, "marketCap": 75793416192}, "balanceSheetHistory": {"balanceSheetStatements": [{"maxAge": 1, "endDate": "2020-03-31", "cash": 101043000, "netReceivables": 9586676000, "inventory": 3741754000, "otherCurrentAssets": 527189000, "totalCurrentAssets": 14220510000, "longTermInvestments": 1777995000, "propertyPlantEquipment": 7476189000, "intangibleAssets": 138895000, "otherAssets": 1214416000, "totalAssets": 24828005000, "accountsPayable": 2642378000, "shortLongTermDebt": 13725000, "otherCurrentLiab": 829099000, "longTermDebt": 15331000, "otherLiab": 912640000, "totalCurrentLiabilities": 8434456000, "totalLiab": 9398636000, "commonStock": 267069000, "retainedEarnings": 11351643000, "treasuryStock": 2499000, "capitalSurplus": 3808158000, "otherStockholderEquity": 2499000, "totalStockholderEquity": 15429369000, "netTangibleAssets": 15290474000}, {"maxAge": 1, "endDate": "2019-03-31", "cash": 82540000, "netReceivables": 7883884000, "inventory": 3597129000, "otherCurrentAssets": 374746000, "totalCurrentAssets": 12253949000, "longTermInvestments": 1761903000, "propertyPlantEquipment": 7139224000, "intangibleAssets": 160179000, "otherAssets": 1198782000, "totalAssets": 22514037000, "accountsPayable": 2448357000, "shortLongTermDebt": 137668000, "otherCurrentLiab": 1070338000, "longTermDebt": 216556000, "otherLiab": 1150791000, "totalCurrentLiabilities": 7789271000, "totalLiab": 9156618000, "commonStock": 266819000, "retainedEarnings": 9293643000, "treasuryStock": 3949000, "capitalSurplus": 3793008000, "otherStockholderEquity": 3949000, "totalStockholderEquity": 13357419000, "netTangibleAssets": 13197240000}, {"maxAge": 1, "endDate": "2018-03-31", "cash": 167651000, "netReceivables": 7857651000, "inventory": 3108568000, "otherCurrentAssets": 520544000, "totalCurrentAssets": 12389428000, "longTermInvestments": 1701206000, "propertyPlantEquipment": 6878815000, "intangibleAssets": 178010000, "otherAssets": 1311410000, "totalAssets": 22458869000, "accountsPayable": 2141350000, "shortLongTermDebt": 698517000, "otherCurrentLiab": 590285000, "longTermDebt": 343979000, "otherLiab": 1033378000, "totalCurrentLiabilities": 9512770000, "totalLiab": 10890381000, "commonStock": 266615000, "retainedEarnings": 7517200000, "treasuryStock": 4028000, "capitalSurplus": 3780645000, "otherStockholderEquity": 4028000, "totalStockholderEquity": 11568488000, "netTangibleAssets": 11390478000}, {"maxAge": 1, "endDate": "2017-03-31", "cash": 81109000, "netReceivables": 7548231000, "inventory": 2930332000, "otherCurrentAssets": 363594000, "totalCurrentAssets": 11638850000, "longTermInvestments": 1696276000, "propertyPlantEquipment": 6850734000, "intangibleAssets": 209481000, "otherAssets": 1948832000, "totalAssets": 22344173000, "accountsPayable": 1853234000, "shortLongTermDebt": 1448215000, "otherCurrentLiab": 559220000, "longTermDebt": 1033077000, "otherLiab": 784187000, "totalCurrentLiabilities": 10085431000, "totalLiab": 11902942000, "commonStock": 266078000, "retainedEarnings": 6419800000, "treasuryStock": 8425000, "capitalSurplus": 3746928000, "otherStockholderEquity": 8425000, "totalStockholderEquity": 10441231000, "netTangibleAssets": 10231750000}], "maxAge": 86400}, "earningsTrend": {"trend": [{"maxAge": 1, "period": "0q", "endDate": "2018-06-30", "growth": 1.5, "earningsEstimate": {"avg": 3.1, "low": 3.1, "high": 3.1, "yearAgoEps": 1.24, "numberOfAnalysts": 1, "growth": 1.5}, "revenueEstimate": {"avg": 4944000000, "low": 4936000000, "high": 4952000000, "numberOfAnalysts": 2, "yearAgoRevenue": 4112930000, "growth": 0.202}, "epsTrend": {"current": 3.1, "7daysAgo": 0.0, "30daysAgo": 0.0, "60daysAgo": 0.0, "90daysAgo": 0.0}, "epsRevisions": {"upLast7days": 0, "upLast30days": 0, "downLast30days": 0, "downLast90days": {}}}, {"maxAge": 1, "period": "+1q", "endDate": "2018-09-30", "growth": {}, "earningsEstimate": {"avg": 0.0, "low": 0.0, "high": 0.0, "yearAgoEps": 1.93, "numberOfAnalysts": 0, "growth": {}}, "revenueEstimate": {"avg": 0, "low": 0, "high": 0, "numberOfAnalysts": 0, "yearAgoRevenue": {}, "growth": {}}, "epsTrend": {"current": 0.0, "7daysAgo": 0.0, "30daysAgo": 0.0, "60daysAgo": 0.0, "90daysAgo": 0.0}, "epsRevisions": {"upLast7days": 0, "upLast30days": 0, "downLast30days": 0, "downLast90days": {}}}, {"maxAge": 1, "period": "0y", "endDate": "2019-03-31", "growth": 0.292, "earningsEstimate": {"avg": 11.95, "low": 11.6, "high": 12.3, "yearAgoEps": 9.25, "numberOfAnalysts": 2, "growth": 0.292}, "revenueEstimate": {"avg": 19902000000, "low": 19718000000, "high": 20086000000, "numberOfAnalysts": 2, "yearAgoRevenue": 18227700000, "growth": 0.092}, "epsTrend": {"current": 11.95, "7daysAgo": 11.95, "30daysAgo": 11.81, "60daysAgo": 11.81, "90daysAgo": 10.98}, "epsRevisions": {"upLast7days": 0, "upLast30days": 0, "downLast30days": 0, "downLast90days": {}}}, {"maxAge": 1, "period": "+1y", "endDate": "2020-03-31", "growth": 0.23, "earningsEstimate": {"avg": 14.7, "low": 13.8, "high": 15.6, "yearAgoEps": 11.95, "numberOfAnalysts": 2, "growth": 0.23}, "revenueEstimate": {"avg": 21598500000, "low": 21321000000, "high": 21876000000, "numberOfAnalysts": 2, "yearAgoRevenue": 19902000000, "growth": 0.085}, "epsTrend": {"current": 14.7, "7daysAgo": 14.7, "30daysAgo": 14.7, "60daysAgo": 14.7, "90daysAgo": 13.4}, "epsRevisions": {"upLast7days": 0, "upLast30days": 0, "downLast30days": 0, "downLast90days": {}}}, {"maxAge": 1, "period": "+5y", "endDate": null, "growth": 0.07, "earningsEstimate": {"avg": {}, "low": {}, "high": {}, "yearAgoEps": {}, "numberOfAnalysts": {}, "growth": {}}, "revenueEstimate": {"avg": {}, "low": {}, "high": {}, "numberOfAnalysts": {}, "yearAgoRevenue": {}, "growth": {}}, "epsTrend": {"current": {}, "7daysAgo": {}, "30daysAgo": {}, "60daysAgo": {}, "90daysAgo": {}}, "epsRevisions": {"upLast7days": {}, "upLast30days": {}, "downLast30days": {}, "downLast90days": {}}}, {"maxAge": 1, "period": "-5y", "endDate": null, "growth": 0.08384, "earningsEstimate": {"avg": {}, "low": {}, "high": {}, "yearAgoEps": {}, "numberOfAnalysts": {}, "growth": {}}, "revenueEstimate": {"avg": {}, "low": {}, "high": {}, "numberOfAnalysts": {}, "yearAgoRevenue": {}, "growth": {}}, "epsTrend": {"current": {}, "7daysAgo": {}, "30daysAgo": {}, "60daysAgo": {}, "90daysAgo": {}}, "epsRevisions": {"upLast7days": {}, "upLast30days": {}, "downLast30days": {}, "downLast90days": {}}}], "maxAge": 1}, "institutionOwnership": {"ownershipList": [], "maxAge": 1}, "majorHoldersBreakdown": {"maxAge": 1, "insidersPercentHeld": 0.50833, "institutionsPercentHeld": 0.25447, "institutionsFloatPercentHeld": 0.51757, "institutionsCount": 37}, "balanceSheetHistoryQuarterly": {"balanceSheetStatements": [{"maxAge": 1, "endDate": "2020-12-31", "totalStockholderEquity": 16349757000, "netTangibleAssets": 16222785000}, {"maxAge": 1, "endDate": "2020-09-30", "cash": 585407000, "shortTermInvestments": 235080000, "netReceivables": 8048960000, "inventory": 4468820000, "otherCurrentAssets": 1301492000, "totalCurrentAssets": 14639759000, "longTermInvestments": 1816981000, "propertyPlantEquipment": 7638313000, "intangibleAssets": 126972000, "otherAssets": 1022101000, "totalAssets": 25244126000, "accountsPayable": 2513790000, "otherCurrentLiab": 1579637000, "longTermDebt": 8065000, "otherLiab": 929967000, "totalCurrentLiabilities": 7956337000, "totalLiab": 8894369000, "commonStock": 267085000, "treasuryStock": 16082672000, "otherStockholderEquity": 16082672000, "totalStockholderEquity": 16349757000, "netTangibleAssets": 16222785000}, {"maxAge": 1, "endDate": "2020-06-30", "totalStockholderEquity": 15429369000, "netTangibleAssets": 15290474000}, {"maxAge": 1, "endDate": "2020-03-31", "cash": 101043000, "netReceivables": 9586676000, "inventory": 3741754000, "otherCurrentAssets": 527189000, "totalCurrentAssets": 14220510000, "longTermInvestments": 1777995000, "propertyPlantEquipment": 7476189000, "intangibleAssets": 138895000, "otherAssets": 1214416000, "totalAssets": 24828005000, "accountsPayable": 2642378000, "shortLongTermDebt": 13725000, "otherCurrentLiab": 829099000, "longTermDebt": 15331000, "otherLiab": 912640000, "totalCurrentLiabilities": 8434456000, "totalLiab": 9398636000, "commonStock": 267069000, "retainedEarnings": 11351643000, "treasuryStock": 2499000, "capitalSurplus": 3808158000, "otherStockholderEquity": 2499000, "totalStockholderEquity": 15429369000, "netTangibleAssets": 15290474000}], "maxAge": 86400}, "earningsHistory": {"history": [{"maxAge": 1, "epsActual": 1.24, "epsEstimate": 1.4, "epsDifference": -0.16, "surprisePercent": -0.11399999, "quarter": "2017-03-31", "period": "-4q"}, {"maxAge": 1, "epsActual": 1.93, "epsEstimate": 1.3, "epsDifference": 0.63, "surprisePercent": 0.485, "quarter": "2017-06-30", "period": "-3q"}, {"maxAge": 1, "epsActual": 2.63, "epsEstimate": 2.26, "epsDifference": 0.37, "surprisePercent": 0.16399999, "quarter": "2017-12-31", "period": "-2q"}, {"maxAge": 1, "epsActual": 2.56, "epsEstimate": 1.9, "epsDifference": 0.66, "surprisePercent": 0.347, "quarter": "2018-03-31", "period": "-1q"}], "maxAge": 86400}, "summaryProfile": {"address1": "Plot No. J-1", "address2": "Block B-1 Mohan Co-operative Industrial Area Mathura Road", "city": "New Delhi", "zip": "110044", "country": "India", "phone": "91 11 4097 5444", "fax": "91 11 4167 8841", "website": "http://www.radicokhaitan.com", "industry": "Beverages\u2014Wineries & Distilleries", "sector": "Consumer Defensive", "longBusinessSummary": "Radico Khaitan Limited manufactures and sells Indian made foreign liquor (IMFL) in India. The company provides IMFL products in various categories of whisky, brandy, rum, and white spirits under the brand names of Magic Moments and Magic Moments Verve Vodka, Morpheus and Morpheus Blue Brandy, 8PM and 8PM Premium Black Whisky, 1965 The Spirit of Victory Rum, Rampur Indian Single Malt Whisky, Jaisalmer Indian Craft Gin, Contessa Rum, Old Admiral Brandy, After Dark Whisky, Pluton Bay Rum, and Regal Talon Whisky. In addition, it offers bottling services to other spirit manufacturers. The company also exports its products to approximately 85 countries. The company, formerly known as Rampur Distillery Company, was founded in 1943 and is based in New Delhi, India.", "fullTimeEmployees": 1145, "companyOfficers": [], "maxAge": 86400}, "netSharePurchaseActivity": {"maxAge": 1, "period": "6m", "buyInfoCount": 0, "buyInfoShares": 0, "sellInfoCount": 0, "netInfoCount": 0, "netInfoShares": 0, "netPercentInsiderShares": 0.0, "totalInsiderShares": 67846240}, "insiderTransactions": {"transactions": [{"maxAge": 1, "shares": 10898, "value": 84185, "filerUrl": "", "transactionText": "Sale at price 7.72 per share.", "filerName": "Singh (Krishan Pal)", "filerRelation": "UNREPORTED", "moneyText": "", "startDate": "2021-03-30", "ownership": "D"}, {"maxAge": 1, "shares": 5000, "value": 35056, "filerUrl": "", "transactionText": "Acquisition at price 7.01 per share.", "filerName": "Agarwal (Mukesh)", "filerRelation": "UNREPORTED", "moneyText": "", "startDate": "2021-02-01", "ownership": "D"}, {"maxAge": 1, "shares": 0, "filerUrl": "", "transactionText": "", "filerName": "Devi (Shailja)", "filerRelation": "Director (Non-Executive)", "moneyText": "", "startDate": "2019-09-05", "ownership": "I"}, {"maxAge": 1, "shares": 207950, "filerUrl": "", "transactionText": "", "filerName": "Devi (Shailja)", "filerRelation": "Independent Non-Executive Director", "moneyText": "", "startDate": "2019-08-27", "ownership": "D"}, {"maxAge": 1, "shares": 1000, "filerUrl": "", "transactionText": "", "filerName": "Singh (Krishan Pal)", "filerRelation": "Wholetime Director", "moneyText": "", "startDate": "2019-02-06", "ownership": "D"}, {"maxAge": 1, "shares": 15000, "filerUrl": "", "transactionText": "", "filerName": "Singh (Krishan Pal)", "filerRelation": "Wholetime Director", "moneyText": "", "startDate": "2019-02-05", "ownership": "D"}, {"maxAge": 1, "shares": 15000, "filerUrl": "", "transactionText": "", "filerName": "Singh (Krishan Pal)", "filerRelation": "Wholetime Director", "moneyText": "", "startDate": "2019-02-04", "ownership": "D"}, {"maxAge": 1, "shares": 7553, "filerUrl": "", "transactionText": "", "filerName": "Shailaja Finance Ltd", "filerRelation": "Promoter", "moneyText": "", "startDate": "2012-08-09", "ownership": "D"}, {"maxAge": 1, "shares": 209788, "filerUrl": "", "transactionText": "", "filerName": "Shailaja Finance Ltd", "filerRelation": "Promoter", "moneyText": "", "startDate": "2012-08-07", "ownership": "D"}, {"maxAge": 1, "shares": 69245, "filerUrl": "", "transactionText": "", "filerName": "Shailaja Finance Ltd", "filerRelation": "Promoter", "moneyText": "", "startDate": "2012-08-06", "ownership": "D"}, {"maxAge": 1, "shares": 10558, "filerUrl": "", "transactionText": "", "filerName": "Sapphire Intrex Ltd", "filerRelation": "Promoter", "moneyText": "", "startDate": "2012-01-30", "ownership": "D"}, {"maxAge": 1, "shares": 61643, "filerUrl": "", "transactionText": "", "filerName": "Sapphire Intrex Ltd", "filerRelation": "Promoter", "moneyText": "", "startDate": "2012-01-23", "ownership": "D"}], "maxAge": 1}, "sectorTrend": {"maxAge": 1, "symbol": null, "estimates": []}, "incomeStatementHistoryQuarterly": {"incomeStatementHistory": [{"maxAge": 1, "endDate": "2020-12-31", "totalRevenue": 6841804000, "costOfRevenue": 3366400000, "grossProfit": 3475404000, "researchDevelopment": {}, "sellingGeneralAdministrative": 1394347000, "nonRecurring": {}, "otherOperatingExpenses": 835838000, "totalOperatingExpenses": 5732123000, "operatingIncome": 1109681000, "totalOtherIncomeExpenseNet": 7585000, "ebit": 1109681000, "interestExpense": -53855000, "incomeBeforeTax": 1117266000, "incomeTaxExpense": 276412000, "minorityInterest": {}, "netIncomeFromContinuingOps": 840854000, "discontinuedOperations": {}, "extraordinaryItems": {}, "effectOfAccountingCharges": {}, "otherItems": {}, "netIncome": 840854000, "netIncomeApplicableToCommonShares": 840854000}, {"maxAge": 1, "endDate": "2020-09-30", "totalRevenue": 6300513000, "costOfRevenue": 3218135000, "grossProfit": 3082378000, "researchDevelopment": {}, "sellingGeneralAdministrative": 1236054000, "nonRecurring": {}, "otherOperatingExpenses": 773977000, "totalOperatingExpenses": 5360908000, "operatingIncome": 939605000, "totalOtherIncomeExpenseNet": 5714000, "ebit": 939605000, "interestExpense": -54364000, "incomeBeforeTax": 945319000, "incomeTaxExpense": 198638000, "minorityInterest": {}, "netIncomeFromContinuingOps": 746681000, "discontinuedOperations": {}, "extraordinaryItems": {}, "effectOfAccountingCharges": {}, "otherItems": {}, "netIncome": 746681000, "netIncomeApplicableToCommonShares": 746681000}, {"maxAge": 1, "endDate": "2020-06-30", "totalRevenue": 4091512000, "costOfRevenue": 1856186000, "grossProfit": 2235326000, "researchDevelopment": {}, "sellingGeneralAdministrative": 881544000, "nonRecurring": {}, "otherOperatingExpenses": 595826000, "totalOperatingExpenses": 3462308000, "operatingIncome": 629204000, "totalOtherIncomeExpenseNet": -39030000, "ebit": 629204000, "interestExpense": -65700000, "incomeBeforeTax": 590174000, "incomeTaxExpense": 141461000, "minorityInterest": {}, "netIncomeFromContinuingOps": 448713000, "discontinuedOperations": {}, "extraordinaryItems": {}, "effectOfAccountingCharges": {}, "otherItems": {}, "netIncome": 448713000, "netIncomeApplicableToCommonShares": 448713000}, {"maxAge": 1, "endDate": "2020-03-31", "totalRevenue": 5853560000, "costOfRevenue": 3383848000, "grossProfit": 2469712000, "researchDevelopment": {}, "sellingGeneralAdministrative": -429801000, "nonRecurring": {}, "otherOperatingExpenses": 2114185000, "totalOperatingExpenses": 5197597000, "operatingIncome": 655963000, "totalOtherIncomeExpenseNet": -173155000, "ebit": 655963000, "interestExpense": -77319000, "incomeBeforeTax": 482808000, "incomeTaxExpense": 156080000, "minorityInterest": {}, "netIncomeFromContinuingOps": 326728000, "discontinuedOperations": {}, "extraordinaryItems": {}, "effectOfAccountingCharges": {}, "otherItems": {}, "netIncome": 326728000, "netIncomeApplicableToCommonShares": 326728000}], "maxAge": 86400}, "cashflowStatementHistoryQuarterly": {"cashflowStatements": [{"maxAge": 1, "endDate": "2020-12-31", "netIncome": 840854000, "changeToLiabilities": 0}, {"maxAge": 1, "endDate": "2020-09-30", "netIncome": 746681000, "changeToLiabilities": 0}, {"maxAge": 1, "endDate": "2020-06-30", "netIncome": 448713000, "changeToLiabilities": 0}, {"maxAge": 1, "endDate": "2020-03-31", "netIncome": 326728000, "changeToLiabilities": 0}], "maxAge": 86400}, "earnings": {"maxAge": 86400, "earningsChart": {"quarterly": [{"date": "1Q2017", "actual": 1.24, "estimate": 1.4}, {"date": "2Q2017", "actual": 1.93, "estimate": 1.3}, {"date": "4Q2017", "actual": 2.63, "estimate": 2.26}, {"date": "1Q2018", "actual": 2.56, "estimate": 1.9}], "currentQuarterEstimate": 3.1, "currentQuarterEstimateDate": "2Q", "currentQuarterEstimateYear": 2018, "earningsDate": []}, "financialsChart": {"yearly": [{"date": 2017, "revenue": 16799013000, "earnings": 801678000}, {"date": 2018, "revenue": 18227659000, "earnings": 1239614000}, {"date": 2019, "revenue": 20969454000, "earnings": 1941329000}, {"date": 2020, "revenue": 24270402000, "earnings": 2291399000}], "quarterly": [{"date": "1Q2020", "revenue": 5853560000, "earnings": 326728000}, {"date": "2Q2020", "revenue": 4091512000, "earnings": 448713000}, {"date": "3Q2020", "revenue": 6300513000, "earnings": 746681000}, {"date": "4Q2020", "revenue": 6841804000, "earnings": 840854000}]}, "financialCurrency": "INR"}, "financialData": {"maxAge": 86400, "currentPrice": 567.35, "targetHighPrice": 547.0, "targetLowPrice": 210.0, "targetMeanPrice": 408.0, "targetMedianPrice": 467.0, "recommendationMean": 1.7, "recommendationKey": "buy", "numberOfAnalystOpinions": 3, "totalCash": 820486976, "totalCashPerShare": 6.147, "ebitda": 3836025856, "totalDebt": 3100185088, "totalRevenue": 23087689728, "debtToEquity": 18.962, "revenuePerShare": 172.961, "grossProfits": 11398639000, "earningsGrowth": 0.413, "revenueGrowth": 0.056, "grossMargins": 0.49036998, "ebitdaMargins": 0.16615, "operatingMargins": 0.14444, "profitMargins": 0.10235, "financialCurrency": "INR"}}}