{"RAFL.BO": {"cashflowStatementHistory": {"cashflowStatements": [{"maxAge": 1, "endDate": "2020-03-31", "netIncome": 97861339, "depreciation": 9398123, "changeToNetincome": -283882, "changeToAccountReceivables": 832456502, "changeToLiabilities": -630683680, "changeToInventory": 8933157, "changeToOperatingActivities": -328690604, "totalCashFromOperatingActivities": -11009045, "capitalExpenditures": -7687825, "investments": 2500000, "totalCashflowsFromInvestingActivities": -5187825, "netBorrowings": 21548316, "totalCashFromFinancingActivities": 21548316, "changeInCash": 5351447}, {"maxAge": 1, "endDate": "2019-03-31", "netIncome": 77463459, "depreciation": 9974481, "changeToNetincome": 242943, "changeToAccountReceivables": -742493581, "changeToLiabilities": 518794716, "changeToInventory": 99901923, "changeToOperatingActivities": 26452106, "totalCashFromOperatingActivities": -9663953, "capitalExpenditures": -2994664, "investments": 8931557, "totalCashflowsFromInvestingActivities": 5936893, "netBorrowings": -6149588, "totalCashFromFinancingActivities": -6149588, "changeInCash": -9876647}, {"maxAge": 1, "endDate": "2018-03-31", "netIncome": 53196095, "depreciation": 10319814, "changeToNetincome": -1019662, "changeToAccountReceivables": -73636487, "changeToLiabilities": 121066217, "changeToInventory": -135313922, "changeToOperatingActivities": 39101608, "totalCashFromOperatingActivities": 13713662, "capitalExpenditures": -6428940, "investments": -2172183, "totalCashflowsFromInvestingActivities": -8601123, "netBorrowings": 3470034, "totalCashFromFinancingActivities": 3470034, "changeInCash": 8582573}, {"maxAge": 1, "endDate": "2017-03-31", "netIncome": 48740620, "depreciation": 11160055, "changeToNetincome": 706081, "changeToAccountReceivables": -17418580, "changeToLiabilities": 22248344, "changeToInventory": -4921756, "changeToOperatingActivities": -50598800, "totalCashFromOperatingActivities": 9915964, "capitalExpenditures": -7997369, "investments": 281514, "totalCashflowsFromInvestingActivities": -7715855, "netBorrowings": 3470034, "otherCashflowsFromFinancingActivities": -5419476, "totalCashFromFinancingActivities": -5419476, "changeInCash": -3219367}], "maxAge": 86400}, "institutionOwnership": {"ownershipList": [], "maxAge": 1}, "balanceSheetHistoryQuarterly": {"balanceSheetStatements": [{"maxAge": 1, "endDate": "2020-03-31", "cash": 10162066, "shortTermInvestments": 9360000, "netReceivables": 16209114, "inventory": 44953540, "otherCurrentAssets": 348540762, "totalCurrentAssets": 429615896, "longTermInvestments": 36915026, "propertyPlantEquipment": 122995820, "intangibleAssets": 1120909, "otherAssets": 1632127, "deferredLongTermAssetCharges": 1632127, "totalAssets": 592279778, "accountsPayable": 28146974, "otherCurrentLiab": 10486719, "longTermDebt": 2116405, "minorityInterest": 53068320, "totalCurrentLiabilities": 60296193, "totalLiab": 62412598, "commonStock": 119175500, "retainedEarnings": 212712860, "capitalSurplus": 144910500, "totalStockholderEquity": 476798860, "netTangibleAssets": 475677951}, {"maxAge": 1, "endDate": "2019-12-31", "cash": 10162066, "shortTermInvestments": 9360000, "netReceivables": 16209114, "inventory": 44953540, "otherCurrentAssets": 348540762, "totalCurrentAssets": 429615896, "longTermInvestments": 36915026, "propertyPlantEquipment": 122995820, "intangibleAssets": 1120909, "otherAssets": 1632127, "deferredLongTermAssetCharges": 1632127, "totalAssets": 592279778, "accountsPayable": 28146974, "otherCurrentLiab": 10486719, "longTermDebt": 2116405, "minorityInterest": 53068320, "totalCurrentLiabilities": 60296193, "totalLiab": 62412598, "commonStock": 119175500, "retainedEarnings": 212712860, "capitalSurplus": 144910500, "totalStockholderEquity": 476798860, "netTangibleAssets": 475677951}, {"maxAge": 1, "endDate": "2019-09-30", "cash": 20613000, "shortTermInvestments": 9360000, "netReceivables": 316757000, "inventory": 36594000, "totalCurrentAssets": 383324000, "longTermInvestments": 39415000, "propertyPlantEquipment": 122671000, "intangibleAssets": 1121000, "otherAssets": 1348000, "deferredLongTermAssetCharges": 1348000, "totalAssets": 547879000, "accountsPayable": 69778000, "otherCurrentLiab": 17962000, "longTermDebt": 1233000, "minorityInterest": 46920000, "totalCurrentLiabilities": 87740000, "totalLiab": 88973000, "commonStock": 119176000, "treasuryStock": 292810000, "otherStockholderEquity": 292810000, "totalStockholderEquity": 411986000, "netTangibleAssets": 410865000}, {"maxAge": 1, "endDate": "2019-06-30", "cash": 20613000, "shortTermInvestments": 9360000, "netReceivables": 316757000, "inventory": 36594000, "totalCurrentAssets": 383324000, "longTermInvestments": 39415000, "propertyPlantEquipment": 122671000, "intangibleAssets": 1121000, "otherAssets": 1348000, "deferredLongTermAssetCharges": 1348000, "totalAssets": 547879000, "accountsPayable": 69778000, "otherCurrentLiab": 17962000, "longTermDebt": 1233000, "minorityInterest": 46920000, "totalCurrentLiabilities": 87740000, "totalLiab": 88973000, "commonStock": 119176000, "treasuryStock": 292810000, "otherStockholderEquity": 292810000, "totalStockholderEquity": 411986000, "netTangibleAssets": 410865000}], "maxAge": 86400}, "indexTrend": {"maxAge": 1, "symbol": "SP5", "peRatio": 19.7411, "pegRatio": 1.34172, "estimates": [{"period": "0q", "growth": 0.549}, {"period": "+1q", "growth": 0.431}, {"period": "0y", "growth": 0.305}, {"period": "+1y", "growth": 0.109}, {"period": "+5y", "growth": 0.120859005}, {"period": "-5y"}]}, "insiderTransactions": {"transactions": [{"maxAge": 1, "shares": 0, "filerUrl": "", "transactionText": "", "filerName": "Kavya Agarwal Education Trust", "filerRelation": "Institution- Corporation", "moneyText": "", "startDate": "2016-10-25", "ownership": "I"}, {"maxAge": 1, "shares": 12500, "filerUrl": "", "transactionText": "", "filerName": "Kavya Agarwal Education Trust", "filerRelation": "Institution- Corporation", "moneyText": "", "startDate": "2016-10-18", "ownership": "D"}, {"maxAge": 1, "shares": 2500, "filerUrl": "", "transactionText": "", "filerName": "Deeksha Agarwal Education & Marriage Trust", "filerRelation": "Institution- Corporation", "moneyText": "", "startDate": "2016-10-17", "ownership": "D"}, {"maxAge": 1, "shares": 12500, "filerUrl": "", "transactionText": "", "filerName": "Agarwal (Manoj Kumar) HUF", "filerRelation": "UNREPORTED", "moneyText": "", "startDate": "2016-10-06", "ownership": "D"}, {"maxAge": 1, "shares": 12500, "filerUrl": "", "transactionText": "", "filerName": "Agarwal (Mradum)", "filerRelation": "UNREPORTED", "moneyText": "", "startDate": "2016-10-06", "ownership": "D"}, {"maxAge": 1, "shares": 2500, "filerUrl": "", "transactionText": "", "filerName": "Mradum Agarwal Education & Marriage Trust", "filerRelation": "Institution- Corporation", "moneyText": "", "startDate": "2016-10-06", "ownership": "D"}, {"maxAge": 1, "shares": 2500, "filerUrl": "", "transactionText": "", "filerName": "Muskan Agarwal Education & Marriage Trust", "filerRelation": "Institution- Corporation", "moneyText": "", "startDate": "2016-10-06", "ownership": "D"}, {"maxAge": 1, "shares": 10000, "filerUrl": "", "transactionText": "", "filerName": "Deeksha Agarwal Education & Marriage Trust", "filerRelation": "Institution- Corporation", "moneyText": "", "startDate": "2016-09-26", "ownership": "D"}, {"maxAge": 1, "shares": 10000, "filerUrl": "", "transactionText": "", "filerName": "Mradum Agarwal Education & Marriage Trust", "filerRelation": "Institution- Corporation", "moneyText": "", "startDate": "2016-09-23", "ownership": "D"}, {"maxAge": 1, "shares": 10000, "filerUrl": "", "transactionText": "", "filerName": "Muskan Agarwal Education & Marriage Trust", "filerRelation": "Institution- Corporation", "moneyText": "", "startDate": "2016-09-23", "ownership": "D"}], "maxAge": 1}, "quoteType": {"exchange": "BSE", "quoteType": "EQUITY", "symbol": "RAFL.BO", "underlyingSymbol": "RAFL.BO", "shortName": "Raghuvansh Agrofarms Limited", "longName": "Raghuvansh Agrofarms Limited", "firstTradeDateEpochUtc": "2015-01-28 09:15:00", "timeZoneFullName": "Asia/Kolkata", "timeZoneShortName": "IST", "uuid": "a43178ea-d64d-3c34-a40d-00028087c9aa", "gmtOffSetMilliseconds": 19800000, "maxAge": 1}, "incomeStatementHistory": {"incomeStatementHistory": [{"maxAge": 1, "endDate": "2020-03-31", "totalRevenue": 434236339, "costOfRevenue": 296211358, "grossProfit": 138024981, "researchDevelopment": {}, "sellingGeneralAdministrative": 3760658, "nonRecurring": {}, "otherOperatingExpenses": 37582867, "totalOperatingExpenses": 346953006, "operatingIncome": 87283333, "totalOtherIncomeExpenseNet": 12071385, "ebit": 87283333, "interestExpense": -406694, "incomeBeforeTax": 99354718, "incomeTaxExpense": 1493379, "minorityInterest": 53068320, "netIncomeFromContinuingOps": 97861339, "discontinuedOperations": {}, "extraordinaryItems": {}, "effectOfAccountingCharges": {}, "otherItems": {}, "netIncome": 97861339, "netIncomeApplicableToCommonShares": 97861339}, {"maxAge": 1, "endDate": "2019-03-31", "totalRevenue": 4374064362, "costOfRevenue": 4183025454, "grossProfit": 191038908, "researchDevelopment": {}, "sellingGeneralAdministrative": 2500688, "nonRecurring": {}, "otherOperatingExpenses": 85328410, "totalOperatingExpenses": 4280829033, "operatingIncome": 93235329, "totalOtherIncomeExpenseNet": 1774770, "ebit": 93235329, "interestExpense": -334565, "incomeBeforeTax": 95010099, "incomeTaxExpense": 17546640, "minorityInterest": 44856438, "netIncomeFromContinuingOps": 77463459, "discontinuedOperations": {}, "extraordinaryItems": {}, "effectOfAccountingCharges": {}, "otherItems": {}, "netIncome": 77463459, "netIncomeApplicableToCommonShares": 77463459}, {"maxAge": 1, "endDate": "2018-03-31", "totalRevenue": 285649393, "costOfRevenue": 193780535, "grossProfit": 91868858, "researchDevelopment": {}, "sellingGeneralAdministrative": 3106788, "nonRecurring": {}, "otherOperatingExpenses": 24882891, "totalOperatingExpenses": 232090028, "operatingIncome": 53559365, "totalOtherIncomeExpenseNet": 5533155, "ebit": 53559365, "interestExpense": -706752, "incomeBeforeTax": 59092520, "incomeTaxExpense": 5896425, "minorityInterest": 38391037, "netIncomeFromContinuingOps": 53196095, "discontinuedOperations": {}, "extraordinaryItems": {}, "effectOfAccountingCharges": {}, "otherItems": {}, "netIncome": 53196095, "netIncomeApplicableToCommonShares": 53196095}, {"maxAge": 1, "endDate": "2017-03-31", "totalRevenue": 162385888, "costOfRevenue": 64780286, "grossProfit": 97605602, "researchDevelopment": {}, "sellingGeneralAdministrative": 3970471, "nonRecurring": {}, "otherOperatingExpenses": 32243668, "totalOperatingExpenses": 112154480, "operatingIncome": 50231408, "totalOtherIncomeExpenseNet": 1617748, "ebit": 50231408, "interestExpense": -855473, "incomeBeforeTax": 51849156, "incomeTaxExpense": 3108536, "minorityInterest": 33214485, "netIncomeFromContinuingOps": 48740620, "discontinuedOperations": {}, "extraordinaryItems": {}, "effectOfAccountingCharges": {}, "otherItems": {}, "netIncome": 48740620, "netIncomeApplicableToCommonShares": 48740620}], "maxAge": 86400}, "fundOwnership": {"ownershipList": [], "maxAge": 1}, "summaryDetail": {"maxAge": 1, "priceHint": 2, "previousClose": 128.0, "open": 128.0, "dayLow": 128.0, "dayHigh": 128.0, "regularMarketPreviousClose": 128.0, "regularMarketOpen": 128.0, "regularMarketDayLow": 128.0, "regularMarketDayHigh": 128.0, "trailingPE": 15.590743, "volume": 1250, "regularMarketVolume": 1250, "averageVolume": 153, "averageVolume10days": 0, "averageDailyVolume10Day": 0, "bid": 120.65, "ask": 129.0, "bidSize": 0, "askSize": 0, "marketCap": 1525452800, "fiftyTwoWeekLow": 128.0, "fiftyTwoWeekHigh": 296.0, "fiftyDayAverage": 252.8091, "twoHundredDayAverage": 249.24191, "currency": "INR", "fromCurrency": null, "lastMarket": null, "algorithm": null, "tradeable": false}, "incomeStatementHistoryQuarterly": {"incomeStatementHistory": [{"maxAge": 1, "endDate": "2020-03-31", "totalRevenue": 90521170, "costOfRevenue": 47921179, "grossProfit": 42599991, "researchDevelopment": {}, "sellingGeneralAdministrative": 543329, "nonRecurring": {}, "otherOperatingExpenses": 11096934, "totalOperatingExpenses": 61985503, "operatingIncome": 28535667, "totalOtherIncomeExpenseNet": 5996193, "ebit": 28535667, "interestExpense": -135847, "incomeBeforeTax": 34531859, "incomeTaxExpense": -728310, "minorityInterest": 53068320, "netIncomeFromContinuingOps": 35260170, "discontinuedOperations": {}, "extraordinaryItems": {}, "effectOfAccountingCharges": {}, "otherItems": {}, "netIncome": 36291670, "netIncomeApplicableToCommonShares": 36291670}, {"maxAge": 1, "endDate": "2019-12-31", "totalRevenue": 90521170, "costOfRevenue": 47921179, "grossProfit": 42599991, "researchDevelopment": {}, "sellingGeneralAdministrative": 543329, "nonRecurring": {}, "otherOperatingExpenses": 11096934, "totalOperatingExpenses": 61985503, "operatingIncome": 28535667, "totalOtherIncomeExpenseNet": 5996193, "ebit": 28535667, "interestExpense": -135847, "incomeBeforeTax": 34531859, "incomeTaxExpense": -728310, "minorityInterest": 53068320, "netIncomeFromContinuingOps": 35260170, "discontinuedOperations": {}, "extraordinaryItems": {}, "effectOfAccountingCharges": {}, "otherItems": {}, "netIncome": 36291670, "netIncomeApplicableToCommonShares": 36291670}, {"maxAge": 1, "endDate": "2019-09-30", "totalRevenue": 126597000, "costOfRevenue": 100184500, "grossProfit": 26412500, "researchDevelopment": {}, "sellingGeneralAdministrative": 1337000, "nonRecurring": {}, "otherOperatingExpenses": 7694500, "totalOperatingExpenses": 111491000, "operatingIncome": 15106000, "totalOtherIncomeExpenseNet": 39500, "ebit": 15106000, "interestExpense": -67500, "incomeBeforeTax": 15145500, "incomeTaxExpense": 1475000, "minorityInterest": 46920000, "netIncomeFromContinuingOps": 13670500, "discontinuedOperations": {}, "extraordinaryItems": {}, "effectOfAccountingCharges": {}, "otherItems": {}, "netIncome": 12639000, "netIncomeApplicableToCommonShares": 12639000}, {"maxAge": 1, "endDate": "2019-06-30", "totalRevenue": 126597000, "costOfRevenue": 100184500, "grossProfit": 26412500, "researchDevelopment": {}, "sellingGeneralAdministrative": 1337000, "nonRecurring": {}, "otherOperatingExpenses": 7694500, "totalOperatingExpenses": 111491000, "operatingIncome": 15106000, "totalOtherIncomeExpenseNet": 39500, "ebit": 15106000, "interestExpense": -67500, "incomeBeforeTax": 15145500, "incomeTaxExpense": 1475000, "minorityInterest": 46920000, "netIncomeFromContinuingOps": 13670500, "discontinuedOperations": {}, "extraordinaryItems": {}, "effectOfAccountingCharges": {}, "otherItems": {}, "netIncome": 12639000, "netIncomeApplicableToCommonShares": 12639000}], "maxAge": 86400}, "cashflowStatementHistoryQuarterly": {"cashflowStatements": [{"maxAge": 1, "endDate": "2020-03-31", "netIncome": 36291670, "depreciation": 2424062, "changeToNetincome": -952840, "changeToAccountReceivables": 51955747, "changeToLiabilities": -24497115, "changeToInventory": -4179580, "changeToOperatingActivities": -76147130, "totalCashFromOperatingActivities": -15105188, "capitalExpenditures": -2586672, "investments": 1250000, "totalCashflowsFromInvestingActivities": -1336672, "netBorrowings": 11216509, "totalCashFromFinancingActivities": 11216509, "changeInCash": -5225349}, {"maxAge": 1, "endDate": "2019-12-31", "netIncome": 36291670, "depreciation": 2424062, "changeToNetincome": -952840, "changeToAccountReceivables": 51955747, "changeToLiabilities": -24497115, "changeToInventory": -4179580, "changeToOperatingActivities": -76147130, "totalCashFromOperatingActivities": -15105188, "capitalExpenditures": -2586672, "investments": 1250000, "totalCashflowsFromInvestingActivities": -1336672, "netBorrowings": 11216509, "totalCashFromFinancingActivities": 11216509, "changeInCash": -5225349}, {"maxAge": 1, "endDate": "2019-09-30", "netIncome": 12639000, "depreciation": 2275000, "changeToNetincome": 810899, "changeToAccountReceivables": 364272504, "changeToLiabilities": -290844725, "changeToInventory": 8646159, "changeToOperatingActivities": -88198172, "totalCashFromOperatingActivities": 9600665, "capitalExpenditures": -1257241, "investments": 1250000, "totalCashflowsFromInvestingActivities": -1257241, "netBorrowings": -442351, "totalCashFromFinancingActivities": -442351, "changeInCash": 7901073}, {"maxAge": 1, "endDate": "2019-06-30", "netIncome": 12639000, "depreciation": 2275000, "changeToNetincome": 810899, "changeToAccountReceivables": 364272504, "changeToLiabilities": -290844725, "changeToInventory": 8646159, "changeToOperatingActivities": -88198172, "totalCashFromOperatingActivities": 9600665, "capitalExpenditures": -1257241, "investments": 1250000, "totalCashflowsFromInvestingActivities": -1257241, "netBorrowings": -442351, "totalCashFromFinancingActivities": -442351, "changeInCash": 7901073}], "maxAge": 86400}, "insiderHolders": {"holders": [{"maxAge": 1, "name": "Agarwal (Manoj Kumar) HUF", "relation": "UNREPORTED", "url": "", "transactionDescription": "Acquisition", "latestTransDate": "2016-10-06", "positionDirect": 12500, "positionDirectDate": "2016-10-06"}, {"maxAge": 1, "name": "Agarwal (Mradum)", "relation": "UNREPORTED", "url": "", "transactionDescription": "Acquisition", "latestTransDate": "2016-10-06", "positionDirect": 12500, "positionDirectDate": "2016-10-06"}, {"maxAge": 1, "name": "Deeksha Agarwal Education & Marriage Trust", "relation": "Institution- Corporation", "url": "", "transactionDescription": "Acquisition", "latestTransDate": "2016-10-17", "positionDirect": 12500, "positionDirectDate": "2016-10-17"}, {"maxAge": 1, "name": "Kavya Agarwal Education Trust", "relation": "Institution- Corporation", "url": "", "transactionDescription": "Acquisition", "latestTransDate": "2016-10-25", "positionIndirect": 12500, "positionIndirectDate": 1477353600}, {"maxAge": 1, "name": "Mradum Agarwal Education & Marriage Trust", "relation": "Institution- Corporation", "url": "", "transactionDescription": "Acquisition", "latestTransDate": "2016-10-06", "positionDirect": 12500, "positionDirectDate": "2016-10-06"}, {"maxAge": 1, "name": "Muskan Agarwal Education & Marriage Trust", "relation": "Institution- Corporation", "url": "", "transactionDescription": "Acquisition", "latestTransDate": "2016-10-06", "positionDirect": 12500, "positionDirectDate": "2016-10-06"}], "maxAge": 1}, "calendarEvents": {"maxAge": 1, "earnings": {"earningsDate": ["2019-11-14 05:30:S"]}}, "upgradeDowngradeHistory": {"history": [], "maxAge": 86400}, "price": {"maxAge": 1, "regularMarketChangePercent": 0.0, "regularMarketChange": 0.0, "regularMarketTime": "2021-04-19 14:17:54", "priceHint": 2, "regularMarketPrice": 128.0, "regularMarketDayHigh": 128.0, "regularMarketDayLow": 128.0, "regularMarketVolume": 1250, "averageDailyVolume10Day": 0, "averageDailyVolume3Month": 153, "regularMarketPreviousClose": 128.0, "regularMarketSource": "FREE_REALTIME", "regularMarketOpen": 128.0, "exchange": "BSE", "exchangeName": "BSE", "exchangeDataDelayedBy": 0, "marketState": "CLOSED", "quoteType": "EQUITY", "symbol": "RAFL.BO", "underlyingSymbol": null, "shortName": "Raghuvansh Agrofarms Limited", "longName": "Raghuvansh Agrofarms Limited", "currency": "INR", "quoteSourceName": "Delayed Quote", "currencySymbol": "\u20b9", "fromCurrency": null, "lastMarket": null, "marketCap": 1525452800}, "balanceSheetHistory": {"balanceSheetStatements": [{"maxAge": 1, "endDate": "2020-03-31", "cash": 10162066, "shortTermInvestments": 9360000, "netReceivables": 16209114, "inventory": 44953540, "otherCurrentAssets": 348540762, "totalCurrentAssets": 429615896, "longTermInvestments": 36915026, "propertyPlantEquipment": 122995820, "intangibleAssets": 1120909, "otherAssets": 1632127, "deferredLongTermAssetCharges": 1632127, "totalAssets": 592279778, "accountsPayable": 28146974, "otherCurrentLiab": 10486719, "longTermDebt": 2116405, "minorityInterest": 53068320, "totalCurrentLiabilities": 60296193, "totalLiab": 62412598, "commonStock": 119175500, "retainedEarnings": 212712860, "capitalSurplus": 144910500, "totalStockholderEquity": 476798860, "netTangibleAssets": 475677951}, {"maxAge": 1, "endDate": "2019-03-31", "cash": 4810621, "shortTermInvestments": 9360000, "netReceivables": 848665616, "inventory": 53886697, "otherCurrentAssets": 19629316, "totalCurrentAssets": 936963505, "longTermInvestments": 39415026, "propertyPlantEquipment": 124706118, "intangibleAssets": 1120909, "otherAssets": 1348245, "deferredLongTermAssetCharges": 1348245, "totalAssets": 1103553803, "accountsPayable": 640594996, "otherCurrentLiab": 28714877, "longTermDebt": 2118089, "minorityInterest": 44856438, "totalCurrentLiabilities": 669429873, "totalLiab": 671547962, "commonStock": 119175500, "retainedEarnings": 123063403, "capitalSurplus": 144910500, "totalStockholderEquity": 387149403, "netTangibleAssets": 386028494}, {"maxAge": 1, "endDate": "2018-03-31", "cash": 14687268, "shortTermInvestments": 9360000, "netReceivables": 106172035, "inventory": 153788620, "otherCurrentAssets": 46692678, "totalCurrentAssets": 330700601, "longTermInvestments": 48346583, "propertyPlantEquipment": 131685935, "intangibleAssets": 1120909, "otherAssets": 1674775, "deferredLongTermAssetCharges": 1674775, "totalAssets": 513528803, "accountsPayable": 131708469, "otherCurrentLiab": 18821688, "longTermDebt": 8265770, "minorityInterest": 38391037, "totalCurrentLiabilities": 150637064, "totalLiab": 158902834, "commonStock": 119175500, "treasuryStock": 197059432, "otherStockholderEquity": 197059432, "totalStockholderEquity": 316234932, "netTangibleAssets": 315114023}, {"maxAge": 1, "endDate": "2017-03-31", "cash": 6104694, "shortTermInvestments": 9360000, "netReceivables": 32535548, "inventory": 18474698, "otherCurrentAssets": 85794286, "totalCurrentAssets": 152269226, "longTermInvestments": 46174400, "propertyPlantEquipment": 135576809, "intangibleAssets": 1120909, "otherAssets": 748870, "deferredLongTermAssetCharges": 748870, "totalAssets": 335890214, "accountsPayable": 5764292, "otherCurrentLiab": 23709398, "longTermDebt": 4797643, "minorityInterest": 33214485, "totalCurrentLiabilities": 29568940, "totalLiab": 34366583, "commonStock": 119175500, "treasuryStock": 149133646, "otherStockholderEquity": 149133646, "totalStockholderEquity": 268309146, "netTangibleAssets": 267188237}], "maxAge": 86400}, "financialData": {"maxAge": 86400, "currentPrice": 128.0, "recommendationKey": "none", "grossProfits": 138024981, "financialCurrency": "INR"}}}