{"RAGHUSYN.BO": {"cashflowStatementHistory": {"cashflowStatements": [{"maxAge": 1, "endDate": "2020-03-31", "netIncome": 24816000, "depreciation": 37659000, "changeToNetincome": 9564000, "changeToAccountReceivables": -29156000, "changeToLiabilities": 8196000, "changeToInventory": -158802000, "changeToOperatingActivities": 196660000, "totalCashFromOperatingActivities": 88937000, "capitalExpenditures": -53988000, "otherCashflowsFromInvestingActivities": 1102000, "totalCashflowsFromInvestingActivities": -52886000, "netBorrowings": -29157000, "otherCashflowsFromFinancingActivities": -4112000, "totalCashFromFinancingActivities": -33269000, "changeInCash": 2783000}, {"maxAge": 1, "endDate": "2019-03-31", "netIncome": 22280000, "depreciation": 37795000, "changeToNetincome": 19267000, "changeToAccountReceivables": -5223000, "changeToLiabilities": 54267000, "changeToInventory": -31579000, "changeToOperatingActivities": -51249000, "totalCashFromOperatingActivities": 45558000, "capitalExpenditures": -39924000, "otherCashflowsFromInvestingActivities": 8230000, "totalCashflowsFromInvestingActivities": -31694000, "netBorrowings": -12932000, "otherCashflowsFromFinancingActivities": -2771000, "totalCashFromFinancingActivities": -15703000, "changeInCash": -1838000}, {"maxAge": 1, "endDate": "2018-03-31", "netIncome": 6036000, "depreciation": 28099000, "changeToNetincome": 16486000, "changeToAccountReceivables": -1711000, "changeToLiabilities": -28584000, "changeToInventory": -8300000, "changeToOperatingActivities": 19019000, "totalCashFromOperatingActivities": 31045000, "capitalExpenditures": -179297000, "otherCashflowsFromInvestingActivities": 19101000, "totalCashflowsFromInvestingActivities": -160196000, "netBorrowings": 130923000, "otherCashflowsFromFinancingActivities": -8545000, "totalCashFromFinancingActivities": 122378000, "changeInCash": -6773000}, {"maxAge": 1, "endDate": "2017-03-31", "netIncome": 4726000, "depreciation": 20671000, "changeToNetincome": 401000, "changeToAccountReceivables": -6795000, "changeToLiabilities": 20376000, "changeToInventory": 2826000, "changeToOperatingActivities": -3497000, "totalCashFromOperatingActivities": 38708000, "capitalExpenditures": -13672000, "investments": 4000, "otherCashflowsFromInvestingActivities": -11354000, "totalCashflowsFromInvestingActivities": -25022000, "netBorrowings": -6864000, "otherCashflowsFromFinancingActivities": -1686000, "totalCashFromFinancingActivities": -8550000, "changeInCash": 5136000}], "maxAge": 86400}, "institutionOwnership": {"ownershipList": [], "maxAge": 1}, "balanceSheetHistoryQuarterly": {"balanceSheetStatements": [{"maxAge": 1, "endDate": "2020-06-30", "totalStockholderEquity": 218636000, "netTangibleAssets": 218636000}, {"maxAge": 1, "endDate": "2020-03-31", "cash": 13570000, "shortTermInvestments": 46494000, "netReceivables": 46341000, "inventory": 207595000, "otherCurrentAssets": 78578000, "totalCurrentAssets": 392578000, "longTermInvestments": 7041000, "propertyPlantEquipment": 343212000, "otherAssets": 11175000, "totalAssets": 754006000, "accountsPayable": 125305000, "shortLongTermDebt": 23429000, "otherCurrentLiab": 236646000, "longTermDebt": 81959000, "otherLiab": 33598000, "totalCurrentLiabilities": 386205000, "totalLiab": 535370000, "commonStock": 38541000, "treasuryStock": 180095000, "otherStockholderEquity": 180095000, "totalStockholderEquity": 218636000, "netTangibleAssets": 218636000}, {"maxAge": 1, "endDate": "2019-12-31", "totalStockholderEquity": 200772000, "netTangibleAssets": 200772000}, {"maxAge": 1, "endDate": "2019-09-30", "cash": 6419000, "shortTermInvestments": 40159000, "netReceivables": 26855000, "inventory": 97170000, "otherCurrentAssets": 89584000, "totalCurrentAssets": 260187000, "longTermInvestments": 12437000, "propertyPlantEquipment": 329807000, "otherAssets": 3967000, "totalAssets": 606398000, "accountsPayable": 113391000, "shortLongTermDebt": 22926000, "otherCurrentLiab": 145455000, "longTermDebt": 90472000, "otherLiab": 33042000, "totalCurrentLiabilities": 282112000, "totalLiab": 405626000, "commonStock": 38541000, "treasuryStock": 162231000, "otherStockholderEquity": 162231000, "totalStockholderEquity": 200772000, "netTangibleAssets": 200772000}], "maxAge": 86400}, "indexTrend": {"maxAge": 1, "symbol": "SP5", "peRatio": 19.7411, "pegRatio": 1.34172, "estimates": [{"period": "0q", "growth": 0.549}, {"period": "+1q", "growth": 0.431}, {"period": "0y", "growth": 0.305}, {"period": "+1y", "growth": 0.109}, {"period": "+5y", "growth": 0.120859005}, {"period": "-5y"}]}, "insiderTransactions": {"transactions": [{"maxAge": 1, "shares": 21641, "filerUrl": "", "transactionText": "", "filerName": "Agarwal (Sunil Raghuvirprasad)", "filerRelation": "Chairman of the Board", "moneyText": "", "startDate": "2017-11-03", "ownership": "D"}, {"maxAge": 1, "shares": 17865, "filerUrl": "", "transactionText": "", "filerName": "Agarwal (Sunil Raghuvirprasad)", "filerRelation": "Chairman of the Board", "moneyText": "", "startDate": "2017-04-25", "ownership": "D"}, {"maxAge": 1, "shares": 21511, "filerUrl": "", "transactionText": "", "filerName": "Agarwal (Sunil Raghuvirprasad)", "filerRelation": "Chairman of the Board", "moneyText": "", "startDate": "2016-09-22", "ownership": "D"}, {"maxAge": 1, "shares": 28005, "filerUrl": "", "transactionText": "", "filerName": "Agarwal (Sunil Raghuvirprasad)", "filerRelation": "Chairman of the Board", "moneyText": "", "startDate": "2016-08-22", "ownership": "D"}, {"maxAge": 1, "shares": 500, "filerUrl": "", "transactionText": "", "filerName": "Agarwal (Sunil Raghuvirprasad)", "filerRelation": "Chairman of the Board", "moneyText": "", "startDate": "2016-05-20", "ownership": "D"}, {"maxAge": 1, "shares": 39756, "filerUrl": "", "transactionText": "", "filerName": "Agarwal (Sunil Raghuvirprasad)", "filerRelation": "Chairman of the Board", "moneyText": "", "startDate": "2015-10-25", "ownership": "D"}, {"maxAge": 1, "shares": 42784, "filerUrl": "", "transactionText": "", "filerName": "Agarwal (Sunil Raghuvirprasad)", "filerRelation": "Chairman of the Board", "moneyText": "", "startDate": "2015-09-21", "ownership": "D"}], "maxAge": 1}, "quoteType": {"exchange": "BSE", "quoteType": "EQUITY", "symbol": "RAGHUSYN.BO", "underlyingSymbol": "RAGHUSYN.BO", "shortName": "RAGHUVIR SYNTHETICS LTD.", "longName": "Raghuvir Synthetics Limited", "firstTradeDateEpochUtc": "2002-03-26 09:15:00", "timeZoneFullName": "Asia/Kolkata", "timeZoneShortName": "IST", "uuid": "ca1f8fc1-4e84-335c-81bd-19d63a9a5bd8", "gmtOffSetMilliseconds": 19800000, "maxAge": 1}, "incomeStatementHistory": {"incomeStatementHistory": [{"maxAge": 1, "endDate": "2020-03-31", "totalRevenue": 923681000, "costOfRevenue": 536848000, "grossProfit": 386833000, "researchDevelopment": {}, "sellingGeneralAdministrative": 82359000, "nonRecurring": {}, "otherOperatingExpenses": 235972000, "totalOperatingExpenses": 892838000, "operatingIncome": 30843000, "totalOtherIncomeExpenseNet": 3915000, "ebit": 30843000, "interestExpense": -7267000, "incomeBeforeTax": 34758000, "incomeTaxExpense": 9942000, "minorityInterest": {}, "netIncomeFromContinuingOps": 24816000, "discontinuedOperations": {}, "extraordinaryItems": {}, "effectOfAccountingCharges": {}, "otherItems": {}, "netIncome": 24816000, "netIncomeApplicableToCommonShares": 24816000}, {"maxAge": 1, "endDate": "2019-03-31", "totalRevenue": 572046000, "costOfRevenue": 241545000, "grossProfit": 330501000, "researchDevelopment": {}, "sellingGeneralAdministrative": 262340000, "nonRecurring": {}, "otherOperatingExpenses": 17454000, "totalOperatingExpenses": 559134000, "operatingIncome": 12912000, "totalOtherIncomeExpenseNet": 17450000, "ebit": 12912000, "interestExpense": -2058000, "incomeBeforeTax": 30362000, "incomeTaxExpense": 8082000, "minorityInterest": {}, "netIncomeFromContinuingOps": 22280000, "discontinuedOperations": {}, "extraordinaryItems": {}, "effectOfAccountingCharges": {}, "otherItems": {}, "netIncome": 22280000, "netIncomeApplicableToCommonShares": 22280000}, {"maxAge": 1, "endDate": "2018-03-31", "totalRevenue": 379377000, "costOfRevenue": 93864000, "grossProfit": 285513000, "researchDevelopment": {}, "sellingGeneralAdministrative": 225910000, "nonRecurring": {}, "otherOperatingExpenses": 14862000, "totalOperatingExpenses": 362735000, "operatingIncome": 16642000, "totalOtherIncomeExpenseNet": -2506000, "ebit": 16642000, "interestExpense": -8240000, "incomeBeforeTax": 14136000, "incomeTaxExpense": 8100000, "minorityInterest": {}, "netIncomeFromContinuingOps": 6036000, "discontinuedOperations": {}, "extraordinaryItems": {}, "effectOfAccountingCharges": {}, "otherItems": {}, "netIncome": 6036000, "netIncomeApplicableToCommonShares": 6036000}, {"maxAge": 1, "endDate": "2017-03-31", "totalRevenue": 417805000, "costOfRevenue": 180609000, "grossProfit": 237196000, "researchDevelopment": {}, "sellingGeneralAdministrative": 198274000, "nonRecurring": {}, "otherOperatingExpenses": 13799000, "totalOperatingExpenses": 413353000, "operatingIncome": 4452000, "totalOtherIncomeExpenseNet": 4851000, "ebit": 4452000, "interestExpense": -1495000, "incomeBeforeTax": 9303000, "incomeTaxExpense": 4577000, "minorityInterest": {}, "netIncomeFromContinuingOps": 4726000, "discontinuedOperations": {}, "extraordinaryItems": {}, "effectOfAccountingCharges": {}, "otherItems": {}, "netIncome": 4726000, "netIncomeApplicableToCommonShares": 4726000}], "maxAge": 86400}, "fundOwnership": {"ownershipList": [], "maxAge": 1}, "summaryDetail": {"maxAge": 1, "priceHint": 2, "previousClose": 199.0, "open": 199.0, "dayLow": 199.0, "dayHigh": 199.0, "regularMarketPreviousClose": 199.0, "regularMarketOpen": 199.0, "regularMarketDayLow": 199.0, "regularMarketDayHigh": 199.0, "trailingPE": 31.259817, "volume": 200, "regularMarketVolume": 200, "averageVolume": 267, "averageVolume10days": 153, "averageDailyVolume10Day": 153, "bid": 0.0, "ask": 199.0, "bidSize": 0, "askSize": 0, "marketCap": 772120000, "fiftyTwoWeekLow": 145.35, "fiftyTwoWeekHigh": 275.0, "fiftyDayAverage": 223.97424, "twoHundredDayAverage": 242.40404, "currency": "INR", "fromCurrency": null, "lastMarket": null, "algorithm": null, "tradeable": false}, "incomeStatementHistoryQuarterly": {"incomeStatementHistory": [{"maxAge": 1, "endDate": "2020-06-30", "totalRevenue": 119748000, "costOfRevenue": 69760000, "grossProfit": 49988000, "researchDevelopment": {}, "sellingGeneralAdministrative": 11526000, "nonRecurring": {}, "otherOperatingExpenses": 28137000, "totalOperatingExpenses": 116838000, "operatingIncome": 2910000, "totalOtherIncomeExpenseNet": 3495000, "ebit": 2910000, "interestExpense": -1998000, "incomeBeforeTax": 6405000, "incomeTaxExpense": 1612000, "minorityInterest": {}, "netIncomeFromContinuingOps": 4793000, "discontinuedOperations": {}, "extraordinaryItems": {}, "effectOfAccountingCharges": {}, "otherItems": {}, "netIncome": 4793000, "netIncomeApplicableToCommonShares": 4793000}, {"maxAge": 1, "endDate": "2020-03-31", "totalRevenue": 284436000, "costOfRevenue": 194026000, "grossProfit": 90410000, "researchDevelopment": {}, "sellingGeneralAdministrative": 14971000, "nonRecurring": {}, "otherOperatingExpenses": 54046000, "totalOperatingExpenses": 278588000, "operatingIncome": 5848000, "totalOtherIncomeExpenseNet": 1073000, "ebit": 5848000, "interestExpense": -2285000, "incomeBeforeTax": 6921000, "incomeTaxExpense": 1374000, "minorityInterest": {}, "netIncomeFromContinuingOps": 5547000, "discontinuedOperations": {}, "extraordinaryItems": {}, "effectOfAccountingCharges": {}, "otherItems": {}, "netIncome": 5547000, "netIncomeApplicableToCommonShares": 5547000}, {"maxAge": 1, "endDate": "2019-12-31", "totalRevenue": 270097000, "costOfRevenue": 154225000, "grossProfit": 115872000, "researchDevelopment": {}, "sellingGeneralAdministrative": 29995000, "nonRecurring": {}, "otherOperatingExpenses": 63899000, "totalOperatingExpenses": 255653000, "operatingIncome": 14444000, "totalOtherIncomeExpenseNet": 1177000, "ebit": 14444000, "interestExpense": -1982000, "incomeBeforeTax": 15621000, "incomeTaxExpense": 2903000, "minorityInterest": {}, "netIncomeFromContinuingOps": 12718000, "discontinuedOperations": {}, "extraordinaryItems": {}, "effectOfAccountingCharges": {}, "otherItems": {}, "netIncome": 12718000, "netIncomeApplicableToCommonShares": 12718000}, {"maxAge": 1, "endDate": "2019-09-30", "totalRevenue": 163278000, "costOfRevenue": 82482000, "grossProfit": 80796000, "researchDevelopment": {}, "sellingGeneralAdministrative": 18536000, "nonRecurring": {}, "otherOperatingExpenses": 53076000, "totalOperatingExpenses": 160403000, "operatingIncome": 2875000, "totalOtherIncomeExpenseNet": 1089000, "ebit": 2875000, "interestExpense": -1266000, "incomeBeforeTax": 3964000, "incomeTaxExpense": 2263000, "minorityInterest": {}, "netIncomeFromContinuingOps": 1701000, "discontinuedOperations": {}, "extraordinaryItems": {}, "effectOfAccountingCharges": {}, "otherItems": {}, "netIncome": 1701000, "netIncomeApplicableToCommonShares": 1701000}], "maxAge": 86400}, "cashflowStatementHistoryQuarterly": {"cashflowStatements": [{"maxAge": 1, "endDate": "2020-06-30", "netIncome": 4793000, "changeToLiabilities": 0}, {"maxAge": 1, "endDate": "2020-03-31", "netIncome": 5547000, "changeToLiabilities": 0}, {"maxAge": 1, "endDate": "2019-12-31", "netIncome": 12718000, "changeToLiabilities": 0}, {"maxAge": 1, "endDate": "2019-09-30", "netIncome": 1701000, "changeToLiabilities": 0}], "maxAge": 86400}, "insiderHolders": {"holders": [{"maxAge": 1, "name": "Agarwal (Sunil Raghuvirprasad)", "relation": "Chairman of the Board", "url": "", "transactionDescription": "Acquisition", "latestTransDate": "2017-11-03", "positionDirect": 1210302, "positionDirectDate": "2017-11-03"}], "maxAge": 1}, "calendarEvents": {"maxAge": 1, "earnings": {"earningsDate": []}}, "upgradeDowngradeHistory": {"history": [], "maxAge": 86400}, "price": {"maxAge": 1, "regularMarketChangePercent": 0.0, "regularMarketChange": 0.0, "regularMarketTime": "2021-04-30 14:39:41", "priceHint": 2, "regularMarketPrice": 199.0, "regularMarketDayHigh": 199.0, "regularMarketDayLow": 199.0, "regularMarketVolume": 200, "averageDailyVolume10Day": 153, "averageDailyVolume3Month": 267, "regularMarketPreviousClose": 199.0, "regularMarketSource": "FREE_REALTIME", "regularMarketOpen": 199.0, "exchange": "BSE", "exchangeName": "BSE", "exchangeDataDelayedBy": 0, "marketState": "CLOSED", "quoteType": "EQUITY", "symbol": "RAGHUSYN.BO", "underlyingSymbol": null, "shortName": "RAGHUVIR SYNTHETICS LTD.", "longName": "Raghuvir Synthetics Limited", "currency": "INR", "quoteSourceName": "Delayed Quote", "currencySymbol": "\u20b9", "fromCurrency": null, "lastMarket": null, "marketCap": 772120000}, "balanceSheetHistory": {"balanceSheetStatements": [{"maxAge": 1, "endDate": "2020-03-31", "cash": 13570000, "shortTermInvestments": 46494000, "netReceivables": 46341000, "inventory": 207595000, "otherCurrentAssets": 78578000, "totalCurrentAssets": 392578000, "longTermInvestments": 7041000, "propertyPlantEquipment": 343212000, "otherAssets": 11175000, "totalAssets": 754006000, "accountsPayable": 125305000, "shortLongTermDebt": 23429000, "otherCurrentLiab": 236646000, "longTermDebt": 81959000, "otherLiab": 33598000, "totalCurrentLiabilities": 386205000, "totalLiab": 535370000, "commonStock": 38541000, "treasuryStock": 180095000, "otherStockholderEquity": 180095000, "totalStockholderEquity": 218636000, "netTangibleAssets": 218636000}, {"maxAge": 1, "endDate": "2019-03-31", "cash": 2506000, "shortTermInvestments": 735000, "netReceivables": 48041000, "inventory": 53897000, "otherCurrentAssets": 88070000, "totalCurrentAssets": 193933000, "longTermInvestments": 7998000, "propertyPlantEquipment": 287478000, "otherAssets": 21671000, "totalAssets": 511080000, "accountsPayable": 117108000, "shortLongTermDebt": 23293000, "otherCurrentLiab": 35705000, "longTermDebt": 107744000, "otherLiab": 29423000, "totalCurrentLiabilities": 179861000, "totalLiab": 317028000, "commonStock": 38541000, "retainedEarnings": 138470000, "capitalSurplus": 17041000, "totalStockholderEquity": 194052000, "netTangibleAssets": 194052000}, {"maxAge": 1, "endDate": "2018-03-31", "cash": 4344000, "shortTermInvestments": 6806000, "netReceivables": 16933000, "inventory": 22952000, "otherCurrentAssets": 87954000, "totalCurrentAssets": 139613000, "longTermInvestments": 71000, "propertyPlantEquipment": 285029000, "otherAssets": 6621000, "totalAssets": 431334000, "accountsPayable": 62841000, "shortLongTermDebt": 19896000, "otherCurrentLiab": 27825000, "longTermDebt": 124073000, "otherLiab": 22705000, "totalCurrentLiabilities": 112755000, "totalLiab": 259533000, "commonStock": 38541000, "retainedEarnings": 116219000, "capitalSurplus": 17041000, "totalStockholderEquity": 171801000, "netTangibleAssets": 171801000}, {"maxAge": 1, "endDate": "2017-03-31", "cash": 11117000, "netReceivables": 19322000, "inventory": 14651000, "otherCurrentAssets": 73498000, "totalCurrentAssets": 120803000, "longTermInvestments": 5070000, "propertyPlantEquipment": 149470000, "otherAssets": 19174000, "totalAssets": 294517000, "accountsPayable": 95301000, "shortLongTermDebt": 7033000, "otherCurrentLiab": 688000, "otherLiab": 16976000, "totalCurrentLiabilities": 111766000, "totalLiab": 128742000, "commonStock": 38541000, "retainedEarnings": 110193000, "capitalSurplus": 17041000, "totalStockholderEquity": 165775000, "netTangibleAssets": 165775000}], "maxAge": 86400}, "financialData": {"maxAge": 86400, "currentPrice": 199.0, "recommendationKey": "none", "grossProfits": 386833000, "financialCurrency": "INR"}}}