{"RAGHUNAT.BO": {"cashflowStatementHistory": {"cashflowStatements": [{"maxAge": 1, "endDate": "2020-03-31", "netIncome": 7335458, "depreciation": 53644, "changeToNetincome": 13960, "changeToAccountReceivables": -7047860, "changeToLiabilities": 57360, "changeToInventory": 168831, "totalCashFromOperatingActivities": 581392, "totalCashflowsFromInvestingActivities": 53644, "changeInCash": 635037}, {"maxAge": 1, "endDate": "2019-03-31", "netIncome": 6217774, "depreciation": 53643, "changeToNetincome": -53643, "changeToAccountReceivables": -6884742, "changeToLiabilities": 488324, "changeToInventory": 168831, "totalCashFromOperatingActivities": -178645, "totalCashflowsFromInvestingActivities": 53643, "changeInCash": -125000}, {"maxAge": 1, "endDate": "2018-03-31", "netIncome": -2809523, "depreciation": 53643, "changeToNetincome": -53643, "changeToAccountReceivables": 2091989, "changeToLiabilities": 730815, "changeToInventory": 168831, "totalCashFromOperatingActivities": 13278, "totalCashflowsFromInvestingActivities": 53643, "changeInCash": 66921}, {"maxAge": 1, "endDate": "2017-03-31", "netIncome": 483320, "depreciation": 70401, "changeToNetincome": 154283, "changeToAccountReceivables": -177802, "changeToLiabilities": -23682, "changeToInventory": 168831, "totalCashFromOperatingActivities": 506518, "capitalExpenditures": -295655, "totalCashflowsFromInvestingActivities": -295655, "netBorrowings": 87620, "totalCashFromFinancingActivities": 87620, "changeInCash": 298482}], "maxAge": 86400}, "institutionOwnership": {"ownershipList": [], "maxAge": 1}, "balanceSheetHistoryQuarterly": {"balanceSheetStatements": [{"maxAge": 1, "endDate": "2020-06-30", "totalStockholderEquity": 106698568, "netTangibleAssets": 106522871}, {"maxAge": 1, "endDate": "2020-03-31", "cash": 1050570, "shortTermInvestments": 1457481, "netReceivables": 5136562, "inventory": 15879234, "otherCurrentAssets": 318201, "totalCurrentAssets": 23842048, "longTermInvestments": 39303272, "propertyPlantEquipment": 561306, "intangibleAssets": 175697, "otherAssets": 49655002, "deferredLongTermAssetCharges": 1193542, "totalAssets": 113537325, "otherCurrentLiab": 3315259, "otherLiab": 3013463, "totalCurrentLiabilities": 3825297, "totalLiab": 6838760, "commonStock": 50002000, "retainedEarnings": 56696568, "totalStockholderEquity": 106698568, "netTangibleAssets": 106522871}, {"maxAge": 1, "endDate": "2019-12-31", "totalStockholderEquity": 104320400, "netTangibleAssets": 104144700}, {"maxAge": 1, "endDate": "2019-09-30", "cash": 2762600, "netReceivables": 5217400, "inventory": 15903100, "otherCurrentAssets": 95300, "totalCurrentAssets": 23978400, "longTermInvestments": 37632100, "propertyPlantEquipment": 588100, "intangibleAssets": 175700, "otherAssets": 48509400, "deferredLongTermAssetCharges": 1234400, "totalAssets": 110883700, "accountsPayable": 116300, "otherCurrentLiab": 3535500, "otherLiab": 2911500, "totalCurrentLiabilities": 3651800, "totalLiab": 6563300, "commonStock": 50002000, "retainedEarnings": 54318400, "totalStockholderEquity": 104320400, "netTangibleAssets": 104144700}], "maxAge": 86400}, "indexTrend": {"maxAge": 1, "symbol": "SP5", "peRatio": 19.7411, "pegRatio": 1.34172, "estimates": [{"period": "0q", "growth": 0.549}, {"period": "+1q", "growth": 0.431}, {"period": "0y", "growth": 0.305}, {"period": "+1y", "growth": 0.109}, {"period": "+5y", "growth": 0.120859005}, {"period": "-5y"}]}, "quoteType": {"exchange": "BSE", "quoteType": "EQUITY", "symbol": "RAGHUNAT.BO", "underlyingSymbol": "RAGHUNAT.BO", "shortName": "RAGHUNATH INTERNATIONAL LTD.", "longName": "Raghunath International Limited", "firstTradeDateEpochUtc": "2002-01-24 09:15:00", "timeZoneFullName": "Asia/Kolkata", "timeZoneShortName": "IST", "uuid": "6a7730c9-190c-3fb0-888e-d7252c649ff5", "gmtOffSetMilliseconds": 19800000, "maxAge": 1}, "incomeStatementHistory": {"incomeStatementHistory": [{"maxAge": 1, "endDate": "2020-03-31", "totalRevenue": 6930200, "costOfRevenue": 168831, "grossProfit": 6761369, "researchDevelopment": {}, "sellingGeneralAdministrative": 2600855, "nonRecurring": {}, "otherOperatingExpenses": 1791572, "totalOperatingExpenses": 4614902, "operatingIncome": 2315298, "totalOtherIncomeExpenseNet": 5528597, "ebit": 2315298, "interestExpense": -193, "incomeBeforeTax": 7843895, "incomeTaxExpense": 508437, "minorityInterest": {}, "netIncomeFromContinuingOps": 7335458, "discontinuedOperations": {}, "extraordinaryItems": {}, "effectOfAccountingCharges": {}, "otherItems": {}, "netIncome": 7335458, "netIncomeApplicableToCommonShares": 7335458}, {"maxAge": 1, "endDate": "2019-03-31", "totalRevenue": 4522643, "costOfRevenue": 0, "grossProfit": 4522643, "researchDevelopment": {}, "sellingGeneralAdministrative": 2695943, "nonRecurring": {}, "otherOperatingExpenses": 1486479, "totalOperatingExpenses": 4236065, "operatingIncome": 286578, "totalOtherIncomeExpenseNet": 5718200, "ebit": 286578, "interestExpense": -715, "incomeBeforeTax": 6004778, "incomeTaxExpense": -212996, "minorityInterest": {}, "netIncomeFromContinuingOps": 6217774, "discontinuedOperations": {}, "extraordinaryItems": {}, "effectOfAccountingCharges": {}, "otherItems": {}, "netIncome": 6217774, "netIncomeApplicableToCommonShares": 6217774}, {"maxAge": 1, "endDate": "2018-03-31", "totalRevenue": 3883885, "costOfRevenue": 0, "grossProfit": 3883885, "researchDevelopment": {}, "sellingGeneralAdministrative": 2876007, "nonRecurring": {}, "otherOperatingExpenses": 1635458, "totalOperatingExpenses": 4565108, "operatingIncome": -681223, "totalOtherIncomeExpenseNet": -853942, "ebit": -681223, "interestExpense": -2645, "incomeBeforeTax": -1535165, "incomeTaxExpense": 1274358, "minorityInterest": {}, "netIncomeFromContinuingOps": -2809523, "discontinuedOperations": {}, "extraordinaryItems": {}, "effectOfAccountingCharges": {}, "otherItems": {}, "netIncome": -2809523, "netIncomeApplicableToCommonShares": -2809523}, {"maxAge": 1, "endDate": "2017-03-31", "totalRevenue": 4068059, "costOfRevenue": 0, "grossProfit": 4068059, "researchDevelopment": {}, "sellingGeneralAdministrative": 2314389, "nonRecurring": {}, "otherOperatingExpenses": 1678784, "totalOperatingExpenses": 4063574, "operatingIncome": 4485, "totalOtherIncomeExpenseNet": 837754, "ebit": 4485, "interestExpense": -495, "incomeBeforeTax": 842239, "incomeTaxExpense": 358919, "minorityInterest": {}, "netIncomeFromContinuingOps": 483320, "discontinuedOperations": {}, "extraordinaryItems": {}, "effectOfAccountingCharges": {}, "otherItems": {}, "netIncome": 483320, "netIncomeApplicableToCommonShares": 483320}], "maxAge": 86400}, "fundOwnership": {"ownershipList": [], "maxAge": 1}, "summaryDetail": {"maxAge": 1, "priceHint": 4, "previousClose": 4.44, "open": 4.44, "dayLow": 4.22, "dayHigh": 4.66, "regularMarketPreviousClose": 4.44, "regularMarketOpen": 4.44, "regularMarketDayLow": 4.22, "regularMarketDayHigh": 4.66, "trailingPE": 2.9776356, "volume": 5999, "regularMarketVolume": 5999, "averageVolume": 1505, "averageVolume10days": 4027, "averageDailyVolume10Day": 4027, "bid": 4.66, "ask": 0.0, "bidSize": 0, "askSize": 0, "marketCap": 23300000, "fiftyTwoWeekLow": 1.49, "fiftyTwoWeekHigh": 5.99, "fiftyDayAverage": 4.161212, "twoHundredDayAverage": 2.4957352, "currency": "INR", "fromCurrency": null, "lastMarket": null, "algorithm": null, "tradeable": false}, "incomeStatementHistoryQuarterly": {"incomeStatementHistory": [{"maxAge": 1, "endDate": "2020-06-30", "totalRevenue": 6649800, "costOfRevenue": 962300, "grossProfit": 5687500, "researchDevelopment": {}, "sellingGeneralAdministrative": 478700, "nonRecurring": {}, "otherOperatingExpenses": 120400, "totalOperatingExpenses": 1574800, "operatingIncome": 5075000, "totalOtherIncomeExpenseNet": 319700, "ebit": 5075000, "interestExpense": -100, "incomeBeforeTax": 5394700, "incomeTaxExpense": 1090200, "minorityInterest": {}, "netIncomeFromContinuingOps": 4304500, "discontinuedOperations": {}, "extraordinaryItems": {}, "effectOfAccountingCharges": {}, "otherItems": {}, "netIncome": 4304500, "netIncomeApplicableToCommonShares": 4304500}, {"maxAge": 1, "endDate": "2020-03-31", "totalRevenue": 1433100, "costOfRevenue": 23831, "grossProfit": 1409269, "researchDevelopment": {}, "sellingGeneralAdministrative": 878055, "nonRecurring": {}, "otherOperatingExpenses": 143772, "totalOperatingExpenses": 1059102, "operatingIncome": 373998, "totalOtherIncomeExpenseNet": 852097, "ebit": 373998, "interestExpense": -93, "incomeBeforeTax": 1226095, "incomeTaxExpense": 135437, "minorityInterest": {}, "netIncomeFromContinuingOps": 1090658, "discontinuedOperations": {}, "extraordinaryItems": {}, "effectOfAccountingCharges": {}, "otherItems": {}, "netIncome": 1090658, "netIncomeApplicableToCommonShares": 1090658}, {"maxAge": 1, "endDate": "2019-12-31", "totalRevenue": 1375100, "costOfRevenue": 0, "grossProfit": 1375100, "researchDevelopment": {}, "sellingGeneralAdministrative": 574200, "nonRecurring": {}, "otherOperatingExpenses": 358600, "totalOperatingExpenses": 946200, "operatingIncome": 428900, "totalOtherIncomeExpenseNet": 873400, "ebit": 428900, "interestExpense": -93, "incomeBeforeTax": 1302300, "incomeTaxExpense": 82500, "minorityInterest": {}, "netIncomeFromContinuingOps": 1219800, "discontinuedOperations": {}, "extraordinaryItems": {}, "effectOfAccountingCharges": {}, "otherItems": {}, "netIncome": 1219800, "netIncomeApplicableToCommonShares": 1219800}, {"maxAge": 1, "endDate": "2019-09-30", "totalRevenue": 2830600, "costOfRevenue": 145000, "grossProfit": 2685600, "researchDevelopment": {}, "sellingGeneralAdministrative": 574300, "nonRecurring": {}, "otherOperatingExpenses": 805200, "totalOperatingExpenses": 1537900, "operatingIncome": 1292700, "totalOtherIncomeExpenseNet": 173900, "ebit": 1292700, "interestExpense": -100, "incomeBeforeTax": 1466600, "incomeTaxExpense": 258600, "minorityInterest": {}, "netIncomeFromContinuingOps": 1208000, "discontinuedOperations": {}, "extraordinaryItems": {}, "effectOfAccountingCharges": {}, "otherItems": {}, "netIncome": 1208000, "netIncomeApplicableToCommonShares": 1208000}], "maxAge": 86400}, "cashflowStatementHistoryQuarterly": {"cashflowStatements": [{"maxAge": 1, "endDate": "2020-06-30", "netIncome": 4304500, "changeToLiabilities": 0}, {"maxAge": 1, "endDate": "2020-03-31", "netIncome": 1090658, "changeToLiabilities": 0}, {"maxAge": 1, "endDate": "2019-12-31", "netIncome": 1219800, "changeToLiabilities": 0}, {"maxAge": 1, "endDate": "2019-09-30", "netIncome": 1208000, "changeToLiabilities": 0}], "maxAge": 86400}, "insiderHolders": {"holders": [], "maxAge": 1}, "calendarEvents": {"maxAge": 1, "earnings": {"earningsDate": []}}, "upgradeDowngradeHistory": {"history": [], "maxAge": 86400}, "price": {"maxAge": 1, "regularMarketChangePercent": 0.049549505, "regularMarketChange": 0.21999979, "regularMarketTime": "2021-04-30 15:26:27", "priceHint": 4, "regularMarketPrice": 4.66, "regularMarketDayHigh": 4.66, "regularMarketDayLow": 4.22, "regularMarketVolume": 5999, "averageDailyVolume10Day": 4027, "averageDailyVolume3Month": 1505, "regularMarketPreviousClose": 4.44, "regularMarketSource": "FREE_REALTIME", "regularMarketOpen": 4.44, "exchange": "BSE", "exchangeName": "BSE", "exchangeDataDelayedBy": 0, "marketState": "CLOSED", "quoteType": "EQUITY", "symbol": "RAGHUNAT.BO", "underlyingSymbol": null, "shortName": "RAGHUNATH INTERNATIONAL LTD.", "longName": "Raghunath International Limited", "currency": "INR", "quoteSourceName": "Delayed Quote", "currencySymbol": "\u20b9", "fromCurrency": null, "lastMarket": null, "marketCap": 23300000}, "balanceSheetHistory": {"balanceSheetStatements": [{"maxAge": 1, "endDate": "2020-03-31", "cash": 1050570, "shortTermInvestments": 1457481, "netReceivables": 5136562, "inventory": 15879234, "otherCurrentAssets": 318201, "totalCurrentAssets": 23842048, "longTermInvestments": 39303272, "propertyPlantEquipment": 561306, "intangibleAssets": 175697, "otherAssets": 49655002, "deferredLongTermAssetCharges": 1193542, "totalAssets": 113537325, "otherCurrentLiab": 3315259, "otherLiab": 3013463, "totalCurrentLiabilities": 3825297, "totalLiab": 6838760, "commonStock": 50002000, "retainedEarnings": 56696568, "totalStockholderEquity": 106698568, "netTangibleAssets": 106522871}, {"maxAge": 1, "endDate": "2019-03-31", "cash": 476376, "shortTermInvestments": 1396637, "netReceivables": 5644330, "inventory": 16048065, "otherCurrentAssets": 625307, "totalCurrentAssets": 24190715, "longTermInvestments": 33826502, "propertyPlantEquipment": 614950, "intangibleAssets": 175697, "otherAssets": 47269038, "deferredLongTermAssetCharges": 1234383, "totalAssets": 106076902, "otherCurrentLiab": 2847637, "otherLiab": 2867840, "totalCurrentLiabilities": 3913560, "totalLiab": 6781400, "commonStock": 50002000, "retainedEarnings": 49293505, "treasuryStock": 49293500, "otherStockholderEquity": 49293500, "totalStockholderEquity": 99295505, "netTangibleAssets": 99119808}, {"maxAge": 1, "endDate": "2018-03-31", "cash": 604760, "shortTermInvestments": 1393254, "netReceivables": 5130429, "inventory": 16048065, "otherCurrentAssets": 263101, "totalCurrentAssets": 23440074, "longTermInvestments": 28101346, "propertyPlantEquipment": 668593, "intangibleAssets": 175697, "otherAssets": 46985094, "deferredLongTermAssetCharges": 977909, "totalAssets": 99370804, "otherCurrentLiab": 2704135, "otherLiab": 2765697, "totalCurrentLiabilities": 3527378, "totalLiab": 6293075, "commonStock": 50002000, "retainedEarnings": 43075731, "totalStockholderEquity": 93077731, "netTangibleAssets": 92902034}, {"maxAge": 1, "endDate": "2017-03-31", "cash": 541177, "shortTermInvestments": 1389915, "netReceivables": 5298520, "inventory": 16048065, "totalCurrentAssets": 23278042, "longTermInvestments": 28952904, "propertyPlantEquipment": 722236, "intangibleAssets": 175697, "otherAssets": 48320635, "deferredLongTermAssetCharges": 2252268, "totalAssets": 101449514, "otherCurrentLiab": 2639318, "otherLiab": 2452240, "totalCurrentLiabilities": 3110021, "totalLiab": 5562261, "commonStock": 50002000, "retainedEarnings": 45885258, "totalStockholderEquity": 95887258, "netTangibleAssets": 95711561}], "maxAge": 86400}, "financialData": {"maxAge": 86400, "currentPrice": 4.66, "recommendationKey": "none", "grossProfits": 6761369, "financialCurrency": "INR"}}}