{"RAIN.NS": {"assetProfile": {"address1": "Rain Center", "address2": "34, Srinagar Colony", "city": "Hyderabad", "zip": "500073", "country": "India", "phone": "91 40 4040 1234", "fax": "91 40 4040 1214", "website": "http://www.rain-industries.com", "industry": "Chemicals", "sector": "Basic Materials", "longBusinessSummary": "Rain Industries Limited, together with its subsidiaries, manufactures and sells carbon products, cement, electricity, and specialty chemicals in India and internationally. The company operates through three segments: Carbon, Advanced Materials, and Cement. It offers calcined petroleum coke, coal tar pitch, and green petroleum coke, as well as other derivatives of coal tar distillation, including carbon black oil, creosote oil, naphthalene, and other aromatic oils; naphthalene derivatives, including naphthalene, phthalic anhydride, polynaphthalene sulfonates, and modifiers; petrochemical intermediates, such as benzene, toluene, xylene, solvents, and fuel additives; carbon resins, hydrocarbon resins, pure resins, hydrogenated resins, and phenolics; and engineered products comprising binders and sealer coatings, as well as superplasticizers. The company also engages in the co-generation of energy through waste heat recovered in the calcining process. In addition, it produces and sells ordinary Portland and Portland pozzolana cement under the Priya Cement brand. The company was formerly known as Rain Commodities Limited and changed its name to Rain Industries Limited in July 2013. Rain Industries Limited was incorporated in 1974 and is headquartered in Hyderabad, India.", "fullTimeEmployees": 2700, "companyOfficers": [{"maxAge": 1, "name": "Mr. N. Radhakrishna Reddy", "age": 78, "title": "MD & Director", "yearBorn": 1942, "fiscalYear": 2020, "totalPay": 0, "exercisedValue": 0, "unexercisedValue": 0}, {"maxAge": 1, "name": "Mr. T. Srinivasa Rao", "age": 53, "title": "CFO & Chief Risk Officer", "yearBorn": 1967, "fiscalYear": 2020, "totalPay": 16680000, "exercisedValue": 0, "unexercisedValue": 0}, {"maxAge": 1, "name": "Mr. S. Venkata Ramana Reddy", "age": 46, "title": "Compliance Officer & Company Sec.", "yearBorn": 1974, "fiscalYear": 2020, "totalPay": 4800000, "exercisedValue": 0, "unexercisedValue": 0}, {"maxAge": 1, "name": "Mr. U. S. Saranga Pani", "age": 35, "title": "Assistant Gen. Mang. of Corp. Fin.", "yearBorn": 1985, "exercisedValue": 0, "unexercisedValue": 0}, {"maxAge": 1, "name": "Mr. V. P. Srikanth", "age": 54, "title": "Deputy Gen. Mang. of Legal", "yearBorn": 1966, "exercisedValue": 0, "unexercisedValue": 0}, {"maxAge": 1, "name": "Mr. M. S. Krishnamohan Reddy", "age": 57, "title": "Gen. Mang. of HR", "yearBorn": 1963, "exercisedValue": 0, "unexercisedValue": 0}, {"maxAge": 1, "name": "Mr. Balasubramanian  Ramaswamy", "age": 51, "title": "Chief Internal Auditor", "yearBorn": 1969, "exercisedValue": 0, "unexercisedValue": 0}, {"maxAge": 1, "name": "Mr. Udayagiri Pavan Kumar", "age": 33, "title": "Head of Internal Controls Group", "yearBorn": 1987, "exercisedValue": 0, "unexercisedValue": 0}], "auditRisk": 7, "boardRisk": 1, "compensationRisk": 1, "shareHolderRightsRisk": 1, "overallRisk": 1, "governanceEpochDate": "2021-04-01 05:30:00", "compensationAsOfEpochDate": "2020-12-31 05:30:00", "maxAge": 86400}, "recommendationTrend": {"trend": [{"period": "0m", "strongBuy": 0, "buy": 0, "hold": 0, "sell": 0, "strongSell": 0}, {"period": "-1m", "strongBuy": 1, "buy": 1, "hold": 0, "sell": 0, "strongSell": 0}, {"period": "-2m", "strongBuy": 1, "buy": 1, "hold": 0, "sell": 0, "strongSell": 0}, {"period": "-3m", "strongBuy": 1, "buy": 1, "hold": 0, "sell": 0, "strongSell": 0}], "maxAge": 86400}, "cashflowStatementHistory": {"cashflowStatements": [{"maxAge": 1, "endDate": "2020-12-31", "netIncome": 5581670000, "depreciation": 7778010000, "changeToNetincome": 1832860000, "changeToAccountReceivables": -373320000, "changeToLiabilities": 917940000, "changeToInventory": 1778040000, "changeToOperatingActivities": 710250000, "totalCashFromOperatingActivities": 18225450000, "capitalExpenditures": -10805360000, "investments": 4673810000, "otherCashflowsFromInvestingActivities": -1794260000, "totalCashflowsFromInvestingActivities": -7715230000, "dividendsPaid": -336350000, "netBorrowings": -450900000, "otherCashflowsFromFinancingActivities": -5211790000, "totalCashFromFinancingActivities": -5999040000, "effectOfExchangeRate": -264440000, "changeInCash": 4246740000}, {"maxAge": 1, "endDate": "2019-12-31", "netIncome": 3913840000, "depreciation": 5134030000, "changeToNetincome": 4645820000, "changeToAccountReceivables": 5272130000, "changeToLiabilities": -3540370000, "changeToInventory": 6410540000, "changeToOperatingActivities": 563810000, "totalCashFromOperatingActivities": 22399800000, "capitalExpenditures": -11936710000, "investments": -231130000, "otherCashflowsFromInvestingActivities": 354140000, "totalCashflowsFromInvestingActivities": -11792030000, "dividendsPaid": -382300000, "netBorrowings": -1321510000, "otherCashflowsFromFinancingActivities": -4824580000, "totalCashFromFinancingActivities": -6528390000, "effectOfExchangeRate": -861960000, "changeInCash": 3217420000}, {"maxAge": 1, "endDate": "2018-12-31", "netIncome": 5816260000, "depreciation": 5550860000, "changeToNetincome": 4991760000, "changeToAccountReceivables": 701080000, "changeToLiabilities": 2765440000, "changeToInventory": -2975230000, "changeToOperatingActivities": 204910000, "totalCashFromOperatingActivities": 17055080000, "capitalExpenditures": -11630540000, "investments": 1420540000, "otherCashflowsFromInvestingActivities": -225050000, "totalCashflowsFromInvestingActivities": -10323750000, "dividendsPaid": -672690000, "netBorrowings": -46390000, "otherCashflowsFromFinancingActivities": -5466880000, "totalCashFromFinancingActivities": -6185960000, "effectOfExchangeRate": -52900000, "changeInCash": 492470000}, {"maxAge": 1, "endDate": "2017-12-31", "netIncome": 7635870000, "depreciation": 5256270000, "changeToNetincome": 5704960000, "changeToAccountReceivables": -6359240000, "changeToLiabilities": 4462040000, "changeToInventory": -7332100000, "changeToOperatingActivities": -686930000, "totalCashFromOperatingActivities": 8680870000, "capitalExpenditures": -4565930000, "investments": -892560000, "otherCashflowsFromInvestingActivities": 114820000, "totalCashflowsFromInvestingActivities": -5034820000, "dividendsPaid": -338840000, "netBorrowings": 1557690000, "otherCashflowsFromFinancingActivities": -6423670000, "totalCashFromFinancingActivities": -5204820000, "effectOfExchangeRate": -356890000, "changeInCash": -1915660000}], "maxAge": 86400}, "indexTrend": {"maxAge": 1, "symbol": "SP5", "peRatio": 19.7411, "pegRatio": 1.34172, "estimates": [{"period": "0q", "growth": 0.549}, {"period": "+1q", "growth": 0.431}, {"period": "0y", "growth": 0.305}, {"period": "+1y", "growth": 0.109}, {"period": "+5y", "growth": 0.120865}, {"period": "-5y"}]}, "defaultKeyStatistics": {"maxAge": 1, "priceHint": 2, "enterpriseValue": 62190317568, "forwardPE": 3.7976694, "profitMargins": 0.06204, "floatShares": 145032257, "sharesOutstanding": 336345984, "heldPercentInsiders": 0.47967997, "heldPercentInstitutions": 0.12613, "category": null, "bookValue": 164.518, "priceToBook": 1.0895464, "fundFamily": null, "legalType": null, "lastFiscalYearEnd": "2020-12-31 05:30:00", "nextFiscalYearEnd": "2022-12-31 05:30:00", "mostRecentQuarter": "2021-03-31 05:30:00", "earningsQuarterlyGrowth": 0.936, "netIncomeToCommon": 6579049984, "trailingEps": 19.554, "forwardEps": 47.2, "lastSplitFactor": "5:1", "lastSplitDate": "2011-06-15 05:30:00", "enterpriseToRevenue": 0.586, "enterpriseToEbitda": 3.4}, "industryTrend": {"maxAge": 1, "symbol": null, "estimates": []}, "quoteType": {"exchange": "NSI", "quoteType": "EQUITY", "symbol": "RAIN.NS", "underlyingSymbol": "RAIN.NS", "shortName": "RAIN INDUSTRIES LT", "longName": "Rain Industries Limited", "firstTradeDateEpochUtc": "2002-08-12 09:15:00", "timeZoneFullName": "Asia/Kolkata", "timeZoneShortName": "IST", "uuid": "efca07bb-ad06-3a3f-9362-4cccc0ef6e90", "gmtOffSetMilliseconds": 19800000, "maxAge": 1}, "incomeStatementHistory": {"incomeStatementHistory": [{"maxAge": 1, "endDate": "2020-12-31", "totalRevenue": 104646930000, "costOfRevenue": 52047490000, "grossProfit": 52599440000, "researchDevelopment": {}, "sellingGeneralAdministrative": 12647310000, "nonRecurring": {}, "otherOperatingExpenses": 22565330000, "totalOperatingExpenses": 95037770000, "operatingIncome": 9609160000, "totalOtherIncomeExpenseNet": -1099290000, "ebit": 9609160000, "interestExpense": -4688110000, "incomeBeforeTax": 8509870000, "incomeTaxExpense": 2627560000, "minorityInterest": 1715020000, "netIncomeFromContinuingOps": 5882310000, "discontinuedOperations": {}, "extraordinaryItems": {}, "effectOfAccountingCharges": {}, "otherItems": {}, "netIncome": 5581670000, "netIncomeApplicableToCommonShares": 5581670000}, {"maxAge": 1, "endDate": "2019-12-31", "totalRevenue": 123606570000, "costOfRevenue": 70938730000, "grossProfit": 52667840000, "researchDevelopment": {}, "sellingGeneralAdministrative": 13550130000, "nonRecurring": {}, "otherOperatingExpenses": 23309430000, "totalOperatingExpenses": 112931950000, "operatingIncome": 10674620000, "totalOtherIncomeExpenseNet": -4767520000, "ebit": 10674620000, "interestExpense": -4273560000, "incomeBeforeTax": 5907100000, "incomeTaxExpense": 1282760000, "minorityInterest": 1954700000, "netIncomeFromContinuingOps": 4624340000, "discontinuedOperations": {}, "extraordinaryItems": {}, "effectOfAccountingCharges": {}, "otherItems": {}, "netIncome": 3913840000, "netIncomeApplicableToCommonShares": 3913840000}, {"maxAge": 1, "endDate": "2018-12-31", "totalRevenue": 140489930000, "costOfRevenue": 77270890000, "grossProfit": 63219040000, "researchDevelopment": {}, "sellingGeneralAdministrative": 13570400000, "nonRecurring": {}, "otherOperatingExpenses": 29779430000, "totalOperatingExpenses": 126171220000, "operatingIncome": 14318710000, "totalOtherIncomeExpenseNet": -4362180000, "ebit": 14318710000, "interestExpense": -4250200000, "incomeBeforeTax": 9956530000, "incomeTaxExpense": 3643220000, "minorityInterest": 1433250000, "netIncomeFromContinuingOps": 6313310000, "discontinuedOperations": {}, "extraordinaryItems": {}, "effectOfAccountingCharges": {}, "otherItems": {}, "netIncome": 5816260000, "netIncomeApplicableToCommonShares": 5816260000}, {"maxAge": 1, "endDate": "2017-12-31", "totalRevenue": 113031890000, "costOfRevenue": 54453730000, "grossProfit": 58578160000, "researchDevelopment": {}, "sellingGeneralAdministrative": 11458370000, "nonRecurring": {}, "otherOperatingExpenses": 24393090000, "totalOperatingExpenses": 95561120000, "operatingIncome": 17470770000, "totalOtherIncomeExpenseNet": -6631460000, "ebit": 17470770000, "interestExpense": -5542750000, "incomeBeforeTax": 10839310000, "incomeTaxExpense": 2918090000, "minorityInterest": 1013240000, "netIncomeFromContinuingOps": 7921220000, "discontinuedOperations": {}, "extraordinaryItems": {}, "effectOfAccountingCharges": {}, "otherItems": {}, "netIncome": 7635870000, "netIncomeApplicableToCommonShares": 7635870000}], "maxAge": 86400}, "fundOwnership": {"ownershipList": [{"maxAge": 1, "reportDate": "2021-01-31", "organization": "Vanguard International Stock Index-Emerging Markets Stk", "pctHeld": 0.0034, "position": 1149065, "value": 145586535}, {"maxAge": 1, "reportDate": "2021-01-31", "organization": "Vanguard International Stock Index-Total Intl Stock Indx", "pctHeld": 0.003, "position": 1001016, "value": 126828727}, {"maxAge": 1, "reportDate": "2021-01-31", "organization": "DFA Emerging Markets Core Equity Portfolio", "pctHeld": 0.0027, "position": 908229, "value": 115072614}, {"maxAge": 1, "reportDate": "2021-01-31", "organization": "DFA Investment Dimensions-DFA Emerging Mkts Value", "pctHeld": 0.0022, "position": 736786, "value": 93350786}, {"maxAge": 1, "reportDate": "2021-01-31", "organization": "DFA Emerging Markets Small Cap Series", "pctHeld": 0.0013, "position": 437719, "value": 55458997}, {"maxAge": 1, "reportDate": "2021-01-31", "organization": "Vanguard Intl Equity Index Fds-FTSE All World ex U.S.Small Cap Index", "pctHeld": 0.001, "position": 343967, "value": 43580618}, {"maxAge": 1, "reportDate": "2021-02-28", "organization": "WisdomTree Tr-WisdomTree India Earnings Fd", "pctHeld": 0.00059999997, "position": 188558, "value": 31234632}, {"maxAge": 1, "reportDate": "2021-03-31", "organization": "SPDR Portfolio Emerging Markets ETF", "pctHeld": 0.0005, "position": 166462, "value": 23779096}, {"maxAge": 1, "reportDate": "2021-03-31", "organization": "SPDR (R) Idx Shares-SPDR (R) Emerging Markets Small Cap ETF", "pctHeld": 0.00029999999, "position": 101046, "value": 14434421}, {"maxAge": 1, "reportDate": "2021-01-31", "organization": "DFA T.A. World Ex U.S. Core Equity Portfolio", "pctHeld": 0.0002, "position": 51180, "value": 6484506}], "maxAge": 1}, "summaryDetail": {"maxAge": 1, "priceHint": 2, "previousClose": 184.9, "open": 182.95, "dayLow": 178.05, "dayHigh": 191.1, "regularMarketPreviousClose": 184.9, "regularMarketOpen": 182.95, "regularMarketDayLow": 178.05, "regularMarketDayHigh": 191.1, "dividendRate": 1.0, "dividendYield": 0.0054, "exDividendDate": "2020-11-10 05:30:00", "payoutRatio": 0.0602, "fiveYearAvgDividendYield": 1.22, "trailingPE": 9.166922, "forwardPE": 3.7976694, "volume": 8908280, "regularMarketVolume": 8908280, "averageVolume": 3141016, "averageVolume10days": 2459264, "averageDailyVolume10Day": 2459264, "bid": 0.0, "ask": 0.0, "bidSize": 0, "askSize": 0, "marketCap": 60273709056, "fiftyTwoWeekLow": 55.0, "fiftyTwoWeekHigh": 191.1, "priceToSalesTrailing12Months": 0.568377, "fiftyDayAverage": 150.33676, "twoHundredDayAverage": 126.34184, "trailingAnnualDividendRate": 1.0, "trailingAnnualDividendYield": 0.005408329, "currency": "INR", "fromCurrency": null, "lastMarket": null, "algorithm": null, "tradeable": false}, "insiderHolders": {"holders": [{"maxAge": 1, "name": "CIR International S.A.", "relation": "Institution- Corporation", "url": "", "transactionDescription": "Sale", "latestTransDate": "2015-04-16", "positionDirect": 11347007, "positionDirectDate": "2015-04-16"}, {"maxAge": 1, "name": "Pabrai Investment Funds", "relation": "Investment Management Company", "url": "", "transactionDescription": "Acquisition", "latestTransDate": "2015-05-06", "positionDirect": 14165468, "positionDirectDate": "2015-05-06"}, {"maxAge": 1, "name": "Reddy (Akhila N)", "relation": "Promoter", "url": "", "transactionDescription": "Gift", "latestTransDate": "2015-01-23", "positionDirect": 1869315, "positionDirectDate": "2015-01-23"}, {"maxAge": 1, "name": "Reddy (Ananthalaxmi A)", "relation": "Promoter", "url": "", "transactionDescription": "Gift", "latestTransDate": "2015-01-23", "positionDirect": 0, "positionDirectDate": "2015-01-23"}, {"maxAge": 1, "name": "Reddy (Anupama N)", "relation": "Promoter", "url": "", "transactionDescription": "Acquisition", "latestTransDate": "2020-03-31", "positionDirect": 27300669, "positionDirectDate": "2020-03-31"}, {"maxAge": 1, "name": "Reddy (Jagan Mohan N)", "relation": "Managing Director", "url": "", "transactionDescription": "Gift", "latestTransDate": "2015-01-23", "positionDirect": 0, "positionDirectDate": "2015-01-23"}, {"maxAge": 1, "name": "Reddy (Lakshmi Narasa N)", "relation": "Promoter", "url": "", "transactionDescription": "Gift", "latestTransDate": "2015-01-23", "positionDirect": 0, "positionDirectDate": "2015-01-23"}, {"maxAge": 1, "name": "Reddy (Rajiv)", "relation": "Promoter", "url": "", "transactionDescription": "Sale", "latestTransDate": "2014-09-16", "positionDirect": 0, "positionDirectDate": "2014-09-16"}, {"maxAge": 1, "name": "Reddy (Santhosh Kumar Y)", "relation": "Promoter", "url": "", "transactionDescription": "Sale", "latestTransDate": "2014-09-08", "positionDirect": 0, "positionDirectDate": "2014-09-08"}, {"maxAge": 1, "name": "Reddy (Swarnalatha N)", "relation": "Promoter", "url": "", "transactionDescription": "Gift", "latestTransDate": "2015-01-23", "positionDirect": 0, "positionDirectDate": "2015-01-23"}], "maxAge": 1}, "calendarEvents": {"maxAge": 1, "earnings": {"earningsDate": []}, "exDividendDate": "2020-11-10 05:30:00"}, "upgradeDowngradeHistory": {"history": [], "maxAge": 86400}, "price": {"maxAge": 1, "regularMarketChangePercent": -0.030557025, "regularMarketChange": -5.649994, "regularMarketTime": "2021-04-30 15:30:02", "priceHint": 2, "regularMarketPrice": 179.25, "regularMarketDayHigh": 191.1, "regularMarketDayLow": 178.05, "regularMarketVolume": 8908280, "averageDailyVolume10Day": 2459264, "averageDailyVolume3Month": 3141016, "regularMarketPreviousClose": 184.9, "regularMarketSource": "FREE_REALTIME", "regularMarketOpen": 182.95, "exchange": "NSI", "exchangeName": "NSE", "exchangeDataDelayedBy": 15, "marketState": "CLOSED", "quoteType": "EQUITY", "symbol": "RAIN.NS", "underlyingSymbol": null, "shortName": "RAIN INDUSTRIES LT", "longName": "Rain Industries Limited", "currency": "INR", "quoteSourceName": "Delayed Quote", "currencySymbol": "\u20b9", "fromCurrency": null, "lastMarket": null, "marketCap": 60273709056}, "balanceSheetHistory": {"balanceSheetStatements": [{"maxAge": 1, "endDate": "2020-12-31", "cash": 15198320000, "shortTermInvestments": 2583210000, "netReceivables": 11694780000, "inventory": 15856700000, "otherCurrentAssets": 4148620000, "totalCurrentAssets": 49817460000, "longTermInvestments": 149630000, "propertyPlantEquipment": 55532970000, "goodWill": 64726350000, "intangibleAssets": 298010000, "otherAssets": 12287190000, "deferredLongTermAssetCharges": 8545950000, "totalAssets": 182811610000, "accountsPayable": 8221630000, "shortLongTermDebt": 2401060000, "otherCurrentLiab": 5352020000, "longTermDebt": 75784200000, "otherLiab": 20037640000, "minorityInterest": 1715020000, "totalCurrentLiabilities": 25712030000, "totalLiab": 125761630000, "commonStock": 672690000, "retainedEarnings": 52870060000, "treasuryStock": 1275540000, "capitalSurplus": 516670000, "otherStockholderEquity": 1275540000, "totalStockholderEquity": 55334960000, "netTangibleAssets": -9689400000}, {"maxAge": 1, "endDate": "2019-12-31", "cash": 10951580000, "shortTermInvestments": 463920000, "netReceivables": 12044120000, "inventory": 17421580000, "otherCurrentAssets": 2227840000, "totalCurrentAssets": 43799160000, "longTermInvestments": 142990000, "propertyPlantEquipment": 46005220000, "goodWill": 62216870000, "intangibleAssets": 319040000, "otherAssets": 9866290000, "deferredLongTermAssetCharges": 6218130000, "totalAssets": 162349570000, "accountsPayable": 7894620000, "shortLongTermDebt": 782550000, "otherCurrentLiab": 5556600000, "longTermDebt": 72540380000, "otherLiab": 15259710000, "minorityInterest": 1954700000, "totalCurrentLiabilities": 21980600000, "totalLiab": 110795820000, "commonStock": 672690000, "retainedEarnings": 48060450000, "treasuryStock": 349240000, "capitalSurplus": 516670000, "otherStockholderEquity": 349240000, "totalStockholderEquity": 49599050000, "netTangibleAssets": -12936860000}, {"maxAge": 1, "endDate": "2018-12-31", "cash": 7734160000, "shortTermInvestments": 416010000, "netReceivables": 17033630000, "inventory": 23683330000, "otherCurrentAssets": 3109880000, "totalCurrentAssets": 52466060000, "longTermInvestments": 136470000, "propertyPlantEquipment": 38937720000, "goodWill": 61315310000, "intangibleAssets": 304930000, "otherAssets": 5070180000, "deferredLongTermAssetCharges": 2773210000, "totalAssets": 158230670000, "accountsPayable": 13414150000, "shortLongTermDebt": 221790000, "otherCurrentLiab": 4018360000, "longTermDebt": 72212790000, "otherLiab": 11713470000, "minorityInterest": 1433250000, "totalCurrentLiabilities": 26436350000, "totalLiab": 110570010000, "commonStock": 672690000, "retainedEarnings": 44528910000, "treasuryStock": 509140000, "capitalSurplus": 516670000, "otherStockholderEquity": 509140000, "totalStockholderEquity": 46227410000, "netTangibleAssets": -15392830000}, {"maxAge": 1, "endDate": "2017-12-31", "cash": 7241690000, "shortTermInvestments": 1716560000, "netReceivables": 16972310000, "inventory": 19985340000, "otherCurrentAssets": 3406070000, "totalCurrentAssets": 49567760000, "longTermInvestments": 337960000, "propertyPlantEquipment": 33453250000, "goodWill": 57622460000, "intangibleAssets": 233410000, "otherAssets": 4288230000, "deferredLongTermAssetCharges": 2817180000, "totalAssets": 145503070000, "accountsPayable": 11475730000, "shortLongTermDebt": 32614890000, "otherCurrentLiab": 3908310000, "longTermDebt": 37072820000, "otherLiab": 12408680000, "minorityInterest": 1013240000, "totalCurrentLiabilities": 55242950000, "totalLiab": 105048800000, "commonStock": 672690000, "retainedEarnings": 39385340000, "treasuryStock": -1133670000, "capitalSurplus": 516670000, "otherStockholderEquity": -1133670000, "totalStockholderEquity": 39441030000, "netTangibleAssets": -18414840000}], "maxAge": 86400}, "earningsTrend": {"trend": [{"maxAge": 1, "period": "0q", "endDate": "2018-03-31", "growth": {}, "earningsEstimate": {"avg": 0.0, "low": 0.0, "high": 0.0, "yearAgoEps": 3.75, "numberOfAnalysts": 0, "growth": {}}, "revenueEstimate": {"avg": 0, "low": 0, "high": 0, "numberOfAnalysts": 0, "yearAgoRevenue": {}, "growth": {}}, "epsTrend": {"current": 0.0, "7daysAgo": 0.0, "30daysAgo": 0.0, "60daysAgo": 0.0, "90daysAgo": 0.0}, "epsRevisions": {"upLast7days": 0, "upLast30days": 0, "downLast30days": 0, "downLast90days": {}}}, {"maxAge": 1, "period": "+1q", "endDate": "2018-06-30", "growth": {}, "earningsEstimate": {"avg": 0.0, "low": 0.0, "high": 0.0, "yearAgoEps": 4.51, "numberOfAnalysts": 0, "growth": {}}, "revenueEstimate": {"avg": 0, "low": 0, "high": 0, "numberOfAnalysts": 0, "yearAgoRevenue": {}, "growth": {}}, "epsTrend": {"current": 0.0, "7daysAgo": 0.0, "30daysAgo": 0.0, "60daysAgo": 0.0, "90daysAgo": 0.0}, "epsRevisions": {"upLast7days": 0, "upLast30days": 0, "downLast30days": 0, "downLast90days": {}}}, {"maxAge": 1, "period": "0y", "endDate": "2018-12-31", "growth": 0.244, "earningsEstimate": {"avg": 34.9, "low": 23.6, "high": 42.2, "yearAgoEps": 28.06, "numberOfAnalysts": 3, "growth": 0.244}, "revenueEstimate": {"avg": 134697000000, "low": 133112000000, "high": 137091000000, "numberOfAnalysts": 3, "yearAgoRevenue": 114471000000, "growth": 0.177}, "epsTrend": {"current": 34.9, "7daysAgo": 31.47, "30daysAgo": 31.47, "60daysAgo": 31.47, "90daysAgo": 31.47}, "epsRevisions": {"upLast7days": 1, "upLast30days": 1, "downLast30days": 0, "downLast90days": {}}}, {"maxAge": 1, "period": "+1y", "endDate": "2019-12-31", "growth": 0.352, "earningsEstimate": {"avg": 47.2, "low": 43.0, "high": 51.4, "yearAgoEps": 34.9, "numberOfAnalysts": 2, "growth": 0.352}, "revenueEstimate": {"avg": 149224000000, "low": 146072000000, "high": 152376000000, "numberOfAnalysts": 2, "yearAgoRevenue": 134697000000, "growth": 0.108}, "epsTrend": {"current": 47.2, "7daysAgo": 43.0, "30daysAgo": 43.0, "60daysAgo": 43.0, "90daysAgo": 43.0}, "epsRevisions": {"upLast7days": 0, "upLast30days": 0, "downLast30days": 0, "downLast90days": {}}}, {"maxAge": 1, "period": "+5y", "endDate": null, "growth": {}, "earningsEstimate": {"avg": {}, "low": {}, "high": {}, "yearAgoEps": {}, "numberOfAnalysts": {}, "growth": {}}, "revenueEstimate": {"avg": {}, "low": {}, "high": {}, "numberOfAnalysts": {}, "yearAgoRevenue": {}, "growth": {}}, "epsTrend": {"current": {}, "7daysAgo": {}, "30daysAgo": {}, "60daysAgo": {}, "90daysAgo": {}}, "epsRevisions": {"upLast7days": {}, "upLast30days": {}, "downLast30days": {}, "downLast90days": {}}}, {"maxAge": 1, "period": "-5y", "endDate": null, "growth": -0.10277, "earningsEstimate": {"avg": {}, "low": {}, "high": {}, "yearAgoEps": {}, "numberOfAnalysts": {}, "growth": {}}, "revenueEstimate": {"avg": {}, "low": {}, "high": {}, "numberOfAnalysts": {}, "yearAgoRevenue": {}, "growth": {}}, "epsTrend": {"current": {}, "7daysAgo": {}, "30daysAgo": {}, "60daysAgo": {}, "90daysAgo": {}}, "epsRevisions": {"upLast7days": {}, "upLast30days": {}, "downLast30days": {}, "downLast90days": {}}}], "maxAge": 1}, "institutionOwnership": {"ownershipList": [], "maxAge": 1}, "majorHoldersBreakdown": {"maxAge": 1, "insidersPercentHeld": 0.47967997, "institutionsPercentHeld": 0.12613, "institutionsFloatPercentHeld": 0.24239999, "institutionsCount": 19}, "balanceSheetHistoryQuarterly": {"balanceSheetStatements": [{"maxAge": 1, "endDate": "2021-03-31"}, {"maxAge": 1, "endDate": "2020-12-31", "cash": 15198320000, "shortTermInvestments": 2583210000, "netReceivables": 11694780000, "inventory": 15856700000, "otherCurrentAssets": 4148620000, "totalCurrentAssets": 49817460000, "longTermInvestments": 149630000, "propertyPlantEquipment": 55532970000, "goodWill": 64726350000, "intangibleAssets": 298010000, "otherAssets": 12287190000, "deferredLongTermAssetCharges": 8545950000, "totalAssets": 182811610000, "accountsPayable": 8221630000, "shortLongTermDebt": 2401060000, "otherCurrentLiab": 5352020000, "longTermDebt": 75784200000, "otherLiab": 20037640000, "minorityInterest": 1715020000, "totalCurrentLiabilities": 25712030000, "totalLiab": 125761630000, "commonStock": 672690000, "retainedEarnings": 52870060000, "treasuryStock": 1275540000, "capitalSurplus": 516670000, "otherStockholderEquity": 1275540000, "totalStockholderEquity": 55334960000, "netTangibleAssets": -9689400000}, {"maxAge": 1, "endDate": "2020-09-30", "totalStockholderEquity": 51919190000, "netTangibleAssets": -14117380000}, {"maxAge": 1, "endDate": "2020-06-30", "cash": 12918690000, "shortTermInvestments": 2135590000, "netReceivables": 12177930000, "inventory": 15717660000, "otherCurrentAssets": 2215990000, "totalCurrentAssets": 45165860000, "longTermInvestments": 139770000, "propertyPlantEquipment": 55026110000, "goodWill": 65744680000, "intangibleAssets": 291890000, "otherAssets": 10741860000, "deferredLongTermAssetCharges": 6805610000, "totalAssets": 177110170000, "accountsPayable": 8621310000, "otherCurrentLiab": 10563280000, "longTermDebt": 81578020000, "otherLiab": 16305730000, "minorityInterest": 2023740000, "totalCurrentLiabilities": 25283490000, "totalLiab": 123167240000, "commonStock": 672690000, "treasuryStock": 51246500000, "otherStockholderEquity": 51246500000, "totalStockholderEquity": 51919190000, "netTangibleAssets": -14117380000}], "maxAge": 86400}, "earningsHistory": {"history": [{"maxAge": 1, "epsActual": 3.75, "epsEstimate": 3.85, "epsDifference": -0.1, "surprisePercent": -0.025999999, "quarter": "2017-03-31", "period": "-4q"}, {"maxAge": 1, "epsActual": 4.51, "epsEstimate": 4.19, "epsDifference": 0.32, "surprisePercent": 0.076, "quarter": "2017-06-30", "period": "-3q"}, {"maxAge": 1, "epsActual": 7.3, "epsEstimate": 5.4, "epsDifference": 1.9, "surprisePercent": 0.352, "quarter": "2017-09-30", "period": "-2q"}, {"maxAge": 1, "epsActual": 12.5, "epsEstimate": 8.0, "epsDifference": 4.5, "surprisePercent": 0.56200004, "quarter": "2017-12-31", "period": "-1q"}], "maxAge": 86400}, "summaryProfile": {"address1": "Rain Center", "address2": "34, Srinagar Colony", "city": "Hyderabad", "zip": "500073", "country": "India", "phone": "91 40 4040 1234", "fax": "91 40 4040 1214", "website": "http://www.rain-industries.com", "industry": "Chemicals", "sector": "Basic Materials", "longBusinessSummary": "Rain Industries Limited, together with its subsidiaries, manufactures and sells carbon products, cement, electricity, and specialty chemicals in India and internationally. The company operates through three segments: Carbon, Advanced Materials, and Cement. It offers calcined petroleum coke, coal tar pitch, and green petroleum coke, as well as other derivatives of coal tar distillation, including carbon black oil, creosote oil, naphthalene, and other aromatic oils; naphthalene derivatives, including naphthalene, phthalic anhydride, polynaphthalene sulfonates, and modifiers; petrochemical intermediates, such as benzene, toluene, xylene, solvents, and fuel additives; carbon resins, hydrocarbon resins, pure resins, hydrogenated resins, and phenolics; and engineered products comprising binders and sealer coatings, as well as superplasticizers. The company also engages in the co-generation of energy through waste heat recovered in the calcining process. In addition, it produces and sells ordinary Portland and Portland pozzolana cement under the Priya Cement brand. The company was formerly known as Rain Commodities Limited and changed its name to Rain Industries Limited in July 2013. Rain Industries Limited was incorporated in 1974 and is headquartered in Hyderabad, India.", "fullTimeEmployees": 2700, "companyOfficers": [], "maxAge": 86400}, "netSharePurchaseActivity": {"maxAge": 1, "period": "6m", "buyInfoCount": 0, "buyInfoShares": 0, "sellInfoCount": 0, "netInfoCount": 0, "netInfoShares": 0, "netPercentInsiderShares": 0.0, "totalInsiderShares": 161338272}, "insiderTransactions": {"transactions": [{"maxAge": 1, "shares": 65518, "filerUrl": "", "transactionText": "", "filerName": "Reddy (Anupama N)", "filerRelation": "Promoter", "moneyText": "", "startDate": "2020-03-31", "ownership": "D"}, {"maxAge": 1, "shares": 40822, "filerUrl": "", "transactionText": "", "filerName": "Reddy (Anupama N)", "filerRelation": "Promoter", "moneyText": "", "startDate": "2020-03-27", "ownership": "D"}, {"maxAge": 1, "shares": 41978, "filerUrl": "", "transactionText": "", "filerName": "Reddy (Anupama N)", "filerRelation": "Promoter", "moneyText": "", "startDate": "2020-03-24", "ownership": "D"}, {"maxAge": 1, "shares": 3750000, "filerUrl": "", "transactionText": "", "filerName": "Pabrai Investment Funds", "filerRelation": "Investment Management Company", "moneyText": "", "startDate": "2015-05-06", "ownership": "D"}, {"maxAge": 1, "shares": 144000, "filerUrl": "", "transactionText": "", "filerName": "Reddy (Anupama N)", "filerRelation": "Promoter", "moneyText": "", "startDate": "2015-04-17", "ownership": "D"}, {"maxAge": 1, "shares": 6002993, "filerUrl": "", "transactionText": "", "filerName": "CIR International S.A.", "filerRelation": "Institution- Corporation", "moneyText": "", "startDate": "2015-04-16", "ownership": "D"}, {"maxAge": 1, "shares": 125692, "filerUrl": "", "transactionText": "", "filerName": "Reddy (Anupama N)", "filerRelation": "Promoter", "moneyText": "", "startDate": "2015-04-15", "ownership": "D"}, {"maxAge": 1, "shares": 202111, "filerUrl": "", "transactionText": "", "filerName": "Reddy (Anupama N)", "filerRelation": "Promoter", "moneyText": "", "startDate": "2015-04-10", "ownership": "D"}, {"maxAge": 1, "shares": 136400, "filerUrl": "", "transactionText": "", "filerName": "Reddy (Anupama N)", "filerRelation": "Promoter", "moneyText": "", "startDate": "2015-04-08", "ownership": "D"}, {"maxAge": 1, "shares": 158873, "filerUrl": "", "transactionText": "", "filerName": "Reddy (Anupama N)", "filerRelation": "Promoter", "moneyText": "", "startDate": "2015-04-07", "ownership": "D"}, {"maxAge": 1, "shares": 1507250, "filerUrl": "", "transactionText": "", "filerName": "Reddy (Akhila N)", "filerRelation": "Promoter", "moneyText": "", "startDate": "2015-01-23", "ownership": "D"}, {"maxAge": 1, "shares": 1042000, "filerUrl": "", "transactionText": "", "filerName": "Reddy (Swarnalatha N)", "filerRelation": "Promoter", "moneyText": "", "startDate": "2015-01-23", "ownership": "D"}, {"maxAge": 1, "shares": 26259865, "filerUrl": "", "transactionText": "", "filerName": "Reddy (Anupama N)", "filerRelation": "Promoter", "moneyText": "", "startDate": "2015-01-23", "ownership": "D"}, {"maxAge": 1, "shares": 8586640, "filerUrl": "", "transactionText": "", "filerName": "Reddy (Jagan Mohan N)", "filerRelation": "Managing Director", "moneyText": "", "startDate": "2015-01-23", "ownership": "D"}, {"maxAge": 1, "shares": 465250, "filerUrl": "", "transactionText": "", "filerName": "Reddy (Lakshmi Narasa N)", "filerRelation": "Promoter", "moneyText": "", "startDate": "2015-01-23", "ownership": "D"}, {"maxAge": 1, "shares": 17673225, "filerUrl": "", "transactionText": "", "filerName": "Reddy (Ananthalaxmi A)", "filerRelation": "Promoter", "moneyText": "", "startDate": "2015-01-23", "ownership": "D"}, {"maxAge": 1, "shares": 6307640, "filerUrl": "", "transactionText": "", "filerName": "Reddy (Rajiv)", "filerRelation": "Promoter", "moneyText": "", "startDate": "2014-09-16", "ownership": "D"}, {"maxAge": 1, "shares": 190144, "filerUrl": "", "transactionText": "", "filerName": "Reddy (Santhosh Kumar Y)", "filerRelation": "Promoter", "moneyText": "", "startDate": "2014-09-08", "ownership": "D"}, {"maxAge": 1, "shares": 195000, "filerUrl": "", "transactionText": "", "filerName": "Reddy (Santhosh Kumar Y)", "filerRelation": "Promoter", "moneyText": "", "startDate": "2014-09-05", "ownership": "D"}, {"maxAge": 1, "shares": 277453, "filerUrl": "", "transactionText": "", "filerName": "Reddy (Santhosh Kumar Y)", "filerRelation": "Promoter", "moneyText": "", "startDate": "2014-09-04", "ownership": "D"}, {"maxAge": 1, "shares": 229865, "filerUrl": "", "transactionText": "", "filerName": "Reddy (Santhosh Kumar Y)", "filerRelation": "Promoter", "moneyText": "", "startDate": "2014-09-02", "ownership": "D"}, {"maxAge": 1, "shares": 23557, "filerUrl": "", "transactionText": "", "filerName": "Reddy (Santhosh Kumar Y)", "filerRelation": "Promoter", "moneyText": "", "startDate": "2014-08-28", "ownership": "D"}, {"maxAge": 1, "shares": 675029, "filerUrl": "", "transactionText": "", "filerName": "Reddy (Santhosh Kumar Y)", "filerRelation": "Promoter", "moneyText": "", "startDate": "2014-08-27", "ownership": "D"}, {"maxAge": 1, "shares": 200759, "filerUrl": "", "transactionText": "", "filerName": "Reddy (Santhosh Kumar Y)", "filerRelation": "Promoter", "moneyText": "", "startDate": "2014-08-22", "ownership": "D"}, {"maxAge": 1, "shares": 489478, "filerUrl": "", "transactionText": "", "filerName": "Reddy (Santhosh Kumar Y)", "filerRelation": "Promoter", "moneyText": "", "startDate": "2014-08-21", "ownership": "D"}, {"maxAge": 1, "shares": 2300000, "filerUrl": "", "transactionText": "", "filerName": "Reddy (Santhosh Kumar Y)", "filerRelation": "Promoter", "moneyText": "", "startDate": "2014-06-02", "ownership": "D"}, {"maxAge": 1, "shares": 140, "filerUrl": "", "transactionText": "", "filerName": "Basu (Dipankar)", "filerRelation": "Director (Non-Executive)", "moneyText": "", "startDate": "2014-05-08", "ownership": "D"}, {"maxAge": 1, "shares": 800000, "filerUrl": "", "transactionText": "", "filerName": "Reddy (Santhosh Kumar Y)", "filerRelation": "Promoter", "moneyText": "", "startDate": "2014-04-23", "ownership": "D"}, {"maxAge": 1, "shares": 29178, "filerUrl": "", "transactionText": "", "filerName": "Yeratapalli Investments Pvt Ltd", "filerRelation": "Promoter", "moneyText": "", "startDate": "2014-04-10", "ownership": "D"}, {"maxAge": 1, "shares": 861570, "filerUrl": "", "transactionText": "", "filerName": "Vishnavi Investments Pvt Ltd", "filerRelation": "Institution- Corporation", "moneyText": "", "startDate": "2013-10-10", "ownership": "D"}, {"maxAge": 1, "shares": 412962, "filerUrl": "", "transactionText": "", "filerName": "Yeratapalli Investments Pvt Ltd", "filerRelation": "Promoter", "moneyText": "", "startDate": "2013-10-10", "ownership": "D"}, {"maxAge": 1, "shares": 852421, "filerUrl": "", "transactionText": "", "filerName": "Merrill Lynch Capital Markets Espana S.A.S.V.", "filerRelation": "UNREPORTED", "moneyText": "", "startDate": "2012-05-11", "ownership": "D"}, {"maxAge": 1, "shares": 100000, "filerUrl": "", "transactionText": "", "filerName": "CIR International S.A.", "filerRelation": "Institution- Corporation", "moneyText": "", "startDate": "2012-02-29", "ownership": "D"}, {"maxAge": 1, "shares": 14538660, "filerUrl": "", "transactionText": "", "filerName": "Merrill Lynch Capital Markets Espana S.A.S.V.", "filerRelation": "UNREPORTED", "moneyText": "", "startDate": "2011-08-26", "ownership": "D"}, {"maxAge": 1, "shares": 100000, "filerUrl": "", "transactionText": "", "filerName": "Merrill Lynch Capital Markets Espana S.A.S.V.", "filerRelation": "UNREPORTED", "moneyText": "", "startDate": "2011-03-18", "ownership": "D"}], "maxAge": 1}, "sectorTrend": {"maxAge": 1, "symbol": null, "estimates": []}, "incomeStatementHistoryQuarterly": {"incomeStatementHistory": [{"maxAge": 1, "endDate": "2021-03-31", "totalRevenue": 30504200000, "costOfRevenue": 13465160000, "grossProfit": 17039040000, "researchDevelopment": {}, "sellingGeneralAdministrative": 3299650000, "nonRecurring": {}, "otherOperatingExpenses": 7480680000, "totalOperatingExpenses": 26225600000, "operatingIncome": 4278600000, "totalOtherIncomeExpenseNet": -1136460000, "ebit": 4278600000, "interestExpense": -1195600000, "incomeBeforeTax": 3142140000, "incomeTaxExpense": 830840000, "minorityInterest": {}, "netIncomeFromContinuingOps": 2311300000, "discontinuedOperations": {}, "extraordinaryItems": {}, "effectOfAccountingCharges": {}, "otherItems": {}, "netIncome": 2062600000, "netIncomeApplicableToCommonShares": 2062600000}, {"maxAge": 1, "endDate": "2020-12-31", "totalRevenue": 26402310000, "costOfRevenue": 15114430000, "grossProfit": 11287880000, "researchDevelopment": {}, "sellingGeneralAdministrative": 3425630000, "nonRecurring": {}, "otherOperatingExpenses": 3724760000, "totalOperatingExpenses": 24434330000, "operatingIncome": 1967980000, "totalOtherIncomeExpenseNet": 2481420000, "ebit": 1967980000, "interestExpense": -1024120000, "incomeBeforeTax": 4449400000, "incomeTaxExpense": 1229530000, "minorityInterest": 1715020000, "netIncomeFromContinuingOps": 3219870000, "discontinuedOperations": {}, "extraordinaryItems": {}, "effectOfAccountingCharges": {}, "otherItems": {}, "netIncome": 3069480000, "netIncomeApplicableToCommonShares": 3069480000}, {"maxAge": 1, "endDate": "2020-09-30", "totalRevenue": 25660510000, "costOfRevenue": 11085330000, "grossProfit": 14575180000, "researchDevelopment": {}, "sellingGeneralAdministrative": 2906290000, "nonRecurring": {}, "otherOperatingExpenses": 6398840000, "totalOperatingExpenses": 22464220000, "operatingIncome": 3196290000, "totalOtherIncomeExpenseNet": -1409060000, "ebit": 3196290000, "interestExpense": -1226190000, "incomeBeforeTax": 1787230000, "incomeTaxExpense": 607650000, "minorityInterest": 1715020000, "netIncomeFromContinuingOps": 1179580000, "discontinuedOperations": {}, "extraordinaryItems": {}, "effectOfAccountingCharges": {}, "otherItems": {}, "netIncome": 1181600000, "netIncomeApplicableToCommonShares": 1181600000}, {"maxAge": 1, "endDate": "2020-06-30", "totalRevenue": 23608270000, "costOfRevenue": 10703970000, "grossProfit": 12904300000, "researchDevelopment": {}, "sellingGeneralAdministrative": 3243820000, "nonRecurring": {}, "otherOperatingExpenses": 5994290000, "totalOperatingExpenses": 21822670000, "operatingIncome": 1785600000, "totalOtherIncomeExpenseNet": -1126590000, "ebit": 1785600000, "interestExpense": -1242620000, "incomeBeforeTax": 659010000, "incomeTaxExpense": 314900000, "minorityInterest": 2023740000, "netIncomeFromContinuingOps": 344110000, "discontinuedOperations": {}, "extraordinaryItems": {}, "effectOfAccountingCharges": {}, "otherItems": {}, "netIncome": 265370000, "netIncomeApplicableToCommonShares": 265370000}], "maxAge": 86400}, "cashflowStatementHistoryQuarterly": {"cashflowStatements": [{"maxAge": 1, "endDate": "2021-03-31", "netIncome": 2062600000, "changeToLiabilities": 0}, {"maxAge": 1, "endDate": "2020-12-31", "netIncome": 3069480000, "changeToLiabilities": 0}, {"maxAge": 1, "endDate": "2020-09-30", "netIncome": 1181600000, "changeToLiabilities": 0}, {"maxAge": 1, "endDate": "2020-06-30", "netIncome": 265370000, "changeToLiabilities": 0}], "maxAge": 86400}, "earnings": {"maxAge": 86400, "earningsChart": {"quarterly": [{"date": "1Q2017", "actual": 3.75, "estimate": 3.85}, {"date": "2Q2017", "actual": 4.51, "estimate": 4.19}, {"date": "3Q2017", "actual": 7.3, "estimate": 5.4}, {"date": "4Q2017", "actual": 12.5, "estimate": 8.0}], "currentQuarterEstimateDate": "1Q", "currentQuarterEstimateYear": 2018, "earningsDate": []}, "financialsChart": {"yearly": [{"date": 2017, "revenue": 113031890000, "earnings": 7635870000}, {"date": 2018, "revenue": 140489930000, "earnings": 5816260000}, {"date": 2019, "revenue": 123606570000, "earnings": 3913840000}, {"date": 2020, "revenue": 104646930000, "earnings": 5581670000}], "quarterly": [{"date": "2Q2020", "revenue": 23608270000, "earnings": 265370000}, {"date": "3Q2020", "revenue": 25660510000, "earnings": 1181600000}, {"date": "4Q2020", "revenue": 26402310000, "earnings": 3069480000}, {"date": "1Q2021", "revenue": 30504200000, "earnings": 2062600000}]}, "financialCurrency": "INR"}, "financialData": {"maxAge": 86400, "currentPrice": 179.25, "targetHighPrice": 522.0, "targetLowPrice": 492.0, "targetMeanPrice": 507.0, "targetMedianPrice": 507.0, "recommendationMean": 1.0, "recommendationKey": "strong_buy", "numberOfAnalystOpinions": 2, "ebitda": 18292731904, "totalRevenue": 106045300736, "debtToEquity": 155.28, "revenuePerShare": 315.182, "grossProfits": 52599440000, "earningsGrowth": 0.934, "revenueGrowth": 0.053, "grossMargins": 0.52502, "ebitdaMargins": 0.1725, "operatingMargins": 0.10597, "profitMargins": 0.06204, "financialCurrency": "INR"}}}