{"RAIN.BO": {"recommendationTrend": {"trend": [{"period": "0m", "strongBuy": 0, "buy": 0, "hold": 0, "sell": 0, "strongSell": 0}, {"period": "-1m", "strongBuy": 0, "buy": 0, "hold": 0, "sell": 0, "strongSell": 0}, {"period": "-2m", "strongBuy": 0, "buy": 0, "hold": 0, "sell": 0, "strongSell": 0}, {"period": "-3m", "strongBuy": 0, "buy": 0, "hold": 0, "sell": 0, "strongSell": 0}], "maxAge": 86400}, "cashflowStatementHistory": {"cashflowStatements": [{"maxAge": 1, "endDate": "2019-12-31", "netIncome": 3913840000, "depreciation": 5134030000, "changeToNetincome": 4354710000, "changeToAccountReceivables": 5272130000, "changeToLiabilities": -3249260000, "changeToInventory": 6410540000, "changeToOperatingActivities": 563810000, "totalCashFromOperatingActivities": 22399800000, "capitalExpenditures": -11936710000, "investments": -231130000, "otherCashflowsFromInvestingActivities": 354140000, "totalCashflowsFromInvestingActivities": -11792030000, "dividendsPaid": -382300000, "netBorrowings": -1354990000, "otherCashflowsFromFinancingActivities": -4791100000, "totalCashFromFinancingActivities": -6528390000, "effectOfExchangeRate": -861960000, "changeInCash": 3217420000}, {"maxAge": 1, "endDate": "2018-12-31", "netIncome": 5816260000, "depreciation": 5550860000, "changeToNetincome": 4991760000, "changeToAccountReceivables": 701080000, "changeToLiabilities": 2765440000, "changeToInventory": -2975230000, "changeToOperatingActivities": 204910000, "totalCashFromOperatingActivities": 17055080000, "capitalExpenditures": -11630540000, "investments": 1420540000, "otherCashflowsFromInvestingActivities": -225050000, "totalCashflowsFromInvestingActivities": -10323750000, "dividendsPaid": -672690000, "netBorrowings": -46390000, "otherCashflowsFromFinancingActivities": -5466880000, "totalCashFromFinancingActivities": -6185960000, "effectOfExchangeRate": -52900000, "changeInCash": 492470000}, {"maxAge": 1, "endDate": "2017-12-31", "netIncome": 7635870000, "depreciation": 5256270000, "changeToNetincome": 5704960000, "changeToAccountReceivables": -6359240000, "changeToLiabilities": 4462040000, "changeToInventory": -7332100000, "changeToOperatingActivities": -686930000, "totalCashFromOperatingActivities": 8680870000, "capitalExpenditures": -4565930000, "investments": -892560000, "otherCashflowsFromInvestingActivities": 114820000, "totalCashflowsFromInvestingActivities": -5034820000, "dividendsPaid": -338840000, "netBorrowings": 1557690000, "otherCashflowsFromFinancingActivities": -6423670000, "totalCashFromFinancingActivities": -5204820000, "effectOfExchangeRate": -356890000, "changeInCash": -1915660000}, {"maxAge": 1, "endDate": "2016-12-31", "netIncome": 2909420000, "depreciation": 5189700000, "changeToNetincome": 4650050000, "changeToAccountReceivables": 1347670000, "changeToLiabilities": -2029620000, "changeToInventory": 3615860000, "changeToOperatingActivities": -15620000, "totalCashFromOperatingActivities": 15667460000, "capitalExpenditures": -4829740000, "investments": -133790000, "otherCashflowsFromInvestingActivities": 138540000, "totalCashflowsFromInvestingActivities": -4788670000, "dividendsPaid": -499270000, "netBorrowings": -2442180000, "otherCashflowsFromFinancingActivities": -5924650000, "totalCashFromFinancingActivities": -8866100000, "effectOfExchangeRate": -251880000, "changeInCash": 1760810000}], "maxAge": 86400}, "institutionOwnership": {"ownershipList": [], "maxAge": 1}, "balanceSheetHistoryQuarterly": {"balanceSheetStatements": [{"maxAge": 1, "endDate": "2020-06-30", "cash": 12918690000, "shortTermInvestments": 2135590000, "netReceivables": 12177930000, "inventory": 15717660000, "otherCurrentAssets": 2215990000, "totalCurrentAssets": 45165860000, "longTermInvestments": 139770000, "propertyPlantEquipment": 55026110000, "goodWill": 65744680000, "intangibleAssets": 291890000, "otherAssets": 10741860000, "deferredLongTermAssetCharges": 6805610000, "totalAssets": 177110170000, "accountsPayable": 8621310000, "otherCurrentLiab": 10563280000, "longTermDebt": 81578020000, "otherLiab": 16305730000, "minorityInterest": 2023740000, "totalCurrentLiabilities": 25283490000, "totalLiab": 123167240000, "commonStock": 672690000, "treasuryStock": 51246500000, "otherStockholderEquity": 51246500000, "totalStockholderEquity": 51919190000, "netTangibleAssets": -14117380000}, {"maxAge": 1, "endDate": "2020-03-31", "totalStockholderEquity": 49599050000, "netTangibleAssets": -12936860000}, {"maxAge": 1, "endDate": "2019-12-31", "cash": 10951580000, "shortTermInvestments": 463920000, "netReceivables": 11971950000, "inventory": 17421580000, "otherCurrentAssets": 2227840000, "totalCurrentAssets": 43726990000, "longTermInvestments": 142990000, "propertyPlantEquipment": 46005220000, "goodWill": 62216870000, "intangibleAssets": 319040000, "otherAssets": 9866290000, "deferredLongTermAssetCharges": 6218130000, "totalAssets": 162277400000, "accountsPayable": 7896100000, "shortLongTermDebt": 782550000, "otherCurrentLiab": 5554270000, "longTermDebt": 72540380000, "otherLiab": 15260540000, "minorityInterest": 1954700000, "totalCurrentLiabilities": 21907600000, "totalLiab": 110723650000, "commonStock": 672690000, "retainedEarnings": 48060450000, "treasuryStock": 349240000, "capitalSurplus": 516670000, "otherStockholderEquity": 349240000, "totalStockholderEquity": 49599050000, "netTangibleAssets": -12936860000}, {"maxAge": 1, "endDate": "2019-09-30", "totalStockholderEquity": 48305490000, "netTangibleAssets": -12523980000}], "maxAge": 86400}, "earningsHistory": {"history": [{"maxAge": 1, "epsActual": 4.51, "epsEstimate": 4.19, "epsDifference": 0.32, "surprisePercent": 0.076, "quarter": "2017-06-30", "period": "-4q"}, {"maxAge": 1, "epsActual": 7.3, "epsEstimate": 5.4, "epsDifference": 1.9, "surprisePercent": 0.352, "quarter": "2017-09-30", "period": "-3q"}, {"maxAge": 1, "epsActual": 12.5, "epsEstimate": 8.0, "epsDifference": 4.5, "surprisePercent": 0.56200004, "quarter": "2017-12-31", "period": "-2q"}, {"maxAge": 1, "epsActual": 8.76, "epsEstimate": 8.8, "epsDifference": -0.04, "surprisePercent": -0.005, "quarter": "2018-06-30", "period": "-1q"}], "maxAge": 86400}, "indexTrend": {"maxAge": 1, "symbol": "SP5", "peRatio": 19.7411, "pegRatio": 1.34172, "estimates": [{"period": "0q", "growth": 0.549}, {"period": "+1q", "growth": 0.431}, {"period": "0y", "growth": 0.305}, {"period": "+1y", "growth": 0.109}, {"period": "+5y", "growth": 0.120865}, {"period": "-5y"}]}, "industryTrend": {"maxAge": 1, "symbol": null, "estimates": []}, "insiderTransactions": {"transactions": [{"maxAge": 1, "shares": 65518, "filerUrl": "", "transactionText": "", "filerName": "Reddy (Anupama N)", "filerRelation": "Promoter", "moneyText": "", "startDate": "2020-03-31", "ownership": "D"}, {"maxAge": 1, "shares": 40822, "filerUrl": "", "transactionText": "", "filerName": "Reddy (Anupama N)", "filerRelation": "Promoter", "moneyText": "", "startDate": "2020-03-27", "ownership": "D"}, {"maxAge": 1, "shares": 41978, "filerUrl": "", "transactionText": "", "filerName": "Reddy (Anupama N)", "filerRelation": "Promoter", "moneyText": "", "startDate": "2020-03-24", "ownership": "D"}, {"maxAge": 1, "shares": 3750000, "filerUrl": "", "transactionText": "", "filerName": "Pabrai Investment Funds", "filerRelation": "Investment Management Company", "moneyText": "", "startDate": "2015-05-06", "ownership": "D"}, {"maxAge": 1, "shares": 144000, "filerUrl": "", "transactionText": "", "filerName": "Reddy (Anupama N)", "filerRelation": "Promoter", "moneyText": "", "startDate": "2015-04-17", "ownership": "D"}, {"maxAge": 1, "shares": 6002993, "filerUrl": "", "transactionText": "", "filerName": "CIR International S.A.", "filerRelation": "Institution- Corporation", "moneyText": "", "startDate": "2015-04-16", "ownership": "D"}, {"maxAge": 1, "shares": 125692, "filerUrl": "", "transactionText": "", "filerName": "Reddy (Anupama N)", "filerRelation": "Promoter", "moneyText": "", "startDate": "2015-04-15", "ownership": "D"}, {"maxAge": 1, "shares": 202111, "filerUrl": "", "transactionText": "", "filerName": "Reddy (Anupama N)", "filerRelation": "Promoter", "moneyText": "", "startDate": "2015-04-10", "ownership": "D"}, {"maxAge": 1, "shares": 136400, "filerUrl": "", "transactionText": "", "filerName": "Reddy (Anupama N)", "filerRelation": "Promoter", "moneyText": "", "startDate": "2015-04-08", "ownership": "D"}, {"maxAge": 1, "shares": 158873, "filerUrl": "", "transactionText": "", "filerName": "Reddy (Anupama N)", "filerRelation": "Promoter", "moneyText": "", "startDate": "2015-04-07", "ownership": "D"}, {"maxAge": 1, "shares": 1042000, "filerUrl": "", "transactionText": "", "filerName": "Reddy (Swarnalatha N)", "filerRelation": "Promoter", "moneyText": "", "startDate": "2015-01-23", "ownership": "D"}, {"maxAge": 1, "shares": 465250, "filerUrl": "", "transactionText": "", "filerName": "Reddy (Lakshmi Narasa N)", "filerRelation": "Promoter", "moneyText": "", "startDate": "2015-01-23", "ownership": "D"}, {"maxAge": 1, "shares": 1507250, "filerUrl": "", "transactionText": "", "filerName": "Reddy (Akhila N)", "filerRelation": "Promoter", "moneyText": "", "startDate": "2015-01-23", "ownership": "D"}, {"maxAge": 1, "shares": 8586640, "filerUrl": "", "transactionText": "", "filerName": "Reddy (Jagan Mohan N)", "filerRelation": "Managing Director", "moneyText": "", "startDate": "2015-01-23", "ownership": "D"}, {"maxAge": 1, "shares": 17673225, "filerUrl": "", "transactionText": "", "filerName": "Reddy (Ananthalaxmi A)", "filerRelation": "Promoter", "moneyText": "", "startDate": "2015-01-23", "ownership": "D"}, {"maxAge": 1, "shares": 26259865, "filerUrl": "", "transactionText": "", "filerName": "Reddy (Anupama N)", "filerRelation": "Promoter", "moneyText": "", "startDate": "2015-01-23", "ownership": "D"}, {"maxAge": 1, "shares": 6307640, "filerUrl": "", "transactionText": "", "filerName": "Reddy (Rajiv)", "filerRelation": "Promoter", "moneyText": "", "startDate": "2014-09-16", "ownership": "D"}, {"maxAge": 1, "shares": 190144, "filerUrl": "", "transactionText": "", "filerName": "Reddy (Santhosh Kumar Y)", "filerRelation": "Promoter", "moneyText": "", "startDate": "2014-09-08", "ownership": "D"}, {"maxAge": 1, "shares": 195000, "filerUrl": "", "transactionText": "", "filerName": "Reddy (Santhosh Kumar Y)", "filerRelation": "Promoter", "moneyText": "", "startDate": "2014-09-05", "ownership": "D"}, {"maxAge": 1, "shares": 277453, "filerUrl": "", "transactionText": "", "filerName": "Reddy (Santhosh Kumar Y)", "filerRelation": "Promoter", "moneyText": "", "startDate": "2014-09-04", "ownership": "D"}, {"maxAge": 1, "shares": 229865, "filerUrl": "", "transactionText": "", "filerName": "Reddy (Santhosh Kumar Y)", "filerRelation": "Promoter", "moneyText": "", "startDate": "2014-09-02", "ownership": "D"}, {"maxAge": 1, "shares": 23557, "filerUrl": "", "transactionText": "", "filerName": "Reddy (Santhosh Kumar Y)", "filerRelation": "Promoter", "moneyText": "", "startDate": "2014-08-28", "ownership": "D"}, {"maxAge": 1, "shares": 675029, "filerUrl": "", "transactionText": "", "filerName": "Reddy (Santhosh Kumar Y)", "filerRelation": "Promoter", "moneyText": "", "startDate": "2014-08-27", "ownership": "D"}, {"maxAge": 1, "shares": 200759, "filerUrl": "", "transactionText": "", "filerName": "Reddy (Santhosh Kumar Y)", "filerRelation": "Promoter", "moneyText": "", "startDate": "2014-08-22", "ownership": "D"}, {"maxAge": 1, "shares": 489478, "filerUrl": "", "transactionText": "", "filerName": "Reddy (Santhosh Kumar Y)", "filerRelation": "Promoter", "moneyText": "", "startDate": "2014-08-21", "ownership": "D"}, {"maxAge": 1, "shares": 2300000, "filerUrl": "", "transactionText": "", "filerName": "Reddy (Santhosh Kumar Y)", "filerRelation": "Promoter", "moneyText": "", "startDate": "2014-06-02", "ownership": "D"}, {"maxAge": 1, "shares": 140, "filerUrl": "", "transactionText": "", "filerName": "Basu (Dipankar)", "filerRelation": "Director (Non-Executive)", "moneyText": "", "startDate": "2014-05-08", "ownership": "D"}, {"maxAge": 1, "shares": 800000, "filerUrl": "", "transactionText": "", "filerName": "Reddy (Santhosh Kumar Y)", "filerRelation": "Promoter", "moneyText": "", "startDate": "2014-04-23", "ownership": "D"}, {"maxAge": 1, "shares": 29178, "filerUrl": "", "transactionText": "", "filerName": "Yeratapalli Investments Pvt Ltd", "filerRelation": "Promoter", "moneyText": "", "startDate": "2014-04-10", "ownership": "D"}, {"maxAge": 1, "shares": 412962, "filerUrl": "", "transactionText": "", "filerName": "Yeratapalli Investments Pvt Ltd", "filerRelation": "Promoter", "moneyText": "", "startDate": "2013-10-10", "ownership": "D"}, {"maxAge": 1, "shares": 861570, "filerUrl": "", "transactionText": "", "filerName": "Vishnavi Investments Pvt Ltd", "filerRelation": "Institution- Corporation", "moneyText": "", "startDate": "2013-10-10", "ownership": "D"}, {"maxAge": 1, "shares": 852421, "filerUrl": "", "transactionText": "", "filerName": "Merrill Lynch Capital Markets Espana S.A.S.V.", "filerRelation": "UNREPORTED", "moneyText": "", "startDate": "2012-05-11", "ownership": "D"}, {"maxAge": 1, "shares": 100000, "filerUrl": "", "transactionText": "", "filerName": "CIR International S.A.", "filerRelation": "Institution- Corporation", "moneyText": "", "startDate": "2012-02-29", "ownership": "D"}, {"maxAge": 1, "shares": 14538660, "filerUrl": "", "transactionText": "", "filerName": "Merrill Lynch Capital Markets Espana S.A.S.V.", "filerRelation": "UNREPORTED", "moneyText": "", "startDate": "2011-08-26", "ownership": "D"}, {"maxAge": 1, "shares": 100000, "filerUrl": "", "transactionText": "", "filerName": "Merrill Lynch Capital Markets Espana S.A.S.V.", "filerRelation": "UNREPORTED", "moneyText": "", "startDate": "2011-03-18", "ownership": "D"}], "maxAge": 1}, "quoteType": {"exchange": "BSE", "quoteType": "EQUITY", "symbol": "RAIN.BO", "underlyingSymbol": "RAIN.BO", "shortName": "RAIN INDUSTRIES LIMITED", "longName": "Rain Industries Limited", "firstTradeDateEpochUtc": "2000-01-03 09:15:00", "timeZoneFullName": "Asia/Kolkata", "timeZoneShortName": "IST", "uuid": "b41a082b-0f7c-3fed-b292-31dbc1f85ac3", "gmtOffSetMilliseconds": 19800000, "maxAge": 1}, "incomeStatementHistory": {"incomeStatementHistory": [{"maxAge": 1, "endDate": "2019-12-31", "totalRevenue": 123607970000, "costOfRevenue": 67300310000, "grossProfit": 56307660000, "researchDevelopment": {}, "sellingGeneralAdministrative": 13740800000, "nonRecurring": {}, "otherOperatingExpenses": 27833290000, "totalOperatingExpenses": 114008060000, "operatingIncome": 9599910000, "totalOtherIncomeExpenseNet": -3692810000, "ebit": 9599910000, "interestExpense": -4247500000, "incomeBeforeTax": 5907100000, "incomeTaxExpense": 1282760000, "minorityInterest": 1954700000, "netIncomeFromContinuingOps": 4624340000, "discontinuedOperations": {}, "extraordinaryItems": {}, "effectOfAccountingCharges": {}, "otherItems": {}, "netIncome": 3913840000, "netIncomeApplicableToCommonShares": 3913840000}, {"maxAge": 1, "endDate": "2018-12-31", "totalRevenue": 140489930000, "costOfRevenue": 77270890000, "grossProfit": 63219040000, "researchDevelopment": {}, "sellingGeneralAdministrative": 13570400000, "nonRecurring": {}, "otherOperatingExpenses": 29779430000, "totalOperatingExpenses": 126171220000, "operatingIncome": 14318710000, "totalOtherIncomeExpenseNet": -4362180000, "ebit": 14318710000, "interestExpense": -4250200000, "incomeBeforeTax": 9956530000, "incomeTaxExpense": 3643220000, "minorityInterest": 1433250000, "netIncomeFromContinuingOps": 6313310000, "discontinuedOperations": {}, "extraordinaryItems": {}, "effectOfAccountingCharges": {}, "otherItems": {}, "netIncome": 5816260000, "netIncomeApplicableToCommonShares": 5816260000}, {"maxAge": 1, "endDate": "2017-12-31", "totalRevenue": 113031890000, "costOfRevenue": 54453730000, "grossProfit": 58578160000, "researchDevelopment": {}, "sellingGeneralAdministrative": 11458370000, "nonRecurring": {}, "otherOperatingExpenses": 24393090000, "totalOperatingExpenses": 95561120000, "operatingIncome": 17470770000, "totalOtherIncomeExpenseNet": -6631460000, "ebit": 17470770000, "interestExpense": -5542750000, "incomeBeforeTax": 10839310000, "incomeTaxExpense": 2918090000, "minorityInterest": 1013240000, "netIncomeFromContinuingOps": 7921220000, "discontinuedOperations": {}, "extraordinaryItems": {}, "effectOfAccountingCharges": {}, "otherItems": {}, "netIncome": 7635870000, "netIncomeApplicableToCommonShares": 7635870000}, {"maxAge": 1, "endDate": "2016-12-31", "totalRevenue": 92581750000, "costOfRevenue": 44175430000, "grossProfit": 48406320000, "researchDevelopment": {}, "sellingGeneralAdministrative": 10515150000, "nonRecurring": {}, "otherOperatingExpenses": 22584500000, "totalOperatingExpenses": 82464450000, "operatingIncome": 10117300000, "totalOtherIncomeExpenseNet": -5316910000, "ebit": 10117300000, "interestExpense": -5729980000, "incomeBeforeTax": 4800390000, "incomeTaxExpense": 1792070000, "minorityInterest": 704990000, "netIncomeFromContinuingOps": 3008320000, "discontinuedOperations": {}, "extraordinaryItems": {}, "effectOfAccountingCharges": {}, "otherItems": {}, "netIncome": 2909420000, "netIncomeApplicableToCommonShares": 2909420000}], "maxAge": 86400}, "fundOwnership": {"ownershipList": [{"maxAge": 1, "reportDate": "2020-07-31", "organization": "Vanguard International Stock Index-Total Intl Stock Indx", "pctHeld": 0.0039, "position": 1310542, "value": 120766445}, {"maxAge": 1, "reportDate": "2020-07-31", "organization": "Vanguard International Stock Index-Emerging Markets Stk", "pctHeld": 0.0034, "position": 1149065, "value": 105886339}, {"maxAge": 1, "reportDate": "2020-07-31", "organization": "DFA Emerging Markets Core Equity Portfolio", "pctHeld": 0.0027, "position": 915447, "value": 84358441}, {"maxAge": 1, "reportDate": "2020-07-31", "organization": "DFA Investment Dimensions-DFA Emerging Mkts Value", "pctHeld": 0.0027, "position": 894188, "value": 82399424}, {"maxAge": 1, "reportDate": "2020-07-31", "organization": "DFA Emerging Markets Small Cap Series", "pctHeld": 0.0016, "position": 533678, "value": 49178427}, {"maxAge": 1, "reportDate": "2020-08-31", "organization": "WisdomTree Tr-WisdomTree India Earnings Fd", "pctHeld": 0.00090000004, "position": 313587, "value": 34902233}, {"maxAge": 1, "reportDate": "2020-07-31", "organization": "Vanguard Intl Equity Index Fds-FTSE All World ex U.S.Small Cap Index", "pctHeld": 0.0007, "position": 239056, "value": 22029010}, {"maxAge": 1, "reportDate": "2020-05-31", "organization": "GMO Implementation Fund", "pctHeld": 0.0005, "position": 168162, "value": 12141296}, {"maxAge": 1, "reportDate": "2020-08-31", "organization": "SPDR Portfolio Emerging Markets ETF", "pctHeld": 0.0004, "position": 143425, "value": 15963202}, {"maxAge": 1, "reportDate": "2020-05-31", "organization": "GMO Benchmark-Free Fund", "pctHeld": 0.0002, "position": 61576, "value": 4445787}], "maxAge": 1}, "summaryDetail": {"maxAge": 1, "priceHint": 2, "previousClose": 184.85, "open": 182.0, "dayLow": 178.1, "dayHigh": 191.0, "regularMarketPreviousClose": 184.85, "regularMarketOpen": 182.0, "regularMarketDayLow": 178.1, "regularMarketDayHigh": 191.0, "trailingPE": 18.254047, "forwardPE": 5.6529965, "volume": 726122, "regularMarketVolume": 726122, "averageVolume": 216667, "averageVolume10days": 152248, "averageDailyVolume10Day": 152248, "bid": 178.3, "ask": 179.2, "bidSize": 0, "askSize": 0, "marketCap": 60273201152, "fiftyTwoWeekLow": 44.9, "fiftyTwoWeekHigh": 191.0, "fiftyDayAverage": 134.67879, "twoHundredDayAverage": 114.359924, "trailingAnnualDividendRate": 1.0, "trailingAnnualDividendYield": 0.0054097916, "currency": "INR", "fromCurrency": null, "lastMarket": null, "algorithm": null, "tradeable": false}, "sectorTrend": {"maxAge": 1, "symbol": null, "estimates": []}, "incomeStatementHistoryQuarterly": {"incomeStatementHistory": [{"maxAge": 1, "endDate": "2020-06-30", "totalRevenue": 23608270000, "costOfRevenue": 10703970000, "grossProfit": 12904300000, "researchDevelopment": {}, "sellingGeneralAdministrative": 3243820000, "nonRecurring": {}, "otherOperatingExpenses": 5994290000, "totalOperatingExpenses": 21822670000, "operatingIncome": 1785600000, "totalOtherIncomeExpenseNet": -1126590000, "ebit": 1785600000, "interestExpense": -1242620000, "incomeBeforeTax": 659010000, "incomeTaxExpense": 314900000, "minorityInterest": 2023740000, "netIncomeFromContinuingOps": 344110000, "discontinuedOperations": {}, "extraordinaryItems": {}, "effectOfAccountingCharges": {}, "otherItems": {}, "netIncome": 265370000, "netIncomeApplicableToCommonShares": 265370000}, {"maxAge": 1, "endDate": "2020-03-31", "totalRevenue": 28976510000, "costOfRevenue": 15143760000, "grossProfit": 13832750000, "researchDevelopment": {}, "sellingGeneralAdministrative": 3071570000, "nonRecurring": {}, "otherOperatingExpenses": 6447440000, "totalOperatingExpenses": 26316550000, "operatingIncome": 2659960000, "totalOtherIncomeExpenseNet": -1045730000, "ebit": 2659960000, "interestExpense": -1195180000, "incomeBeforeTax": 1614230000, "incomeTaxExpense": 475480000, "minorityInterest": 2023740000, "netIncomeFromContinuingOps": 1138750000, "discontinuedOperations": {}, "extraordinaryItems": {}, "effectOfAccountingCharges": {}, "otherItems": {}, "netIncome": 1065220000, "netIncomeApplicableToCommonShares": 1065220000}, {"maxAge": 1, "endDate": "2019-12-31", "totalRevenue": 28304160000, "costOfRevenue": 14661940000, "grossProfit": 13642220000, "researchDevelopment": {}, "sellingGeneralAdministrative": 4361850000, "nonRecurring": {}, "otherOperatingExpenses": 5518870000, "totalOperatingExpenses": 25684330000, "operatingIncome": 2619830000, "totalOtherIncomeExpenseNet": -1128190000, "ebit": 2619830000, "interestExpense": -854120000, "incomeBeforeTax": 1491640000, "incomeTaxExpense": 275380000, "minorityInterest": 1954700000, "netIncomeFromContinuingOps": 1216260000, "discontinuedOperations": {}, "extraordinaryItems": {}, "effectOfAccountingCharges": {}, "otherItems": {}, "netIncome": 1147620000, "netIncomeApplicableToCommonShares": 1147620000}, {"maxAge": 1, "endDate": "2019-09-30", "totalRevenue": 29922790000, "costOfRevenue": 15764390000, "grossProfit": 14158400000, "researchDevelopment": {}, "sellingGeneralAdministrative": 3267880000, "nonRecurring": {}, "otherOperatingExpenses": 7635460000, "totalOperatingExpenses": 28106360000, "operatingIncome": 1816430000, "totalOtherIncomeExpenseNet": -731850000, "ebit": 1816430000, "interestExpense": -1125990000, "incomeBeforeTax": 1084580000, "incomeTaxExpense": 76370000, "minorityInterest": 1954700000, "netIncomeFromContinuingOps": 1008210000, "discontinuedOperations": {}, "extraordinaryItems": {}, "effectOfAccountingCharges": {}, "otherItems": {}, "netIncome": 821310000, "netIncomeApplicableToCommonShares": 821310000}], "maxAge": 86400}, "cashflowStatementHistoryQuarterly": {"cashflowStatements": [{"maxAge": 1, "endDate": "2020-06-30", "netIncome": 265370000, "changeToLiabilities": 0}, {"maxAge": 1, "endDate": "2020-03-31", "netIncome": 1065220000, "changeToLiabilities": 0}, {"maxAge": 1, "endDate": "2019-12-31", "netIncome": 1147620000, "changeToLiabilities": 0}, {"maxAge": 1, "endDate": "2019-09-30", "netIncome": 821310000, "changeToLiabilities": 0}], "maxAge": 86400}, "insiderHolders": {"holders": [{"maxAge": 1, "name": "CIR International S.A.", "relation": "Institution- Corporation", "url": "", "transactionDescription": "Sale", "latestTransDate": "2015-04-16", "positionDirect": 11347007, "positionDirectDate": "2015-04-16"}, {"maxAge": 1, "name": "Pabrai Investment Funds", "relation": "Investment Management Company", "url": "", "transactionDescription": "Acquisition", "latestTransDate": "2015-05-06", "positionDirect": 14165468, "positionDirectDate": "2015-05-06"}, {"maxAge": 1, "name": "Reddy (Akhila N)", "relation": "Promoter", "url": "", "transactionDescription": "Gift", "latestTransDate": "2015-01-23", "positionDirect": 1869315, "positionDirectDate": "2015-01-23"}, {"maxAge": 1, "name": "Reddy (Ananthalaxmi A)", "relation": "Promoter", "url": "", "transactionDescription": "Gift", "latestTransDate": "2015-01-23", "positionDirect": 0, "positionDirectDate": "2015-01-23"}, {"maxAge": 1, "name": "Reddy (Anupama N)", "relation": "Promoter", "url": "", "transactionDescription": "Acquisition", "latestTransDate": "2020-03-31", "positionDirect": 27300669, "positionDirectDate": "2020-03-31"}, {"maxAge": 1, "name": "Reddy (Jagan Mohan N)", "relation": "Managing Director", "url": "", "transactionDescription": "Gift", "latestTransDate": "2015-01-23", "positionDirect": 0, "positionDirectDate": "2015-01-23"}, {"maxAge": 1, "name": "Reddy (Lakshmi Narasa N)", "relation": "Promoter", "url": "", "transactionDescription": "Gift", "latestTransDate": "2015-01-23", "positionDirect": 0, "positionDirectDate": "2015-01-23"}, {"maxAge": 1, "name": "Reddy (Rajiv)", "relation": "Promoter", "url": "", "transactionDescription": "Sale", "latestTransDate": "2014-09-16", "positionDirect": 0, "positionDirectDate": "2014-09-16"}, {"maxAge": 1, "name": "Reddy (Santhosh Kumar Y)", "relation": "Promoter", "url": "", "transactionDescription": "Sale", "latestTransDate": "2014-09-08", "positionDirect": 0, "positionDirectDate": "2014-09-08"}, {"maxAge": 1, "name": "Reddy (Swarnalatha N)", "relation": "Promoter", "url": "", "transactionDescription": "Gift", "latestTransDate": "2015-01-23", "positionDirect": 0, "positionDirectDate": "2015-01-23"}], "maxAge": 1}, "earnings": {"maxAge": 86400, "earningsChart": {"quarterly": [{"date": "2Q2017", "actual": 4.51, "estimate": 4.19}, {"date": "3Q2017", "actual": 7.3, "estimate": 5.4}, {"date": "4Q2017", "actual": 12.5, "estimate": 8.0}, {"date": "2Q2018", "actual": 8.76, "estimate": 8.8}], "currentQuarterEstimateDate": "3Q", "currentQuarterEstimateYear": 2018, "earningsDate": ["2020-10-30 05:30:S"]}, "financialsChart": {"yearly": [{"date": 2016, "revenue": 92581750000, "earnings": 2909420000}, {"date": 2017, "revenue": 113031890000, "earnings": 7635870000}, {"date": 2018, "revenue": 140489930000, "earnings": 5816260000}, {"date": 2019, "revenue": 123607970000, "earnings": 3913840000}], "quarterly": [{"date": "3Q2019", "revenue": 29922790000, "earnings": 821310000}, {"date": "4Q2019", "revenue": 28304160000, "earnings": 1147620000}, {"date": "1Q2020", "revenue": 28976510000, "earnings": 1065220000}, {"date": "2Q2020", "revenue": 23608270000, "earnings": 265370000}]}, "financialCurrency": "INR"}, "calendarEvents": {"maxAge": 1, "earnings": {"earningsDate": ["2020-10-30 05:30:S"], "revenueAverage": 34921800000, "revenueLow": 37667000000, "revenueHigh": 37667000000}}, "upgradeDowngradeHistory": {"history": [], "maxAge": 86400}, "price": {"maxAge": 1, "regularMarketChangePercent": -0.030565372, "regularMarketChange": -5.650009, "regularMarketTime": "2021-04-30 15:55:28", "priceHint": 2, "regularMarketPrice": 179.2, "regularMarketDayHigh": 191.0, "regularMarketDayLow": 178.1, "regularMarketVolume": 726122, "averageDailyVolume10Day": 152248, "averageDailyVolume3Month": 216667, "regularMarketPreviousClose": 184.85, "regularMarketSource": "FREE_REALTIME", "regularMarketOpen": 182.0, "exchange": "BSE", "exchangeName": "BSE", "exchangeDataDelayedBy": 0, "marketState": "CLOSED", "quoteType": "EQUITY", "symbol": "RAIN.BO", "underlyingSymbol": null, "shortName": "RAIN INDUSTRIES LIMITED", "longName": "Rain Industries Limited", "currency": "INR", "quoteSourceName": "Delayed Quote", "currencySymbol": "\u20b9", "fromCurrency": null, "lastMarket": null, "marketCap": 60273201152}, "balanceSheetHistory": {"balanceSheetStatements": [{"maxAge": 1, "endDate": "2019-12-31", "cash": 10951580000, "shortTermInvestments": 463920000, "netReceivables": 11971950000, "inventory": 17421580000, "otherCurrentAssets": 2227840000, "totalCurrentAssets": 43726990000, "longTermInvestments": 142990000, "propertyPlantEquipment": 46005220000, "goodWill": 62216870000, "intangibleAssets": 319040000, "otherAssets": 9866290000, "deferredLongTermAssetCharges": 6218130000, "totalAssets": 162277400000, "accountsPayable": 7896100000, "shortLongTermDebt": 782550000, "otherCurrentLiab": 5554270000, "longTermDebt": 72540380000, "otherLiab": 15260540000, "minorityInterest": 1954700000, "totalCurrentLiabilities": 21907600000, "totalLiab": 110723650000, "commonStock": 672690000, "retainedEarnings": 48060450000, "treasuryStock": 349240000, "capitalSurplus": 516670000, "otherStockholderEquity": 349240000, "totalStockholderEquity": 49599050000, "netTangibleAssets": -12936860000}, {"maxAge": 1, "endDate": "2018-12-31", "cash": 7734160000, "shortTermInvestments": 416010000, "netReceivables": 17033630000, "inventory": 23683330000, "otherCurrentAssets": 3109880000, "totalCurrentAssets": 52466060000, "longTermInvestments": 136470000, "propertyPlantEquipment": 38937720000, "goodWill": 61315310000, "intangibleAssets": 304930000, "otherAssets": 5070180000, "deferredLongTermAssetCharges": 2773210000, "totalAssets": 158230670000, "accountsPayable": 13414150000, "shortLongTermDebt": 221790000, "otherCurrentLiab": 4018360000, "longTermDebt": 72212790000, "otherLiab": 11713470000, "minorityInterest": 1433250000, "totalCurrentLiabilities": 26436350000, "totalLiab": 110570010000, "commonStock": 672690000, "retainedEarnings": 44528910000, "treasuryStock": 509140000, "capitalSurplus": 516670000, "otherStockholderEquity": 509140000, "totalStockholderEquity": 46227410000, "netTangibleAssets": -15392830000}, {"maxAge": 1, "endDate": "2017-12-31", "cash": 7241690000, "shortTermInvestments": 1716560000, "netReceivables": 16972310000, "inventory": 19985340000, "otherCurrentAssets": 3406070000, "totalCurrentAssets": 49567760000, "longTermInvestments": 337960000, "propertyPlantEquipment": 33453250000, "goodWill": 57622460000, "intangibleAssets": 233410000, "otherAssets": 4288230000, "deferredLongTermAssetCharges": 2817180000, "totalAssets": 145503070000, "accountsPayable": 11475730000, "shortLongTermDebt": 32614890000, "otherCurrentLiab": 3908310000, "longTermDebt": 37072820000, "otherLiab": 12408680000, "minorityInterest": 1013240000, "totalCurrentLiabilities": 55242950000, "totalLiab": 105048800000, "commonStock": 672690000, "retainedEarnings": 39385340000, "treasuryStock": -1133670000, "capitalSurplus": 516670000, "otherStockholderEquity": -1133670000, "totalStockholderEquity": 39441030000, "netTangibleAssets": -18414840000}, {"maxAge": 1, "endDate": "2016-12-31", "cash": 9157350000, "shortTermInvestments": 1011310000, "netReceivables": 10521970000, "inventory": 12678060000, "otherCurrentAssets": 1991470000, "totalCurrentAssets": 35623030000, "longTermInvestments": 342570000, "propertyPlantEquipment": 33767440000, "goodWill": 57581300000, "intangibleAssets": 137900000, "otherAssets": 3342080000, "deferredLongTermAssetCharges": 2342710000, "totalAssets": 130794320000, "accountsPayable": 7604120000, "shortLongTermDebt": 2809510000, "otherCurrentLiab": 1944570000, "longTermDebt": 68108030000, "otherLiab": 12004630000, "minorityInterest": 704990000, "totalCurrentLiabilities": 17911790000, "totalLiab": 98441200000, "commonStock": 672690000, "retainedEarnings": 32088320000, "treasuryStock": -1629550000, "capitalSurplus": 516670000, "otherStockholderEquity": -1629550000, "totalStockholderEquity": 31648130000, "netTangibleAssets": -26071070000}], "maxAge": 86400}, "earningsTrend": {"trend": [{"maxAge": 1, "period": "0q", "endDate": "2018-09-30", "growth": {}, "earningsEstimate": {"avg": 0.0, "low": 0.0, "high": 0.0, "yearAgoEps": 4.51, "numberOfAnalysts": 0, "growth": {}}, "revenueEstimate": {"avg": 34921800000, "low": 37667000000, "high": 37667000000, "numberOfAnalysts": 1, "yearAgoRevenue": 30508100000, "growth": 0.145}, "epsTrend": {"current": 0.0, "7daysAgo": 0.0, "30daysAgo": 0.0, "60daysAgo": 0.0, "90daysAgo": 0.0}, "epsRevisions": {"upLast7days": 0, "upLast30days": 0, "downLast30days": 0, "downLast90days": {}}}, {"maxAge": 1, "period": "+1q", "endDate": "2018-12-31", "growth": {}, "earningsEstimate": {"avg": 0.0, "low": 0.0, "high": 0.0, "yearAgoEps": 7.3, "numberOfAnalysts": 0, "growth": {}}, "revenueEstimate": {"avg": 36142000000, "low": 36142000000, "high": 36142000000, "numberOfAnalysts": 1, "yearAgoRevenue": 31447900000, "growth": 0.14899999}, "epsTrend": {"current": 0.0, "7daysAgo": 0.0, "30daysAgo": 0.0, "60daysAgo": 0.0, "90daysAgo": 0.0}, "epsRevisions": {"upLast7days": 0, "upLast30days": 0, "downLast30days": 0, "downLast90days": {}}}, {"maxAge": 1, "period": "0y", "endDate": "2018-12-31", "growth": {}, "earningsEstimate": {"avg": 0.0, "low": 0.0, "high": 0.0, "yearAgoEps": {}, "numberOfAnalysts": 0, "growth": {}}, "revenueEstimate": {"avg": 142128000000, "low": 142097000000, "high": 142158000000, "numberOfAnalysts": 2, "yearAgoRevenue": 114471000000, "growth": 0.24200001}, "epsTrend": {"current": 0.0, "7daysAgo": 29.9, "30daysAgo": 29.9, "60daysAgo": 29.9, "90daysAgo": 29.9}, "epsRevisions": {"upLast7days": 0, "upLast30days": 0, "downLast30days": 0, "downLast90days": {}}}, {"maxAge": 1, "period": "+1y", "endDate": "2019-12-31", "growth": {}, "earningsEstimate": {"avg": 0.0, "low": 0.0, "high": 0.0, "yearAgoEps": {}, "numberOfAnalysts": 0, "growth": {}}, "revenueEstimate": {"avg": 158696000000, "low": 152700000000, "high": 164693000000, "numberOfAnalysts": 2, "yearAgoRevenue": 142128000000, "growth": 0.117}, "epsTrend": {"current": 0.0, "7daysAgo": 31.7, "30daysAgo": 31.7, "60daysAgo": 31.7, "90daysAgo": 31.7}, "epsRevisions": {"upLast7days": 0, "upLast30days": 0, "downLast30days": 0, "downLast90days": {}}}, {"maxAge": 1, "period": "+5y", "endDate": null, "growth": {}, "earningsEstimate": {"avg": {}, "low": {}, "high": {}, "yearAgoEps": {}, "numberOfAnalysts": {}, "growth": {}}, "revenueEstimate": {"avg": {}, "low": {}, "high": {}, "numberOfAnalysts": {}, "yearAgoRevenue": {}, "growth": {}}, "epsTrend": {"current": {}, "7daysAgo": {}, "30daysAgo": {}, "60daysAgo": {}, "90daysAgo": {}}, "epsRevisions": {"upLast7days": {}, "upLast30days": {}, "downLast30days": {}, "downLast90days": {}}}, {"maxAge": 1, "period": "-5y", "endDate": null, "growth": {}, "earningsEstimate": {"avg": {}, "low": {}, "high": {}, "yearAgoEps": {}, "numberOfAnalysts": {}, "growth": {}}, "revenueEstimate": {"avg": {}, "low": {}, "high": {}, "numberOfAnalysts": {}, "yearAgoRevenue": {}, "growth": {}}, "epsTrend": {"current": {}, "7daysAgo": {}, "30daysAgo": {}, "60daysAgo": {}, "90daysAgo": {}}, "epsRevisions": {"upLast7days": {}, "upLast30days": {}, "downLast30days": {}, "downLast90days": {}}}], "maxAge": 1}, "financialData": {"maxAge": 86400, "currentPrice": 179.2, "targetHighPrice": 200.0, "targetLowPrice": 188.0, "targetMeanPrice": 194.0, "targetMedianPrice": 194.0, "recommendationKey": "none", "numberOfAnalystOpinions": 2, "grossProfits": 56307660000, "financialCurrency": "INR"}}}