{"RAJABAH.BO": {"cashflowStatementHistory": {"cashflowStatements": [{"maxAge": 1, "endDate": "2020-03-31", "netIncome": 322188000, "depreciation": 8682000, "changeToNetincome": -360108000, "changeToLiabilities": 29892000, "changeToInventory": -553481000, "changeToOperatingActivities": 211744000, "totalCashFromOperatingActivities": -341083000, "capitalExpenditures": -92453000, "investments": -10109000, "otherCashflowsFromInvestingActivities": 559000, "totalCashflowsFromInvestingActivities": 389508000, "netBorrowings": 93719000, "otherCashflowsFromFinancingActivities": -122272000, "totalCashFromFinancingActivities": -28553000, "changeInCash": 19872000}, {"maxAge": 1, "endDate": "2019-03-31", "netIncome": -147243000, "depreciation": 7227000, "changeToNetincome": 96915000, "changeToLiabilities": -12337000, "changeToInventory": -24043000, "changeToOperatingActivities": 57339000, "totalCashFromOperatingActivities": -22142000, "capitalExpenditures": -99877000, "investments": -9979000, "otherCashflowsFromInvestingActivities": -18000, "totalCashflowsFromInvestingActivities": -109874000, "netBorrowings": 227956000, "otherCashflowsFromFinancingActivities": -99515000, "totalCashFromFinancingActivities": 128441000, "changeInCash": -3575000}, {"maxAge": 1, "endDate": "2018-03-31", "netIncome": -137219000, "depreciation": 4947000, "changeToNetincome": 73863000, "changeToLiabilities": 10507000, "changeToInventory": -12952000, "changeToOperatingActivities": 67079000, "totalCashFromOperatingActivities": 6225000, "capitalExpenditures": -39515000, "investments": 583000, "otherCashflowsFromInvestingActivities": -237000, "totalCashflowsFromInvestingActivities": -39169000, "netBorrowings": 120527000, "otherCashflowsFromFinancingActivities": -88962000, "totalCashFromFinancingActivities": 31565000, "changeInCash": -1379000}, {"maxAge": 1, "endDate": "2017-03-31", "netIncome": -93174000, "depreciation": 1156000, "changeToNetincome": 20295000, "changeToLiabilities": -3746000, "changeToInventory": 156654000, "changeToOperatingActivities": -150863000, "totalCashFromOperatingActivities": -69678000, "capitalExpenditures": -39515000, "investments": -560000, "otherCashflowsFromInvestingActivities": -835000, "totalCashflowsFromInvestingActivities": 1099000, "netBorrowings": 90475000, "otherCashflowsFromFinancingActivities": -20119000, "totalCashFromFinancingActivities": 70356000, "changeInCash": 1777000}], "maxAge": 86400}, "institutionOwnership": {"maxAge": 1, "ownershipList": []}, "balanceSheetHistoryQuarterly": {"balanceSheetStatements": [{"maxAge": 1, "endDate": "2020-06-30", "totalStockholderEquity": 36673000, "netTangibleAssets": 36658000}, {"maxAge": 1, "endDate": "2020-03-31", "cash": 25664000, "netReceivables": 43778000, "inventory": 943954000, "otherCurrentAssets": 15777000, "totalCurrentAssets": 1057089000, "propertyPlantEquipment": 468486000, "goodWill": 15000, "otherAssets": 20393000, "deferredLongTermAssetCharges": 235000, "totalAssets": 1545983000, "accountsPayable": 105081000, "shortLongTermDebt": 9288000, "otherCurrentLiab": 330701000, "longTermDebt": 789378000, "otherLiab": 23308000, "totalCurrentLiabilities": 696624000, "totalLiab": 1509310000, "commonStock": 25000000, "retainedEarnings": -114191000, "treasuryStock": 125864000, "otherStockholderEquity": 125864000, "totalStockholderEquity": 36673000, "netTangibleAssets": 36658000}, {"maxAge": 1, "endDate": "2019-12-31", "totalStockholderEquity": -359736000, "netTangibleAssets": -359751000}, {"maxAge": 1, "endDate": "2019-09-30", "cash": 17365000, "shortTermInvestments": 13189000, "netReceivables": 768000, "inventory": 443217000, "otherCurrentAssets": 25471000, "totalCurrentAssets": 500010000, "propertyPlantEquipment": 443970000, "goodWill": 15000, "otherAssets": 16045000, "deferredLongTermAssetCharges": 720000, "totalAssets": 960040000, "accountsPayable": 60500000, "otherCurrentLiab": 276069000, "longTermDebt": 698353000, "otherLiab": 46810000, "totalCurrentLiabilities": 574613000, "totalLiab": 1319776000, "commonStock": 25000000, "treasuryStock": -384736000, "otherStockholderEquity": -384736000, "totalStockholderEquity": -359736000, "netTangibleAssets": -359751000}], "maxAge": 86400}, "indexTrend": {"maxAge": 1, "symbol": "SP5", "peRatio": 19.7411, "pegRatio": 1.34172, "estimates": [{"period": "0q", "growth": 0.549}, {"period": "+1q", "growth": 0.431}, {"period": "0y", "growth": 0.305}, {"period": "+1y", "growth": 0.109}, {"period": "+5y", "growth": 0.120859005}, {"period": "-5y"}]}, "insiderTransactions": {"transactions": [{"maxAge": 1, "shares": 8644, "filerUrl": "", "transactionText": "", "filerName": "Mukundlal (Manoharlal)", "filerRelation": "Promoter", "moneyText": "", "startDate": "2019-08-21", "ownership": "D"}, {"maxAge": 1, "shares": 8644, "filerUrl": "", "transactionText": "", "filerName": "Pittie (Shridha N.)", "filerRelation": "Promoter", "moneyText": "", "startDate": "2019-08-21", "ownership": "D"}], "maxAge": 1}, "quoteType": {"exchange": "BSE", "quoteType": "EQUITY", "symbol": "RAJABAH.BO", "underlyingSymbol": "RAJABAH.BO", "shortName": "RAJA BAHADUR INTERNATIONAL LTD", "longName": "Raja Bahadur International Limited", "firstTradeDateEpochUtc": "2000-01-07 09:15:00", "timeZoneFullName": "Asia/Kolkata", "timeZoneShortName": "IST", "uuid": "b5c17e36-d051-3e6a-9ea1-4c7c07085874", "messageBoardId": null, "gmtOffSetMilliseconds": 19800000, "maxAge": 1}, "incomeStatementHistory": {"incomeStatementHistory": [{"maxAge": 1, "endDate": "2020-03-31", "totalRevenue": 88240000, "costOfRevenue": 28200000, "grossProfit": 60040000, "researchDevelopment": {}, "sellingGeneralAdministrative": 39691000, "nonRecurring": {}, "otherOperatingExpenses": 42061000, "totalOperatingExpenses": 118634000, "operatingIncome": -30394000, "totalOtherIncomeExpenseNet": 356189000, "ebit": -30394000, "interestExpense": -122271000, "incomeBeforeTax": 325795000, "incomeTaxExpense": 3607000, "minorityInterest": {}, "netIncomeFromContinuingOps": 322188000, "discontinuedOperations": {}, "extraordinaryItems": {}, "effectOfAccountingCharges": {}, "otherItems": {}, "netIncome": 322188000, "netIncomeApplicableToCommonShares": 322188000}, {"maxAge": 1, "endDate": "2019-03-31", "totalRevenue": 94646000, "costOfRevenue": 72911000, "grossProfit": 21735000, "researchDevelopment": {}, "sellingGeneralAdministrative": 39512000, "nonRecurring": {}, "otherOperatingExpenses": 30605000, "totalOperatingExpenses": 150255000, "operatingIncome": -55609000, "totalOtherIncomeExpenseNet": -91957000, "ebit": -55609000, "interestExpense": -97646000, "incomeBeforeTax": -147566000, "incomeTaxExpense": -323000, "minorityInterest": {}, "netIncomeFromContinuingOps": -147243000, "discontinuedOperations": {}, "extraordinaryItems": {}, "effectOfAccountingCharges": {}, "otherItems": {}, "netIncome": -147243000, "netIncomeApplicableToCommonShares": -147243000}, {"maxAge": 1, "endDate": "2018-03-31", "totalRevenue": 103129000, "costOfRevenue": 97738000, "grossProfit": 5391000, "researchDevelopment": {}, "sellingGeneralAdministrative": 38310000, "nonRecurring": {}, "otherOperatingExpenses": 24204000, "totalOperatingExpenses": 165207000, "operatingIncome": -62078000, "totalOtherIncomeExpenseNet": -77206000, "ebit": -62078000, "interestExpense": -77092000, "incomeBeforeTax": -139284000, "incomeTaxExpense": -2065000, "minorityInterest": {}, "netIncomeFromContinuingOps": -137219000, "discontinuedOperations": {}, "extraordinaryItems": {}, "effectOfAccountingCharges": {}, "otherItems": {}, "netIncome": -137219000, "netIncomeApplicableToCommonShares": -137219000}, {"maxAge": 1, "endDate": "2017-03-31", "totalRevenue": 310530000, "costOfRevenue": 344293000, "grossProfit": -33763000, "researchDevelopment": {}, "sellingGeneralAdministrative": 23329000, "nonRecurring": {}, "otherOperatingExpenses": 14455000, "totalOperatingExpenses": 383233000, "operatingIncome": -72703000, "totalOtherIncomeExpenseNet": -22050000, "ebit": -72703000, "interestExpense": -22745000, "incomeBeforeTax": -94753000, "incomeTaxExpense": -1579000, "minorityInterest": {}, "netIncomeFromContinuingOps": -93174000, "discontinuedOperations": {}, "extraordinaryItems": {}, "effectOfAccountingCharges": {}, "otherItems": {}, "netIncome": -93174000, "netIncomeApplicableToCommonShares": -93174000}], "maxAge": 86400}, "fundOwnership": {"maxAge": 1, "ownershipList": []}, "summaryDetail": {"maxAge": 1, "priceHint": 2, "previousClose": 2630.0, "open": 2607.0, "dayLow": 2607.0, "dayHigh": 2630.0, "regularMarketPreviousClose": 2630.0, "regularMarketOpen": 2607.0, "regularMarketDayLow": 2607.0, "regularMarketDayHigh": 2630.0, "trailingPE": 1.986378, "volume": 25, "regularMarketVolume": 25, "averageVolume": 5, "averageVolume10days": 8, "averageDailyVolume10Day": 8, "bid": 0.0, "ask": 2727.0, "bidSize": 0, "askSize": 0, "marketCap": 657500032, "fiftyTwoWeekLow": 1188.8, "fiftyTwoWeekHigh": 2926.45, "fiftyDayAverage": 2454.75, "twoHundredDayAverage": 1772.1659, "currency": "INR", "fromCurrency": null, "toCurrency": null, "lastMarket": null, "algorithm": null, "tradeable": false}, "incomeStatementHistoryQuarterly": {"incomeStatementHistory": [{"maxAge": 1, "endDate": "2020-06-30", "totalRevenue": 18969000, "costOfRevenue": 572000, "grossProfit": 18397000, "researchDevelopment": {}, "sellingGeneralAdministrative": 5445000, "nonRecurring": {}, "otherOperatingExpenses": 3822000, "totalOperatingExpenses": 12785000, "operatingIncome": 6184000, "totalOtherIncomeExpenseNet": -32067000, "ebit": 6184000, "interestExpense": -33077000, "incomeBeforeTax": -25883000, "incomeTaxExpense": 468000, "minorityInterest": {}, "netIncomeFromContinuingOps": -26351000, "discontinuedOperations": {}, "extraordinaryItems": {}, "effectOfAccountingCharges": {}, "otherItems": {}, "netIncome": -26351000, "netIncomeApplicableToCommonShares": -26351000}, {"maxAge": 1, "endDate": "2020-03-31", "totalRevenue": 18641000, "costOfRevenue": 2916000, "grossProfit": 15725000, "researchDevelopment": {}, "sellingGeneralAdministrative": 9888000, "nonRecurring": {}, "otherOperatingExpenses": 9296000, "totalOperatingExpenses": 24857000, "operatingIncome": -6216000, "totalOtherIncomeExpenseNet": 442435000, "ebit": -6216000, "interestExpense": -32125000, "incomeBeforeTax": 436219000, "incomeTaxExpense": 1903000, "minorityInterest": {}, "netIncomeFromContinuingOps": 434316000, "discontinuedOperations": {}, "extraordinaryItems": {}, "effectOfAccountingCharges": {}, "otherItems": {}, "netIncome": 434316000, "netIncomeApplicableToCommonShares": 434316000}, {"maxAge": 1, "endDate": "2019-12-31", "totalRevenue": 37962000, "costOfRevenue": 24531000, "grossProfit": 13431000, "researchDevelopment": {}, "sellingGeneralAdministrative": 10702000, "nonRecurring": {}, "otherOperatingExpenses": 7452000, "totalOperatingExpenses": 45501000, "operatingIncome": -7539000, "totalOtherIncomeExpenseNet": -29765000, "ebit": -7539000, "interestExpense": -30503000, "incomeBeforeTax": -37304000, "incomeTaxExpense": -41000, "minorityInterest": {}, "netIncomeFromContinuingOps": -37263000, "discontinuedOperations": {}, "extraordinaryItems": {}, "effectOfAccountingCharges": {}, "otherItems": {}, "netIncome": -37263000, "netIncomeApplicableToCommonShares": -37263000}, {"maxAge": 1, "endDate": "2019-09-30", "totalRevenue": 16851000, "costOfRevenue": 231000, "grossProfit": 16620000, "researchDevelopment": {}, "sellingGeneralAdministrative": 9447000, "nonRecurring": {}, "otherOperatingExpenses": 16410000, "totalOperatingExpenses": 27173000, "operatingIncome": -10322000, "totalOtherIncomeExpenseNet": -29063000, "ebit": -10322000, "interestExpense": -30860000, "incomeBeforeTax": -39385000, "incomeTaxExpense": 466000, "minorityInterest": {}, "netIncomeFromContinuingOps": -39851000, "discontinuedOperations": {}, "extraordinaryItems": {}, "effectOfAccountingCharges": {}, "otherItems": {}, "netIncome": -39851000, "netIncomeApplicableToCommonShares": -39851000}], "maxAge": 86400}, "cashflowStatementHistoryQuarterly": {"cashflowStatements": [{"maxAge": 1, "endDate": "2020-06-30", "netIncome": -26351000, "changeToLiabilities": 0}, {"maxAge": 1, "endDate": "2020-03-31", "netIncome": 434316000, "changeToLiabilities": 0}, {"maxAge": 1, "endDate": "2019-12-31", "netIncome": -37263000, "changeToLiabilities": 0}, {"maxAge": 1, "endDate": "2019-09-30", "netIncome": -39851000, "changeToLiabilities": 0}], "maxAge": 86400}, "insiderHolders": {"holders": [{"maxAge": 1, "name": "Mukundlal (Manoharlal)", "relation": "Promoter", "url": "", "transactionDescription": "Other", "latestTransDate": "2019-08-21", "positionDirect": 0, "positionDirectDate": "2019-08-21"}, {"maxAge": 1, "name": "Pittie (Shridha N.)", "relation": "Promoter", "url": "", "transactionDescription": "Other", "latestTransDate": "2019-08-21", "positionDirect": 118571, "positionDirectDate": "2019-08-21"}], "maxAge": 1}, "calendarEvents": {"maxAge": 1, "earnings": {"earningsDate": ["2020-01-30 05:30:S"]}}, "price": {"maxAge": 1, "regularMarketChangePercent": 0.0, "regularMarketChange": 0.0, "regularMarketTime": "2021-04-26 12:58:48", "priceHint": 2, "regularMarketPrice": 2630.0, "regularMarketDayHigh": 2630.0, "regularMarketDayLow": 2607.0, "regularMarketVolume": 25, "averageDailyVolume10Day": 8, "averageDailyVolume3Month": 5, "regularMarketPreviousClose": 2630.0, "regularMarketSource": "FREE_REALTIME", "regularMarketOpen": 2607.0, "exchange": "BSE", "exchangeName": "BSE", "exchangeDataDelayedBy": 0, "marketState": "CLOSED", "quoteType": "EQUITY", "symbol": "RAJABAH.BO", "underlyingSymbol": null, "shortName": "RAJA BAHADUR INTERNATIONAL LTD", "longName": "Raja Bahadur International Limited", "currency": "INR", "quoteSourceName": "Delayed Quote", "currencySymbol": "\u20b9", "fromCurrency": null, "toCurrency": null, "lastMarket": null, "marketCap": 657500032}, "balanceSheetHistory": {"balanceSheetStatements": [{"maxAge": 1, "endDate": "2020-03-31", "cash": 25664000, "netReceivables": 43778000, "inventory": 943954000, "otherCurrentAssets": 15777000, "totalCurrentAssets": 1057089000, "propertyPlantEquipment": 468486000, "goodWill": 15000, "otherAssets": 20393000, "deferredLongTermAssetCharges": 235000, "totalAssets": 1545983000, "accountsPayable": 105081000, "shortLongTermDebt": 9288000, "otherCurrentLiab": 330701000, "longTermDebt": 789378000, "otherLiab": 23308000, "totalCurrentLiabilities": 696624000, "totalLiab": 1509310000, "commonStock": 25000000, "retainedEarnings": -114191000, "treasuryStock": 125864000, "otherStockholderEquity": 125864000, "totalStockholderEquity": 36673000, "netTangibleAssets": 36658000}, {"maxAge": 1, "endDate": "2019-03-31", "cash": 5791000, "netReceivables": 4050000, "inventory": 390474000, "otherCurrentAssets": 32186000, "totalCurrentAssets": 443545000, "longTermInvestments": 1110000, "propertyPlantEquipment": 399375000, "goodWill": 15000, "otherAssets": 11480000, "deferredLongTermAssetCharges": 2410000, "totalAssets": 854415000, "accountsPayable": 75190000, "shortLongTermDebt": 8231000, "otherCurrentLiab": 84428000, "longTermDebt": 630175000, "otherLiab": 45466000, "totalCurrentLiabilities": 468425000, "totalLiab": 1144066000, "commonStock": 25000000, "retainedEarnings": -451097000, "treasuryStock": 136446000, "otherStockholderEquity": 136446000, "totalStockholderEquity": -289651000, "netTangibleAssets": -289666000}, {"maxAge": 1, "endDate": "2018-03-31", "cash": 9366000, "netReceivables": 967000, "inventory": 366430000, "otherCurrentAssets": 22779000, "totalCurrentAssets": 399542000, "propertyPlantEquipment": 306725000, "goodWill": 15000, "otherAssets": 8189000, "deferredLongTermAssetCharges": 2439000, "totalAssets": 714471000, "accountsPayable": 87527000, "shortLongTermDebt": 4400000, "otherCurrentLiab": 62648000, "longTermDebt": 372415000, "otherLiab": 7932000, "totalCurrentLiabilities": 477537000, "totalLiab": 857884000, "commonStock": 25000000, "retainedEarnings": -184454000, "treasuryStock": 16041000, "otherStockholderEquity": 16041000, "totalStockholderEquity": -143413000, "netTangibleAssets": -143428000}, {"maxAge": 1, "endDate": "2017-03-31", "cash": 10746000, "netReceivables": 1494000, "inventory": 353478000, "otherCurrentAssets": 40802000, "totalCurrentAssets": 407103000, "propertyPlantEquipment": 272156000, "goodWill": 15000, "otherAssets": 4453000, "deferredLongTermAssetCharges": 736000, "totalAssets": 683727000, "accountsPayable": 67958000, "otherCurrentLiab": 38805000, "longTermDebt": 283376000, "totalCurrentLiabilities": 407068000, "totalLiab": 690444000, "commonStock": 25000000, "retainedEarnings": -165471000, "treasuryStock": 133754000, "otherStockholderEquity": 133754000, "totalStockholderEquity": -6717000, "netTangibleAssets": -6732000}], "maxAge": 86400}, "financialData": {"maxAge": 86400, "currentPrice": 2630.0, "recommendationKey": "none", "grossProfits": 60040000, "financialCurrency": "INR"}}}