{"RAJMET.NS": {"assetProfile": {"address1": "3 E/17, B. P. N.I.T", "city": "Faridabad", "zip": "121001", "country": "India", "phone": "91 12 9407 4043", "website": "http://www.rajnandinimetal.com", "industry": "Other Industrial Metals & Mining", "sector": "Basic Materials", "longBusinessSummary": "Rajnandini Metal Limited engages in the trading of various metals in India and internationally. Its products include base/primary metals, secondary metals and alloys, minor metals, ferro-alloys, ferrous and non-ferrous scraps, recyclable plastic scraps, finished and semi-finished metals and steel products, and alloying additives for smelters and foundries. The company trades copper scrap, semi-finished copper, brass scrap, semi-finished brass, aluminum scrap, aluminum alloy, semi-finished lead, ferrous/HMS scrap, and zinc scrap products. In addition, it offers steel, iron, iron alloy, castings, various metals and chemicals, furnace oil, and petroleum products, as well as act as a fabricator, contractor, exporter, importer, stocker, agent, dealer, and distributer. Further, the company is involved in the smelting, refining, finishing, buying, and selling of ferrous and non-ferrous metals, such as iron and steel, aluminum, tin, nickel, and zinc led. The company was founded in 2010 and is headquartered in Faridabad, India.", "fullTimeEmployees": 10, "companyOfficers": [{"maxAge": 1, "name": "Mr. Het Ram Sharma", "title": "Chairman & MD", "fiscalYear": 2020, "totalPay": 4800000, "exercisedValue": 0, "unexercisedValue": 0}, {"maxAge": 1, "name": "Mr. Manoj Kumar Jangir", "title": "Chief Financial Officer", "fiscalYear": 2020, "totalPay": 780000, "exercisedValue": 0, "unexercisedValue": 0}, {"maxAge": 1, "name": "Ms. Priya  Bareja", "title": "Company Sec. & Compliance Officer", "fiscalYear": 2020, "totalPay": 249600, "exercisedValue": 0, "unexercisedValue": 0}, {"maxAge": 1, "name": "Ms. Mithlesh  Sharma", "title": "Exec. Director", "fiscalYear": 2020, "totalPay": 1200000, "exercisedValue": 0, "unexercisedValue": 0}], "compensationAsOfEpochDate": "2020-12-31 05:30:00", "maxAge": 86400}, "cashflowStatementHistory": {"cashflowStatements": [{"maxAge": 1, "endDate": "2020-03-31", "netIncome": 11591000, "depreciation": 3125000, "changeToNetincome": 23957000, "changeToLiabilities": 66504000, "changeToInventory": -95896000, "changeToOperatingActivities": 1358000, "totalCashFromOperatingActivities": 10639000, "capitalExpenditures": -71013000, "otherCashflowsFromInvestingActivities": 236000, "totalCashflowsFromInvestingActivities": -70777000, "netBorrowings": 32508000, "otherCashflowsFromFinancingActivities": -24551000, "totalCashFromFinancingActivities": 50701000, "changeInCash": -9437000, "issuanceOfStock": 42744000}, {"maxAge": 1, "endDate": "2019-03-31", "netIncome": 10451000, "depreciation": 1414000, "changeToNetincome": 17468000, "changeToLiabilities": -67126000, "changeToInventory": -23688000, "changeToOperatingActivities": 76595000, "totalCashFromOperatingActivities": 15114000, "capitalExpenditures": -101000, "otherCashflowsFromInvestingActivities": 948000, "totalCashflowsFromInvestingActivities": 847000, "netBorrowings": 32511000, "otherCashflowsFromFinancingActivities": -18143000, "totalCashFromFinancingActivities": 14368000, "changeInCash": 30329000, "issuanceOfStock": 42744000}, {"maxAge": 1, "endDate": "2018-03-31", "netIncome": 9425000, "depreciation": 1309000, "changeToNetincome": 15403000, "changeToLiabilities": -48839000, "changeToInventory": 8321000, "changeToOperatingActivities": 33266000, "totalCashFromOperatingActivities": 18886000, "capitalExpenditures": -101000, "otherCashflowsFromInvestingActivities": 2798000, "totalCashflowsFromInvestingActivities": 2697000, "netBorrowings": -2875000, "otherCashflowsFromFinancingActivities": -18201000, "totalCashFromFinancingActivities": -21076000, "changeInCash": 507000, "issuanceOfStock": 42744000}, {"maxAge": 1, "endDate": "2017-03-31", "netIncome": 5521000, "depreciation": 1287000, "changeToNetincome": 20036000, "changeToAccountReceivables": -110241000, "changeToLiabilities": 72429000, "changeToInventory": 21314000, "changeToOperatingActivities": 10531000, "totalCashFromOperatingActivities": 20877000, "capitalExpenditures": -4491000, "otherCashflowsFromInvestingActivities": 1869000, "totalCashflowsFromInvestingActivities": -2622000, "netBorrowings": 2806000, "otherCashflowsFromFinancingActivities": -21824000, "totalCashFromFinancingActivities": -19018000, "changeInCash": -763000, "issuanceOfStock": 42744000}], "maxAge": 86400}, "institutionOwnership": {"ownershipList": [], "maxAge": 1}, "majorHoldersBreakdown": {"maxAge": 1}, "balanceSheetHistoryQuarterly": {"balanceSheetStatements": [{"maxAge": 1, "endDate": "2020-03-31", "cash": 1321000, "netReceivables": 227868000, "inventory": 171372000, "otherCurrentAssets": 8374000, "totalCurrentAssets": 409057000, "propertyPlantEquipment": 215068000, "intangibleAssets": 9000, "otherAssets": 3953000, "totalAssets": 628087000, "accountsPayable": 78591000, "longTermDebt": 122759000, "otherLiab": 3117000, "totalCurrentLiabilities": 357137000, "totalLiab": 483013000, "commonStock": 61440000, "retainedEarnings": 57330000, "capitalSurplus": 26304000, "totalStockholderEquity": 145074000, "netTangibleAssets": 145065000}, {"maxAge": 1, "endDate": "2019-12-31", "cash": 1321000, "netReceivables": 227868000, "inventory": 171372000, "otherCurrentAssets": 8374000, "totalCurrentAssets": 409057000, "propertyPlantEquipment": 215068000, "intangibleAssets": 9000, "otherAssets": 3953000, "totalAssets": 628087000, "accountsPayable": 78591000, "longTermDebt": 122759000, "otherLiab": 3117000, "totalCurrentLiabilities": 357137000, "totalLiab": 483013000, "commonStock": 61440000, "retainedEarnings": 57330000, "capitalSurplus": 26304000, "totalStockholderEquity": 145074000, "netTangibleAssets": 145065000}, {"maxAge": 1, "endDate": "2019-09-30", "cash": 1913000, "netReceivables": 258792000, "inventory": 63341000, "otherCurrentAssets": 140000, "totalCurrentAssets": 324186000, "propertyPlantEquipment": 161311000, "otherAssets": 1909000, "deferredLongTermAssetCharges": 29000, "totalAssets": 487406000, "accountsPayable": 60922000, "otherCurrentLiab": 1342000, "longTermDebt": 99573000, "otherLiab": 1356000, "totalCurrentLiabilities": 248987000, "totalLiab": 349916000, "commonStock": 61440000, "treasuryStock": 49746000, "capitalSurplus": 26304000, "otherStockholderEquity": 49746000, "totalStockholderEquity": 137490000, "netTangibleAssets": 137490000}, {"maxAge": 1, "endDate": "2019-06-30", "cash": 1913000, "netReceivables": 258792000, "inventory": 63341000, "otherCurrentAssets": 140000, "totalCurrentAssets": 324186000, "propertyPlantEquipment": 161311000, "otherAssets": 1909000, "deferredLongTermAssetCharges": 29000, "totalAssets": 487406000, "accountsPayable": 60922000, "otherCurrentLiab": 1342000, "longTermDebt": 99573000, "otherLiab": 1356000, "totalCurrentLiabilities": 248987000, "totalLiab": 349916000, "commonStock": 61440000, "treasuryStock": 49746000, "capitalSurplus": 26304000, "otherStockholderEquity": 49746000, "totalStockholderEquity": 137490000, "netTangibleAssets": 137490000}], "maxAge": 86400}, "indexTrend": {"maxAge": 1, "symbol": "SP5", "peRatio": 19.7411, "pegRatio": 1.34172, "estimates": [{"period": "0q", "growth": 0.549}, {"period": "+1q", "growth": 0.431}, {"period": "0y", "growth": 0.305}, {"period": "+1y", "growth": 0.109}, {"period": "+5y", "growth": 0.120865}, {"period": "-5y"}]}, "defaultKeyStatistics": {"maxAge": 1, "priceHint": 2, "enterpriseValue": 1511277056, "profitMargins": 0.0078100003, "floatShares": 512164, "sharesOutstanding": 12288000, "beta": -0.009, "category": null, "bookValue": 11.806, "priceToBook": 7.665594, "fundFamily": null, "legalType": null, "lastFiscalYearEnd": "2020-03-31 05:30:00", "nextFiscalYearEnd": "2022-03-31 05:30:00", "mostRecentQuarter": "2020-03-31 05:30:00", "earningsQuarterlyGrowth": 0.568, "netIncomeToCommon": 11591000, "trailingEps": 0.94, "lastSplitFactor": "2:1", "lastSplitDate": "2020-09-03 05:30:00", "enterpriseToRevenue": 1.018, "enterpriseToEbitda": 38.247}, "summaryProfile": {"address1": "3 E/17, B. P. N.I.T", "city": "Faridabad", "zip": "121001", "country": "India", "phone": "91 12 9407 4043", "website": "http://www.rajnandinimetal.com", "industry": "Other Industrial Metals & Mining", "sector": "Basic Materials", "longBusinessSummary": "Rajnandini Metal Limited engages in the trading of various metals in India and internationally. Its products include base/primary metals, secondary metals and alloys, minor metals, ferro-alloys, ferrous and non-ferrous scraps, recyclable plastic scraps, finished and semi-finished metals and steel products, and alloying additives for smelters and foundries. The company trades copper scrap, semi-finished copper, brass scrap, semi-finished brass, aluminum scrap, aluminum alloy, semi-finished lead, ferrous/HMS scrap, and zinc scrap products. In addition, it offers steel, iron, iron alloy, castings, various metals and chemicals, furnace oil, and petroleum products, as well as act as a fabricator, contractor, exporter, importer, stocker, agent, dealer, and distributer. Further, the company is involved in the smelting, refining, finishing, buying, and selling of ferrous and non-ferrous metals, such as iron and steel, aluminum, tin, nickel, and zinc led. The company was founded in 2010 and is headquartered in Faridabad, India.", "fullTimeEmployees": 10, "companyOfficers": [], "maxAge": 86400}, "netSharePurchaseActivity": {"maxAge": 1, "period": "6m", "buyInfoCount": 0, "buyInfoShares": 0, "sellInfoCount": 0, "netInfoCount": 0, "netInfoShares": 0, "totalInsiderShares": 0}, "quoteType": {"exchange": "NSI", "quoteType": "EQUITY", "symbol": "RAJMET.NS", "underlyingSymbol": "RAJMET.NS", "shortName": "Rajnandini Metal Limited", "longName": "Rajnandini Metal Limited", "firstTradeDateEpochUtc": "2018-10-23 09:15:00", "timeZoneFullName": "Asia/Kolkata", "timeZoneShortName": "IST", "uuid": "fde183d0-6f85-38e1-9954-5da8b3896a0b", "gmtOffSetMilliseconds": 19800000, "maxAge": 1}, "incomeStatementHistory": {"incomeStatementHistory": [{"maxAge": 1, "endDate": "2020-03-31", "totalRevenue": 1484174000, "costOfRevenue": 1409421000, "grossProfit": 74753000, "researchDevelopment": {}, "sellingGeneralAdministrative": 14050000, "nonRecurring": {}, "otherOperatingExpenses": 21189000, "totalOperatingExpenses": 1447785000, "operatingIncome": 36389000, "totalOtherIncomeExpenseNet": -20207000, "ebit": 36389000, "interestExpense": -24551000, "incomeBeforeTax": 16182000, "incomeTaxExpense": 4591000, "minorityInterest": {}, "netIncomeFromContinuingOps": 11591000, "discontinuedOperations": {}, "extraordinaryItems": {}, "effectOfAccountingCharges": {}, "otherItems": {}, "netIncome": 11591000, "netIncomeApplicableToCommonShares": 11591000}, {"maxAge": 1, "endDate": "2019-03-31", "totalRevenue": 1367682000, "costOfRevenue": 1309026000, "grossProfit": 58656000, "researchDevelopment": {}, "sellingGeneralAdministrative": 8890000, "nonRecurring": {}, "otherOperatingExpenses": 15851000, "totalOperatingExpenses": 1335181000, "operatingIncome": 32501000, "totalOtherIncomeExpenseNet": -17101000, "ebit": 32501000, "interestExpense": -18143000, "incomeBeforeTax": 15400000, "incomeTaxExpense": 4949000, "minorityInterest": {}, "netIncomeFromContinuingOps": 10451000, "discontinuedOperations": {}, "extraordinaryItems": {}, "effectOfAccountingCharges": {}, "otherItems": {}, "netIncome": 10451000, "netIncomeApplicableToCommonShares": 10451000}, {"maxAge": 1, "endDate": "2018-03-31", "totalRevenue": 1408742000, "costOfRevenue": 1363970000, "grossProfit": 44772000, "researchDevelopment": {}, "sellingGeneralAdministrative": 5635000, "nonRecurring": {}, "otherOperatingExpenses": 8334000, "totalOperatingExpenses": 1379249000, "operatingIncome": 29493000, "totalOtherIncomeExpenseNet": -15392000, "ebit": 29493000, "interestExpense": -18201000, "incomeBeforeTax": 14101000, "incomeTaxExpense": 4676000, "minorityInterest": {}, "netIncomeFromContinuingOps": 9425000, "discontinuedOperations": {}, "extraordinaryItems": {}, "effectOfAccountingCharges": {}, "otherItems": {}, "netIncome": 9425000, "netIncomeApplicableToCommonShares": 9425000}, {"maxAge": 1, "endDate": "2017-03-31", "totalRevenue": 1269536000, "costOfRevenue": 1225279000, "grossProfit": 44257000, "researchDevelopment": {}, "sellingGeneralAdministrative": 6615000, "nonRecurring": {}, "otherOperatingExpenses": 9191000, "totalOperatingExpenses": 1242372000, "operatingIncome": 27164000, "totalOtherIncomeExpenseNet": -19156000, "ebit": 27164000, "interestExpense": -21825000, "incomeBeforeTax": 8008000, "incomeTaxExpense": 2487000, "minorityInterest": {}, "netIncomeFromContinuingOps": 5521000, "discontinuedOperations": {}, "extraordinaryItems": {}, "effectOfAccountingCharges": {}, "otherItems": {}, "netIncome": 5521000, "netIncomeApplicableToCommonShares": 5521000}], "maxAge": 86400}, "fundOwnership": {"ownershipList": [], "maxAge": 1}, "summaryDetail": {"maxAge": 1, "priceHint": 2, "previousClose": 90.8, "open": 92.3, "dayLow": 90.25, "dayHigh": 92.45, "regularMarketPreviousClose": 90.8, "regularMarketOpen": 92.3, "regularMarketDayLow": 90.25, "regularMarketDayHigh": 92.45, "payoutRatio": 0.0, "beta": -0.009, "trailingPE": 96.276596, "volume": 7291, "regularMarketVolume": 7291, "averageVolume": 3333, "averageVolume10days": 0, "averageDailyVolume10Day": 0, "bid": 0.0, "ask": 0.0, "marketCap": 1112064000, "fiftyTwoWeekLow": 13.025, "fiftyTwoWeekHigh": 92.45, "priceToSalesTrailing12Months": 0.74928147, "fiftyDayAverage": 31.05, "twoHundredDayAverage": 29.517143, "currency": "INR", "fromCurrency": null, "lastMarket": null, "algorithm": null, "tradeable": false}, "incomeStatementHistoryQuarterly": {"incomeStatementHistory": [{"maxAge": 1, "endDate": "2020-03-31", "totalRevenue": 547613500, "costOfRevenue": 525423500, "grossProfit": 22190000, "researchDevelopment": {}, "sellingGeneralAdministrative": 4892500, "nonRecurring": {}, "otherOperatingExpenses": 5560000, "totalOperatingExpenses": 536987000, "operatingIncome": 10626500, "totalOtherIncomeExpenseNet": -5210000, "ebit": 10626500, "interestExpense": -6784000, "incomeBeforeTax": 5416500, "incomeTaxExpense": 1624500, "minorityInterest": {}, "netIncomeFromContinuingOps": 3792000, "discontinuedOperations": {}, "extraordinaryItems": {}, "effectOfAccountingCharges": {}, "otherItems": {}, "netIncome": 3792000, "netIncomeApplicableToCommonShares": 3792000}, {"maxAge": 1, "endDate": "2019-12-31", "totalRevenue": 547613500, "costOfRevenue": 525423500, "grossProfit": 22190000, "researchDevelopment": {}, "sellingGeneralAdministrative": 4892500, "nonRecurring": {}, "otherOperatingExpenses": 5560000, "totalOperatingExpenses": 536987000, "operatingIncome": 10626500, "totalOtherIncomeExpenseNet": -5210000, "ebit": 10626500, "interestExpense": -6784000, "incomeBeforeTax": 5416500, "incomeTaxExpense": 1624500, "minorityInterest": {}, "netIncomeFromContinuingOps": 3792000, "discontinuedOperations": {}, "extraordinaryItems": {}, "effectOfAccountingCharges": {}, "otherItems": {}, "netIncome": 3792000, "netIncomeApplicableToCommonShares": 3792000}, {"maxAge": 1, "endDate": "2019-09-30", "totalRevenue": 194473500, "costOfRevenue": 179287000, "grossProfit": 15186500, "researchDevelopment": {}, "sellingGeneralAdministrative": 2132500, "nonRecurring": {}, "otherOperatingExpenses": 5034500, "totalOperatingExpenses": 186905500, "operatingIncome": 7568000, "totalOtherIncomeExpenseNet": -4893500, "ebit": 7568000, "interestExpense": -5491500, "incomeBeforeTax": 2674500, "incomeTaxExpense": 671000, "minorityInterest": {}, "netIncomeFromContinuingOps": 2003500, "discontinuedOperations": {}, "extraordinaryItems": {}, "effectOfAccountingCharges": {}, "otherItems": {}, "netIncome": 2003500, "netIncomeApplicableToCommonShares": 2003500}, {"maxAge": 1, "endDate": "2019-06-30", "totalRevenue": 194473500, "costOfRevenue": 179287000, "grossProfit": 15186500, "researchDevelopment": {}, "sellingGeneralAdministrative": 2132500, "nonRecurring": {}, "otherOperatingExpenses": 5034500, "totalOperatingExpenses": 186905500, "operatingIncome": 7568000, "totalOtherIncomeExpenseNet": -4893500, "ebit": 7568000, "interestExpense": -5491500, "incomeBeforeTax": 2674500, "incomeTaxExpense": 671000, "minorityInterest": {}, "netIncomeFromContinuingOps": 2003500, "discontinuedOperations": {}, "extraordinaryItems": {}, "effectOfAccountingCharges": {}, "otherItems": {}, "netIncome": 2003500, "netIncomeApplicableToCommonShares": 2003500}], "maxAge": 86400}, "cashflowStatementHistoryQuarterly": {"cashflowStatements": [{"maxAge": 1, "endDate": "2020-03-31", "netIncome": 3792000, "depreciation": 1111000, "changeToNetincome": 6603000, "changeToLiabilities": 8787500, "changeToInventory": -54015500, "changeToOperatingActivities": 6318500, "totalCashFromOperatingActivities": -27403500, "capitalExpenditures": 7925000, "otherCashflowsFromInvestingActivities": 2000, "totalCashflowsFromInvestingActivities": 7927000, "netBorrowings": 166500, "otherCashflowsFromFinancingActivities": -6784000, "totalCashFromFinancingActivities": 14754500, "changeInCash": -4722000, "issuanceOfStock": 21372000}, {"maxAge": 1, "endDate": "2019-12-31", "netIncome": 3792000, "depreciation": 1111000, "changeToNetincome": 6603000, "changeToLiabilities": 8787500, "changeToInventory": -54015500, "changeToOperatingActivities": 6318500, "totalCashFromOperatingActivities": -27403500, "capitalExpenditures": 7925000, "otherCashflowsFromInvestingActivities": 2000, "totalCashflowsFromInvestingActivities": 7927000, "netBorrowings": 166500, "otherCashflowsFromFinancingActivities": -6784000, "totalCashFromFinancingActivities": 14754500, "changeInCash": -4722000, "issuanceOfStock": 21372000}, {"maxAge": 1, "endDate": "2019-09-30", "netIncome": 2003500, "depreciation": 451500, "changeToNetincome": 5375500, "changeToLiabilities": 24464500, "changeToInventory": 6067500, "changeToOperatingActivities": -5639500, "totalCashFromOperatingActivities": 32723000, "capitalExpenditures": -43431500, "otherCashflowsFromInvestingActivities": 116000, "totalCashflowsFromInvestingActivities": -43315500, "netBorrowings": 16087500, "otherCashflowsFromFinancingActivities": -5491500, "totalCashFromFinancingActivities": 10596000, "changeInCash": 3500, "issuanceOfStock": 21372000}, {"maxAge": 1, "endDate": "2019-06-30", "netIncome": 2003500, "depreciation": 451500, "changeToNetincome": 5375500, "changeToLiabilities": 24464500, "changeToInventory": 6067500, "changeToOperatingActivities": -5639500, "totalCashFromOperatingActivities": 32723000, "capitalExpenditures": -43431500, "otherCashflowsFromInvestingActivities": 116000, "totalCashflowsFromInvestingActivities": -43315500, "netBorrowings": 16087500, "otherCashflowsFromFinancingActivities": -5491500, "totalCashFromFinancingActivities": 10596000, "changeInCash": 3500, "issuanceOfStock": 21372000}], "maxAge": 86400}, "insiderHolders": {"holders": [], "maxAge": 1}, "calendarEvents": {"maxAge": 1, "earnings": {"earningsDate": []}}, "upgradeDowngradeHistory": {"history": [], "maxAge": 86400}, "price": {"maxAge": 1, "regularMarketChangePercent": -0.0033039981, "regularMarketChange": -0.30000305, "regularMarketTime": "2021-04-30 15:27:36", "priceHint": 2, "regularMarketPrice": 90.5, "regularMarketDayHigh": 92.45, "regularMarketDayLow": 90.25, "regularMarketVolume": 7291, "averageDailyVolume10Day": 0, "averageDailyVolume3Month": 3333, "regularMarketPreviousClose": 90.8, "regularMarketSource": "FREE_REALTIME", "regularMarketOpen": 92.3, "exchange": "NSI", "exchangeName": "NSE", "exchangeDataDelayedBy": 15, "marketState": "CLOSED", "quoteType": "EQUITY", "symbol": "RAJMET.NS", "underlyingSymbol": null, "shortName": "Rajnandini Metal Limited", "longName": "Rajnandini Metal Limited", "currency": "INR", "quoteSourceName": "Delayed Quote", "currencySymbol": "\u20b9", "fromCurrency": null, "lastMarket": null, "marketCap": 1112064000}, "balanceSheetHistory": {"balanceSheetStatements": [{"maxAge": 1, "endDate": "2020-03-31", "cash": 1321000, "netReceivables": 227868000, "inventory": 171372000, "otherCurrentAssets": 8374000, "totalCurrentAssets": 409057000, "propertyPlantEquipment": 215068000, "intangibleAssets": 9000, "otherAssets": 3953000, "totalAssets": 628087000, "accountsPayable": 78591000, "longTermDebt": 122759000, "otherLiab": 3117000, "totalCurrentLiabilities": 357137000, "totalLiab": 483013000, "commonStock": 61440000, "retainedEarnings": 57330000, "capitalSurplus": 26304000, "totalStockholderEquity": 145074000, "netTangibleAssets": 145065000}, {"maxAge": 1, "endDate": "2019-03-31", "cash": 1906000, "netReceivables": 209330000, "inventory": 75476000, "otherCurrentAssets": 38147000, "totalCurrentAssets": 324859000, "propertyPlantEquipment": 75338000, "intangibleAssets": 13000, "otherAssets": 997000, "deferredLongTermAssetCharges": 29000, "totalAssets": 401207000, "accountsPayable": 12087000, "longTermDebt": 18089000, "otherLiab": 1356000, "totalCurrentLiabilities": 248279000, "totalLiab": 267724000, "commonStock": 61440000, "retainedEarnings": 45739000, "capitalSurplus": 26304000, "totalStockholderEquity": 133483000, "netTangibleAssets": 133470000}, {"maxAge": 1, "endDate": "2018-03-31", "cash": 1301000, "netReceivables": 250925000, "inventory": 51788000, "otherCurrentAssets": 72320000, "totalCurrentAssets": 376334000, "propertyPlantEquipment": 5747000, "intangibleAssets": 2000, "otherAssets": 421000, "deferredLongTermAssetCharges": 421000, "totalAssets": 382504000, "accountsPayable": 79213000, "shortLongTermDebt": 1517000, "otherCurrentLiab": 62000, "otherLiab": 1287000, "totalCurrentLiabilities": 300929000, "totalLiab": 302216000, "commonStock": 45000000, "retainedEarnings": 35288000, "totalStockholderEquity": 80288000, "netTangibleAssets": 80286000}, {"maxAge": 1, "endDate": "2017-03-31", "cash": 295000, "shortTermInvestments": 13076000, "netReceivables": 339078000, "inventory": 60109000, "otherCurrentAssets": 5546000, "totalCurrentAssets": 418104000, "propertyPlantEquipment": 6958000, "totalAssets": 425062000, "accountsPayable": 128021000, "shortLongTermDebt": 1372000, "otherCurrentLiab": 1571000, "longTermDebt": 1517000, "otherLiab": 93000, "totalCurrentLiabilities": 352589000, "totalLiab": 354199000, "commonStock": 45000000, "retainedEarnings": 25863000, "totalStockholderEquity": 70863000, "netTangibleAssets": 70863000}], "maxAge": 86400}, "financialData": {"maxAge": 86400, "currentPrice": 90.5, "recommendationKey": "none", "totalCash": 1321000, "totalCashPerShare": 0.108, "ebitda": 39514000, "totalDebt": 400534016, "quickRatio": 0.642, "currentRatio": 1.145, "totalRevenue": 1484173952, "debtToEquity": 276.089, "revenuePerShare": 120.782, "returnOnAssets": 0.04419, "returnOnEquity": 0.08322, "grossProfits": 74753000, "freeCashflow": -78494248, "operatingCashflow": 10639000, "earningsGrowth": 0.986, "revenueGrowth": 0.593, "grossMargins": 0.05037, "ebitdaMargins": 0.026619999, "operatingMargins": 0.024519999, "profitMargins": 0.0078100003, "financialCurrency": "INR"}}}