{"RAJPALAYAM.BO": {"recommendationTrend": {"trend": [{"period": "0m", "strongBuy": 0, "buy": 0, "hold": 0, "sell": 0, "strongSell": 0}, {"period": "-1m", "strongBuy": 0, "buy": 0, "hold": 0, "sell": 0, "strongSell": 0}, {"period": "-2m", "strongBuy": 0, "buy": 0, "hold": 0, "sell": 0, "strongSell": 0}, {"period": "-3m", "strongBuy": 0, "buy": 0, "hold": 0, "sell": 0, "strongSell": 0}], "maxAge": 86400}, "cashflowStatementHistory": {"cashflowStatements": [{"maxAge": 1, "endDate": "2020-03-31", "netIncome": 920679000, "depreciation": 338207000, "changeToNetincome": -856392000, "changeToAccountReceivables": 114623000, "changeToLiabilities": -36601000, "changeToInventory": 320000, "changeToOperatingActivities": -48421000, "totalCashFromOperatingActivities": 432673000, "capitalExpenditures": -1719286000, "investments": -77000, "otherCashflowsFromInvestingActivities": 340548000, "totalCashflowsFromInvestingActivities": -1324257000, "dividendsPaid": -29505000, "netBorrowings": 1212929000, "otherCashflowsFromFinancingActivities": -264722000, "totalCashFromFinancingActivities": 918702000, "changeInCash": 27118000}, {"maxAge": 1, "endDate": "2019-03-31", "netIncome": 1044749000, "depreciation": 317253000, "changeToNetincome": -827613000, "changeToAccountReceivables": -116267000, "changeToLiabilities": 255989000, "changeToInventory": -340587000, "changeToOperatingActivities": -119222000, "totalCashFromOperatingActivities": 214854000, "capitalExpenditures": -2162916000, "investments": -209272000, "otherCashflowsFromInvestingActivities": 240718000, "totalCashflowsFromInvestingActivities": -2092410000, "dividendsPaid": -29505000, "netBorrowings": 2150687000, "otherCashflowsFromFinancingActivities": -225872000, "totalCashFromFinancingActivities": 1895310000, "changeInCash": 17754000}, {"maxAge": 1, "endDate": "2018-03-31", "netIncome": 1154355000, "depreciation": 328269000, "changeToNetincome": -897068000, "changeToAccountReceivables": -70895000, "changeToLiabilities": -46007000, "changeToInventory": 320040000, "changeToOperatingActivities": -23946000, "totalCashFromOperatingActivities": 765026000, "capitalExpenditures": -261659000, "investments": -822000, "otherCashflowsFromInvestingActivities": 137725000, "totalCashflowsFromInvestingActivities": -101978000, "dividendsPaid": -29505000, "netBorrowings": -464282000, "otherCashflowsFromFinancingActivities": -181264000, "totalCashFromFinancingActivities": -675051000, "changeInCash": -12003000}, {"maxAge": 1, "endDate": "2017-03-31", "netIncome": 1451945000, "depreciation": 211199000, "changeToNetincome": -961110000, "changeToAccountReceivables": -34730000, "changeToLiabilities": 40054000, "changeToInventory": -385932000, "changeToOperatingActivities": -1544000, "totalCashFromOperatingActivities": 320127000, "capitalExpenditures": -98594000, "investments": 44000, "otherCashflowsFromInvestingActivities": 32577000, "totalCashflowsFromInvestingActivities": -52652000, "dividendsPaid": -29505000, "netBorrowings": -45447000, "otherCashflowsFromFinancingActivities": -214279000, "totalCashFromFinancingActivities": -259726000, "changeInCash": 7749000}], "maxAge": 86400}, "institutionOwnership": {"maxAge": 1, "ownershipList": []}, "balanceSheetHistoryQuarterly": {"balanceSheetStatements": [{"maxAge": 1, "endDate": "2020-06-30", "totalStockholderEquity": 17888000000, "netTangibleAssets": 17853700000}, {"maxAge": 1, "endDate": "2020-03-31", "cash": 10955000, "netReceivables": 717944000, "inventory": 1468424000, "otherCurrentAssets": 99535000, "totalCurrentAssets": 2312039000, "longTermInvestments": 15878965000, "propertyPlantEquipment": 5782409000, "intangibleAssets": 34255000, "otherAssets": 304773000, "totalAssets": 24312441000, "accountsPayable": 183389000, "shortLongTermDebt": 728929000, "otherCurrentLiab": 11365000, "longTermDebt": 3100564000, "otherLiab": 216955000, "totalCurrentLiabilities": 3106921000, "totalLiab": 6424440000, "commonStock": 73601000, "retainedEarnings": 7123716000, "treasuryStock": 10541636000, "capitalSurplus": 149048000, "otherStockholderEquity": 10541636000, "totalStockholderEquity": 17888001000, "netTangibleAssets": 17853746000}, {"maxAge": 1, "endDate": "2019-12-31", "totalStockholderEquity": 17587900000, "netTangibleAssets": 17583300000}, {"maxAge": 1, "endDate": "2019-09-30", "cash": 73900000, "shortTermInvestments": 59400000, "netReceivables": 530400000, "inventory": 1325100000, "otherCurrentAssets": 322400000, "totalCurrentAssets": 2311200000, "longTermInvestments": 15559600000, "propertyPlantEquipment": 5227700000, "intangibleAssets": 4600000, "otherAssets": 650200000, "totalAssets": 23753300000, "accountsPayable": 194600000, "shortLongTermDebt": 645100000, "otherCurrentLiab": 168600000, "longTermDebt": 2731900000, "otherLiab": 266000000, "totalCurrentLiabilities": 3167500000, "totalLiab": 6165400000, "commonStock": 73600000, "treasuryStock": 17514300000, "otherStockholderEquity": 17514300000, "totalStockholderEquity": 17587900000, "netTangibleAssets": 17583300000}], "maxAge": 86400}, "earningsHistory": {"history": [{"maxAge": 1, "epsActual": {}, "epsEstimate": {}, "epsDifference": {}, "surprisePercent": {}, "quarter": {}, "period": "-4q"}, {"maxAge": 1, "epsActual": {}, "epsEstimate": {}, "epsDifference": {}, "surprisePercent": {}, "quarter": {}, "period": "-3q"}, {"maxAge": 1, "epsActual": {}, "epsEstimate": {}, "epsDifference": {}, "surprisePercent": {}, "quarter": {}, "period": "-2q"}, {"maxAge": 1, "epsActual": {}, "epsEstimate": {}, "epsDifference": {}, "surprisePercent": {}, "quarter": {}, "period": "-1q"}], "maxAge": 86400}, "indexTrend": {"maxAge": 1, "symbol": "SP5", "peRatio": 19.7411, "pegRatio": 1.34172, "estimates": [{"period": "0q", "growth": 0.549}, {"period": "+1q", "growth": 0.431}, {"period": "0y", "growth": 0.305}, {"period": "+1y", "growth": 0.109}, {"period": "+5y", "growth": 0.120859005}, {"period": "-5y"}]}, "industryTrend": {"maxAge": 1, "symbol": null, "estimates": []}, "insiderTransactions": {"transactions": [{"maxAge": 1, "shares": 11200, "filerUrl": "", "transactionText": "", "filerName": "Raju (Nirmala)", "filerRelation": "UNREPORTED", "moneyText": "", "startDate": "2019-12-17", "ownership": "D"}], "maxAge": 1}, "quoteType": {"exchange": "BSE", "quoteType": "EQUITY", "symbol": "RAJPALAYAM.BO", "underlyingSymbol": "RAJPALAYAM.BO", "shortName": "RAJAPALAYAM MILLS LTD.", "longName": "Rajapalayam Mills Limited", "firstTradeDateEpochUtc": "2003-09-18 09:15:00", "timeZoneFullName": "Asia/Kolkata", "timeZoneShortName": "IST", "uuid": "1a05788f-9b1b-3ca0-ba6a-f274bd6b59ad", "messageBoardId": null, "gmtOffSetMilliseconds": 19800000, "maxAge": 1}, "incomeStatementHistory": {"incomeStatementHistory": [{"maxAge": 1, "endDate": "2020-03-31", "totalRevenue": 3605068000, "costOfRevenue": 2096563000, "grossProfit": 1508505000, "researchDevelopment": {}, "sellingGeneralAdministrative": 573866000, "nonRecurring": {}, "otherOperatingExpenses": 556186000, "totalOperatingExpenses": 3564386000, "operatingIncome": 40682000, "totalOtherIncomeExpenseNet": 829130000, "ebit": 40682000, "interestExpense": -239877000, "incomeBeforeTax": 869812000, "incomeTaxExpense": -50867000, "minorityInterest": {}, "netIncomeFromContinuingOps": 920679000, "discontinuedOperations": {}, "extraordinaryItems": {}, "effectOfAccountingCharges": {}, "otherItems": {}, "netIncome": 920679000, "netIncomeApplicableToCommonShares": 920679000}, {"maxAge": 1, "endDate": "2019-03-31", "totalRevenue": 4140134000, "costOfRevenue": 2384700000, "grossProfit": 1755434000, "researchDevelopment": {}, "sellingGeneralAdministrative": 590093000, "nonRecurring": {}, "otherOperatingExpenses": 627274000, "totalOperatingExpenses": 3919237000, "operatingIncome": 220897000, "totalOtherIncomeExpenseNet": 807457000, "ebit": 220897000, "interestExpense": -210600000, "incomeBeforeTax": 1028354000, "incomeTaxExpense": -16395000, "minorityInterest": {}, "netIncomeFromContinuingOps": 1044749000, "discontinuedOperations": {}, "extraordinaryItems": {}, "effectOfAccountingCharges": {}, "otherItems": {}, "netIncome": 1044749000, "netIncomeApplicableToCommonShares": 1044749000}, {"maxAge": 1, "endDate": "2018-03-31", "totalRevenue": 4260374000, "costOfRevenue": 2616267000, "grossProfit": 1644107000, "researchDevelopment": {}, "sellingGeneralAdministrative": 507186000, "nonRecurring": {}, "otherOperatingExpenses": 542063000, "totalOperatingExpenses": 3994063000, "operatingIncome": 266311000, "totalOtherIncomeExpenseNet": 848906000, "ebit": 266311000, "interestExpense": -165090000, "incomeBeforeTax": 1115217000, "incomeTaxExpense": -39138000, "minorityInterest": {}, "netIncomeFromContinuingOps": 1154355000, "discontinuedOperations": {}, "extraordinaryItems": {}, "effectOfAccountingCharges": {}, "otherItems": {}, "netIncome": 1154355000, "netIncomeApplicableToCommonShares": 1154355000}, {"maxAge": 1, "endDate": "2017-03-31", "totalRevenue": 4086127000, "costOfRevenue": 2241267000, "grossProfit": 1844860000, "researchDevelopment": {}, "sellingGeneralAdministrative": 483874000, "nonRecurring": {}, "otherOperatingExpenses": 557007000, "totalOperatingExpenses": 3493592000, "operatingIncome": 592535000, "totalOtherIncomeExpenseNet": 884426000, "ebit": 592535000, "interestExpense": -214279000, "incomeBeforeTax": 1476961000, "incomeTaxExpense": 25016000, "minorityInterest": {}, "netIncomeFromContinuingOps": 1451945000, "discontinuedOperations": {}, "extraordinaryItems": {}, "effectOfAccountingCharges": {}, "otherItems": {}, "netIncome": 1451945000, "netIncomeApplicableToCommonShares": 1451945000}], "maxAge": 86400}, "fundOwnership": {"maxAge": 1, "ownershipList": []}, "summaryDetail": {"maxAge": 1, "priceHint": 2, "previousClose": 708.45, "open": 708.0, "dayLow": 700.0, "dayHigh": 733.0, "regularMarketPreviousClose": 708.45, "regularMarketOpen": 708.0, "regularMarketDayLow": 700.0, "regularMarketDayHigh": 733.0, "trailingPE": 8.070886, "volume": 22196, "regularMarketVolume": 22196, "averageVolume": 3214, "averageVolume10days": 2473, "averageDailyVolume10Day": 2473, "bid": 717.5, "ask": 727.95, "bidSize": 0, "askSize": 0, "marketCap": 5366524928, "fiftyTwoWeekLow": 390.0, "fiftyTwoWeekHigh": 775.0, "fiftyDayAverage": 737.7886, "twoHundredDayAverage": 646.82886, "trailingAnnualDividendRate": 1.0, "trailingAnnualDividendYield": 0.0014115322, "currency": "INR", "fromCurrency": null, "toCurrency": null, "lastMarket": null, "algorithm": null, "tradeable": false}, "sectorTrend": {"maxAge": 1, "symbol": null, "estimates": []}, "incomeStatementHistoryQuarterly": {"incomeStatementHistory": [{"maxAge": 1, "endDate": "2020-06-30", "totalRevenue": 452300000, "costOfRevenue": 278713000, "grossProfit": 173587000, "researchDevelopment": {}, "sellingGeneralAdministrative": 112500000, "nonRecurring": {}, "otherOperatingExpenses": 85987000, "totalOperatingExpenses": 594500000, "operatingIncome": -142200000, "totalOtherIncomeExpenseNet": 113300000, "ebit": -142200000, "interestExpense": -120400000, "incomeBeforeTax": -28900000, "incomeTaxExpense": -79800000, "minorityInterest": {}, "netIncomeFromContinuingOps": 50900000, "discontinuedOperations": {}, "extraordinaryItems": {}, "effectOfAccountingCharges": {}, "otherItems": {}, "netIncome": 50900000, "netIncomeApplicableToCommonShares": 50900000}, {"maxAge": 1, "endDate": "2020-03-31", "totalRevenue": 911768000, "costOfRevenue": 496163000, "grossProfit": 415605000, "researchDevelopment": {}, "sellingGeneralAdministrative": 135166000, "nonRecurring": {}, "otherOperatingExpenses": 181286000, "totalOperatingExpenses": 892486000, "operatingIncome": 19282000, "totalOtherIncomeExpenseNet": 182330000, "ebit": 19282000, "interestExpense": -53477000, "incomeBeforeTax": 201612000, "incomeTaxExpense": -6967000, "minorityInterest": {}, "netIncomeFromContinuingOps": 208579000, "discontinuedOperations": {}, "extraordinaryItems": {}, "effectOfAccountingCharges": {}, "otherItems": {}, "netIncome": 208579000, "netIncomeApplicableToCommonShares": 208579000}, {"maxAge": 1, "endDate": "2019-12-31", "totalRevenue": 780000000, "costOfRevenue": 506000000, "grossProfit": 274000000, "researchDevelopment": {}, "sellingGeneralAdministrative": 142200000, "nonRecurring": {}, "otherOperatingExpenses": 123000000, "totalOperatingExpenses": 854300000, "operatingIncome": -74300000, "totalOtherIncomeExpenseNet": 134300000, "ebit": -74300000, "interestExpense": -57500000, "incomeBeforeTax": 60000000, "incomeTaxExpense": -42300000, "minorityInterest": {}, "netIncomeFromContinuingOps": 102300000, "discontinuedOperations": {}, "extraordinaryItems": {}, "effectOfAccountingCharges": {}, "otherItems": {}, "netIncome": 102300000, "netIncomeApplicableToCommonShares": 102300000}, {"maxAge": 1, "endDate": "2019-09-30", "totalRevenue": 884400000, "costOfRevenue": 450300000, "grossProfit": 434100000, "researchDevelopment": {}, "sellingGeneralAdministrative": 147200000, "nonRecurring": {}, "otherOperatingExpenses": 139300000, "totalOperatingExpenses": 822200000, "operatingIncome": 62200000, "totalOtherIncomeExpenseNet": 240400000, "ebit": 62200000, "interestExpense": -68600000, "incomeBeforeTax": 302600000, "incomeTaxExpense": 3000000, "minorityInterest": {}, "netIncomeFromContinuingOps": 299600000, "discontinuedOperations": {}, "extraordinaryItems": {}, "effectOfAccountingCharges": {}, "otherItems": {}, "netIncome": 299600000, "netIncomeApplicableToCommonShares": 299600000}], "maxAge": 86400}, "cashflowStatementHistoryQuarterly": {"cashflowStatements": [{"maxAge": 1, "endDate": "2020-06-30", "netIncome": 50900000, "changeToLiabilities": 0}, {"maxAge": 1, "endDate": "2020-03-31", "netIncome": 208579000, "changeToLiabilities": 0}, {"maxAge": 1, "endDate": "2019-12-31", "netIncome": 102300000, "changeToLiabilities": 0}, {"maxAge": 1, "endDate": "2019-09-30", "netIncome": 299600000, "changeToLiabilities": 0}], "maxAge": 86400}, "insiderHolders": {"holders": [{"maxAge": 1, "name": "Raju (Nirmala)", "relation": "UNREPORTED", "url": "", "transactionDescription": "Acquisition", "latestTransDate": "2019-12-17", "positionDirect": 13920, "positionDirectDate": "2019-12-17"}], "maxAge": 1}, "earnings": {"maxAge": 86400, "earningsChart": {"quarterly": [], "earningsDate": []}, "financialsChart": {"yearly": [{"date": 2017, "revenue": 4086127000, "earnings": 1451945000}, {"date": 2018, "revenue": 4260374000, "earnings": 1154355000}, {"date": 2019, "revenue": 4140134000, "earnings": 1044749000}, {"date": 2020, "revenue": 3605068000, "earnings": 920679000}], "quarterly": [{"date": "3Q2019", "revenue": 884400000, "earnings": 299600000}, {"date": "4Q2019", "revenue": 780000000, "earnings": 102300000}, {"date": "1Q2020", "revenue": 911768000, "earnings": 208579000}, {"date": "2Q2020", "revenue": 452300000, "earnings": 50900000}]}, "financialCurrency": "INR"}, "calendarEvents": {"maxAge": 1, "earnings": {"earningsDate": [], "revenueAverage": 1040810000, "revenueLow": 1123030000, "revenueHigh": 1123030000}}, "price": {"maxAge": 1, "regularMarketChangePercent": 0.026960231, "regularMarketChange": 19.099976, "regularMarketTime": "2021-04-30 15:29:00", "priceHint": 2, "regularMarketPrice": 727.55, "regularMarketDayHigh": 733.0, "regularMarketDayLow": 700.0, "regularMarketVolume": 22196, "averageDailyVolume10Day": 2473, "averageDailyVolume3Month": 3214, "regularMarketPreviousClose": 708.45, "regularMarketSource": "FREE_REALTIME", "regularMarketOpen": 708.0, "exchange": "BSE", "exchangeName": "BSE", "exchangeDataDelayedBy": 0, "marketState": "CLOSED", "quoteType": "EQUITY", "symbol": "RAJPALAYAM.BO", "underlyingSymbol": null, "shortName": "RAJAPALAYAM MILLS LTD.", "longName": "Rajapalayam Mills Limited", "currency": "INR", "quoteSourceName": "Delayed Quote", "currencySymbol": "\u20b9", "fromCurrency": null, "toCurrency": null, "lastMarket": null, "marketCap": 5366524928}, "balanceSheetHistory": {"balanceSheetStatements": [{"maxAge": 1, "endDate": "2020-03-31", "cash": 10955000, "netReceivables": 717944000, "inventory": 1468424000, "otherCurrentAssets": 99535000, "totalCurrentAssets": 2312039000, "longTermInvestments": 15878965000, "propertyPlantEquipment": 5782409000, "intangibleAssets": 34255000, "otherAssets": 304773000, "totalAssets": 24312441000, "accountsPayable": 183389000, "shortLongTermDebt": 728929000, "otherCurrentLiab": 11365000, "longTermDebt": 3100564000, "otherLiab": 216955000, "totalCurrentLiabilities": 3106921000, "totalLiab": 6424440000, "commonStock": 73601000, "retainedEarnings": 7123716000, "treasuryStock": 10541636000, "capitalSurplus": 149048000, "otherStockholderEquity": 10541636000, "totalStockholderEquity": 17888001000, "netTangibleAssets": 17853746000}, {"maxAge": 1, "endDate": "2019-03-31", "cash": 15362000, "netReceivables": 798444000, "inventory": 1490578000, "otherCurrentAssets": 79549000, "totalCurrentAssets": 2400499000, "longTermInvestments": 15037472000, "propertyPlantEquipment": 3970702000, "intangibleAssets": 5137000, "otherAssets": 918277000, "totalAssets": 22332087000, "accountsPayable": 194064000, "shortLongTermDebt": 622843000, "otherCurrentLiab": 76069000, "longTermDebt": 1958531000, "otherLiab": 265433000, "totalCurrentLiabilities": 3095859000, "totalLiab": 5319823000, "commonStock": 73601000, "retainedEarnings": 6252196000, "treasuryStock": 10537419000, "capitalSurplus": 149048000, "otherStockholderEquity": 10537419000, "totalStockholderEquity": 17012264000, "netTangibleAssets": 17007127000}, {"maxAge": 1, "endDate": "2018-03-31", "cash": 11565000, "netReceivables": 607435000, "inventory": 1149991000, "otherCurrentAssets": 27715000, "totalCurrentAssets": 1806526000, "longTermInvestments": 14062611000, "propertyPlantEquipment": 2797999000, "intangibleAssets": 1761000, "otherAssets": 282127000, "totalAssets": 18951024000, "accountsPayable": 58175000, "shortLongTermDebt": 404983000, "otherCurrentLiab": 54873000, "longTermDebt": 487955000, "otherLiab": 276322000, "totalCurrentLiabilities": 2175909000, "totalLiab": 2940186000, "commonStock": 73601000, "retainedEarnings": 5233606000, "treasuryStock": 10554583000, "capitalSurplus": 149048000, "otherStockholderEquity": 10554583000, "totalStockholderEquity": 16010838000, "netTangibleAssets": 16009077000}, {"maxAge": 1, "endDate": "2017-03-31", "cash": 20928000, "shortTermInvestments": 3015000, "netReceivables": 510712000, "inventory": 1470031000, "otherCurrentAssets": 72494000, "totalCurrentAssets": 2083935000, "longTermInvestments": 13178117000, "propertyPlantEquipment": 2881799000, "intangibleAssets": 3456000, "otherAssets": 248635000, "totalAssets": 18395942000, "accountsPayable": 95648000, "shortLongTermDebt": 473419000, "otherCurrentLiab": 99241000, "longTermDebt": 728791000, "otherLiab": 342118000, "totalCurrentLiabilities": 2442640000, "totalLiab": 3513549000, "commonStock": 73601000, "retainedEarnings": 4113115000, "treasuryStock": 10546629000, "capitalSurplus": 149048000, "otherStockholderEquity": 10546629000, "totalStockholderEquity": 14882393000, "netTangibleAssets": 14878937000}], "maxAge": 86400}, "earningsTrend": {"trend": [{"maxAge": 1, "period": "0q", "endDate": "2017-03-31", "growth": {}, "earningsEstimate": {"avg": 0.0, "low": 0.0, "high": 0.0, "yearAgoEps": {}, "numberOfAnalysts": 0, "growth": {}}, "revenueEstimate": {"avg": 1040810000, "low": 1123030000, "high": 1123030000, "numberOfAnalysts": 1, "yearAgoRevenue": {}, "growth": {}}, "epsTrend": {"current": 0.0, "7daysAgo": 12.55, "30daysAgo": 12.55, "60daysAgo": 12.55, "90daysAgo": 12.55}, "epsRevisions": {"upLast7days": 0, "upLast30days": 0, "downLast30days": 0, "downLast90days": {}}}, {"maxAge": 1, "period": "+1q", "endDate": "2017-06-30", "growth": {}, "earningsEstimate": {"avg": 0.0, "low": 0.0, "high": 0.0, "yearAgoEps": {}, "numberOfAnalysts": 0, "growth": {}}, "revenueEstimate": {"avg": 2107200000, "low": 0, "high": 0, "numberOfAnalysts": 0, "yearAgoRevenue": {}, "growth": {}}, "epsTrend": {"current": 0.0, "7daysAgo": 0.0, "30daysAgo": 0.0, "60daysAgo": 0.0, "90daysAgo": 0.0}, "epsRevisions": {"upLast7days": 0, "upLast30days": 0, "downLast30days": 0, "downLast90days": {}}}, {"maxAge": 1, "period": "0y", "endDate": "2017-03-31", "growth": {}, "earningsEstimate": {"avg": 0.0, "low": 0.0, "high": 0.0, "yearAgoEps": {}, "numberOfAnalysts": 0, "growth": {}}, "revenueEstimate": {"avg": 4013700000, "low": 4155830000, "high": 4155830000, "numberOfAnalysts": 1, "yearAgoRevenue": {}, "growth": {}}, "epsTrend": {"current": 0.0, "7daysAgo": 53.28, "30daysAgo": 53.28, "60daysAgo": 53.28, "90daysAgo": 53.28}, "epsRevisions": {"upLast7days": 0, "upLast30days": 0, "downLast30days": 0, "downLast90days": {}}}, {"maxAge": 1, "period": "+1y", "endDate": "2018-03-31", "growth": {}, "earningsEstimate": {"avg": 0.0, "low": 0.0, "high": 0.0, "yearAgoEps": {}, "numberOfAnalysts": 0, "growth": {}}, "revenueEstimate": {"avg": 8645400000, "low": 4355860000, "high": 4355860000, "numberOfAnalysts": 1, "yearAgoRevenue": 4013700000, "growth": 1.154}, "epsTrend": {"current": 0.0, "7daysAgo": 55.23, "30daysAgo": 55.23, "60daysAgo": 55.23, "90daysAgo": 55.23}, "epsRevisions": {"upLast7days": 0, "upLast30days": 0, "downLast30days": 0, "downLast90days": {}}}, {"maxAge": 1, "period": "+5y", "endDate": null, "growth": {}, "earningsEstimate": {"avg": {}, "low": {}, "high": {}, "yearAgoEps": {}, "numberOfAnalysts": {}, "growth": {}}, "revenueEstimate": {"avg": {}, "low": {}, "high": {}, "numberOfAnalysts": {}, "yearAgoRevenue": {}, "growth": {}}, "epsTrend": {"current": {}, "7daysAgo": {}, "30daysAgo": {}, "60daysAgo": {}, "90daysAgo": {}}, "epsRevisions": {"upLast7days": {}, "upLast30days": {}, "downLast30days": {}, "downLast90days": {}}}, {"maxAge": 1, "period": "-5y", "endDate": null, "growth": {}, "earningsEstimate": {"avg": {}, "low": {}, "high": {}, "yearAgoEps": {}, "numberOfAnalysts": {}, "growth": {}}, "revenueEstimate": {"avg": {}, "low": {}, "high": {}, "numberOfAnalysts": {}, "yearAgoRevenue": {}, "growth": {}}, "epsTrend": {"current": {}, "7daysAgo": {}, "30daysAgo": {}, "60daysAgo": {}, "90daysAgo": {}}, "epsRevisions": {"upLast7days": {}, "upLast30days": {}, "downLast30days": {}, "downLast90days": {}}}], "maxAge": 1}, "financialData": {"maxAge": 86400, "currentPrice": 727.55, "recommendationKey": "none", "grossProfits": 1508505000, "financialCurrency": "INR"}}}