{"RAJTUBE.BO": {"cashflowStatementHistory": {"cashflowStatements": [{"maxAge": 1, "endDate": "2020-03-31", "netIncome": -29939769, "depreciation": 883000, "changeToNetincome": 14687769, "changeToAccountReceivables": 24155000, "changeToLiabilities": -21063000, "changeToInventory": 80216000, "changeToOperatingActivities": 8444000, "totalCashFromOperatingActivities": 77383000, "capitalExpenditures": -34000, "investments": 100000, "otherCashflowsFromInvestingActivities": -34000, "totalCashflowsFromInvestingActivities": 32000, "netBorrowings": -62851000, "otherCashflowsFromFinancingActivities": -14735000, "totalCashFromFinancingActivities": -77586000, "changeInCash": -171000}, {"maxAge": 1, "endDate": "2019-03-31", "netIncome": 490255, "depreciation": 982000, "changeToNetincome": 20580745, "changeToAccountReceivables": -19405000, "changeToLiabilities": 2304000, "changeToInventory": -28311000, "changeToOperatingActivities": -16079000, "totalCashFromOperatingActivities": -39438000, "capitalExpenditures": -78000, "investments": 100000, "otherCashflowsFromInvestingActivities": 3346000, "totalCashflowsFromInvestingActivities": 3268000, "netBorrowings": 54205000, "otherCashflowsFromFinancingActivities": -20592000, "totalCashFromFinancingActivities": 33613000, "changeInCash": -2557000}, {"maxAge": 1, "endDate": "2018-03-31", "netIncome": 3795463, "depreciation": 1074000, "changeToNetincome": 24959537, "changeToAccountReceivables": 8491000, "changeToLiabilities": -75052000, "changeToInventory": 66975000, "changeToOperatingActivities": 9693000, "totalCashFromOperatingActivities": 39936000, "capitalExpenditures": -42000, "investments": 100000, "otherCashflowsFromInvestingActivities": 8888000, "totalCashflowsFromInvestingActivities": 8846000, "netBorrowings": -24748000, "otherCashflowsFromFinancingActivities": -22384000, "totalCashFromFinancingActivities": -47132000, "changeInCash": 1650000}, {"maxAge": 1, "endDate": "2017-03-31", "netIncome": -12696552, "depreciation": 1277000, "changeToNetincome": 17322552, "changeToAccountReceivables": -7374000, "changeToLiabilities": -19962000, "changeToInventory": 34806000, "changeToOperatingActivities": 38923000, "totalCashFromOperatingActivities": 52296000, "capitalExpenditures": -59000, "investments": 100000, "otherCashflowsFromInvestingActivities": 1309000, "totalCashflowsFromInvestingActivities": 1250000, "netBorrowings": -30736000, "otherCashflowsFromFinancingActivities": -23937000, "totalCashFromFinancingActivities": -54673000, "changeInCash": -1127000}], "maxAge": 86400}, "institutionOwnership": {"maxAge": 1, "ownershipList": []}, "balanceSheetHistoryQuarterly": {"balanceSheetStatements": [{"maxAge": 1, "endDate": "2020-06-30", "totalStockholderEquity": 56066072, "netTangibleAssets": 56066072}, {"maxAge": 1, "endDate": "2020-03-31", "cash": 113729, "netReceivables": 95631012, "inventory": 71565017, "otherCurrentAssets": 22354259, "totalCurrentAssets": 190295281, "longTermInvestments": 545000, "propertyPlantEquipment": 16194826, "otherAssets": 25090325, "deferredLongTermAssetCharges": 11624939, "totalAssets": 232125432, "accountsPayable": 29820853, "otherCurrentLiab": 4547523, "otherLiab": 406489, "totalCurrentLiabilities": 175652871, "totalLiab": 176059360, "commonStock": 44998500, "retainedEarnings": -7192418, "treasuryStock": 1747490, "capitalSurplus": 16512500, "otherStockholderEquity": 1747490, "totalStockholderEquity": 56066072, "netTangibleAssets": 56066072}, {"maxAge": 1, "endDate": "2019-12-31", "totalStockholderEquity": 70413000, "netTangibleAssets": 70413000}, {"maxAge": 1, "endDate": "2019-09-30", "cash": 2081000, "shortTermInvestments": 20432000, "netReceivables": 113745000, "inventory": 92449000, "otherCurrentAssets": 1062000, "totalCurrentAssets": 229769000, "longTermInvestments": 807000, "propertyPlantEquipment": 16616000, "otherAssets": 25400000, "deferredLongTermAssetCharges": 11624000, "totalAssets": 272592000, "accountsPayable": 59431000, "otherCurrentLiab": 1964000, "otherLiab": 423000, "totalCurrentLiabilities": 201756000, "totalLiab": 202179000, "commonStock": 44999000, "treasuryStock": 25414000, "otherStockholderEquity": 25414000, "totalStockholderEquity": 70413000, "netTangibleAssets": 70413000}], "maxAge": 86400}, "indexTrend": {"maxAge": 1, "symbol": "SP5", "peRatio": 19.7411, "pegRatio": 1.34172, "estimates": [{"period": "0q", "growth": 0.549}, {"period": "+1q", "growth": 0.431}, {"period": "0y", "growth": 0.305}, {"period": "+1y", "growth": 0.109}, {"period": "+5y", "growth": 0.120859005}, {"period": "-5y"}]}, "insiderTransactions": {"transactions": [{"maxAge": 1, "shares": 167283, "filerUrl": "", "transactionText": "", "filerName": "Jain (Harish Chand)", "filerRelation": "UNREPORTED", "moneyText": "", "startDate": "2018-09-28", "ownership": "D"}, {"maxAge": 1, "shares": 148483, "filerUrl": "", "transactionText": "", "filerName": "Tridev Finance Co Ltd", "filerRelation": "Promoter", "moneyText": "", "startDate": "2018-09-28", "ownership": "D"}, {"maxAge": 1, "shares": 134876, "filerUrl": "", "transactionText": "", "filerName": "Tridev Finance Co Ltd", "filerRelation": "Promoter", "moneyText": "", "startDate": "2016-06-24", "ownership": "D"}], "maxAge": 1}, "quoteType": {"exchange": "BSE", "quoteType": "EQUITY", "symbol": "RAJTUBE.BO", "underlyingSymbol": "RAJTUBE.BO", "shortName": "RAJASTHAN TUBE MANUFACTURING C", "longName": "Rajasthan Tube Manufacturing Company Limited", "firstTradeDateEpochUtc": "2003-07-07 09:15:00", "timeZoneFullName": "Asia/Kolkata", "timeZoneShortName": "IST", "uuid": "55134f64-f56f-38d7-92d0-e7b106eebc98", "messageBoardId": null, "gmtOffSetMilliseconds": 19800000, "maxAge": 1}, "incomeStatementHistory": {"incomeStatementHistory": [{"maxAge": 1, "endDate": "2020-03-31", "totalRevenue": 414180207, "costOfRevenue": 411668420, "grossProfit": 2511787, "researchDevelopment": {}, "sellingGeneralAdministrative": 6756828, "nonRecurring": {}, "otherOperatingExpenses": 10124005, "totalOperatingExpenses": 429432114, "operatingIncome": -15251907, "totalOtherIncomeExpenseNet": -14687862, "ebit": -15251907, "interestExpense": -14735052, "incomeBeforeTax": -29939769, "incomeTaxExpense": 0, "minorityInterest": {}, "netIncomeFromContinuingOps": -29939769, "discontinuedOperations": {}, "extraordinaryItems": {}, "effectOfAccountingCharges": {}, "otherItems": {}, "netIncome": -29939769, "netIncomeApplicableToCommonShares": -29939769}, {"maxAge": 1, "endDate": "2019-03-31", "totalRevenue": 767009230, "costOfRevenue": 725214788, "grossProfit": 41794442, "researchDevelopment": {}, "sellingGeneralAdministrative": 7316784, "nonRecurring": {}, "otherOperatingExpenses": 12259710, "totalOperatingExpenses": 745773285, "operatingIncome": 21235945, "totalOtherIncomeExpenseNet": -20245633, "ebit": 21235945, "interestExpense": -20591756, "incomeBeforeTax": 990312, "incomeTaxExpense": 500057, "minorityInterest": {}, "netIncomeFromContinuingOps": 490255, "discontinuedOperations": {}, "extraordinaryItems": {}, "effectOfAccountingCharges": {}, "otherItems": {}, "netIncome": 490255, "netIncomeApplicableToCommonShares": 490255}, {"maxAge": 1, "endDate": "2018-03-31", "totalRevenue": 772528274, "costOfRevenue": 720313185, "grossProfit": 52215089, "researchDevelopment": {}, "sellingGeneralAdministrative": 7520687, "nonRecurring": {}, "otherOperatingExpenses": 14514417, "totalOperatingExpenses": 743422038, "operatingIncome": 29106236, "totalOtherIncomeExpenseNet": -22146840, "ebit": 29106236, "interestExpense": -22384475, "incomeBeforeTax": 6959396, "incomeTaxExpense": 3163933, "minorityInterest": {}, "netIncomeFromContinuingOps": 3795463, "discontinuedOperations": {}, "extraordinaryItems": {}, "effectOfAccountingCharges": {}, "otherItems": {}, "netIncome": 3795463, "netIncomeApplicableToCommonShares": 3795463}, {"maxAge": 1, "endDate": "2017-03-31", "totalRevenue": 738477337, "costOfRevenue": 710222137, "grossProfit": 28255200, "researchDevelopment": {}, "sellingGeneralAdministrative": 7186426, "nonRecurring": {}, "otherOperatingExpenses": 15165347, "totalOperatingExpenses": 733850733, "operatingIncome": 4626604, "totalOtherIncomeExpenseNet": -23000773, "ebit": 4626604, "interestExpense": -23937400, "incomeBeforeTax": -18374169, "incomeTaxExpense": -5677617, "minorityInterest": {}, "netIncomeFromContinuingOps": -12696552, "discontinuedOperations": {}, "extraordinaryItems": {}, "effectOfAccountingCharges": {}, "otherItems": {}, "netIncome": -12696552, "netIncomeApplicableToCommonShares": -12696552}], "maxAge": 86400}, "fundOwnership": {"maxAge": 1, "ownershipList": []}, "summaryDetail": {"maxAge": 1, "priceHint": 2, "previousClose": 13.7, "open": 13.7, "dayLow": 13.7, "dayHigh": 13.7, "regularMarketPreviousClose": 13.7, "regularMarketOpen": 13.7, "regularMarketDayLow": 13.7, "regularMarketDayHigh": 13.7, "volume": 46, "regularMarketVolume": 46, "averageVolume": 137, "averageVolume10days": 166, "averageDailyVolume10Day": 166, "bid": 0.0, "ask": 15.05, "bidSize": 0, "askSize": 0, "marketCap": 61756860, "fiftyTwoWeekLow": 11.46, "fiftyTwoWeekHigh": 16.5, "fiftyDayAverage": 14.165714, "twoHundredDayAverage": 12.293358, "currency": "INR", "fromCurrency": null, "toCurrency": null, "lastMarket": null, "algorithm": null, "tradeable": false}, "incomeStatementHistoryQuarterly": {"incomeStatementHistory": [{"maxAge": 1, "endDate": "2020-06-30", "totalRevenue": 83112000, "costOfRevenue": 79220000, "grossProfit": 3892000, "researchDevelopment": {}, "sellingGeneralAdministrative": 976000, "nonRecurring": {}, "otherOperatingExpenses": 2140000, "totalOperatingExpenses": 82538000, "operatingIncome": 574000, "totalOtherIncomeExpenseNet": -2863000, "ebit": 574000, "interestExpense": -2864000, "incomeBeforeTax": -2289000, "incomeTaxExpense": 0, "minorityInterest": {}, "netIncomeFromContinuingOps": -2289000, "discontinuedOperations": {}, "extraordinaryItems": {}, "effectOfAccountingCharges": {}, "otherItems": {}, "netIncome": -2289000, "netIncomeApplicableToCommonShares": -2289000}, {"maxAge": 1, "endDate": "2020-03-31", "totalRevenue": 35941207, "costOfRevenue": 37606420, "grossProfit": -1665213, "researchDevelopment": {}, "sellingGeneralAdministrative": 1502828, "nonRecurring": {}, "otherOperatingExpenses": 2260005, "totalOperatingExpenses": 41582114, "operatingIncome": -5640907, "totalOtherIncomeExpenseNet": -3715862, "ebit": -5640907, "interestExpense": -3704052, "incomeBeforeTax": -9356769, "incomeTaxExpense": 0, "minorityInterest": {}, "netIncomeFromContinuingOps": -9356769, "discontinuedOperations": {}, "extraordinaryItems": {}, "effectOfAccountingCharges": {}, "otherItems": {}, "netIncome": -9356769, "netIncomeApplicableToCommonShares": -9356769}, {"maxAge": 1, "endDate": "2019-12-31", "totalRevenue": 146028000, "costOfRevenue": 142717000, "grossProfit": 3311000, "researchDevelopment": {}, "sellingGeneralAdministrative": 1775000, "nonRecurring": {}, "otherOperatingExpenses": 3012000, "totalOperatingExpenses": 147712000, "operatingIncome": -1684000, "totalOtherIncomeExpenseNet": -3305000, "ebit": -1684000, "interestExpense": -3307000, "incomeBeforeTax": -4989000, "incomeTaxExpense": 0, "minorityInterest": {}, "netIncomeFromContinuingOps": -4989000, "discontinuedOperations": {}, "extraordinaryItems": {}, "effectOfAccountingCharges": {}, "otherItems": {}, "netIncome": -4989000, "netIncomeApplicableToCommonShares": -4989000}, {"maxAge": 1, "endDate": "2019-09-30", "totalRevenue": 81958000, "costOfRevenue": 74010000, "grossProfit": 7948000, "researchDevelopment": {}, "sellingGeneralAdministrative": 1744000, "nonRecurring": {}, "otherOperatingExpenses": 1586000, "totalOperatingExpenses": 77574000, "operatingIncome": 4384000, "totalOtherIncomeExpenseNet": -3460000, "ebit": 4384000, "interestExpense": -3460000, "incomeBeforeTax": 924000, "incomeTaxExpense": 0, "minorityInterest": {}, "netIncomeFromContinuingOps": 924000, "discontinuedOperations": {}, "extraordinaryItems": {}, "effectOfAccountingCharges": {}, "otherItems": {}, "netIncome": 924000, "netIncomeApplicableToCommonShares": 924000}], "maxAge": 86400}, "cashflowStatementHistoryQuarterly": {"cashflowStatements": [{"maxAge": 1, "endDate": "2020-06-30", "netIncome": -2289000, "changeToLiabilities": 0}, {"maxAge": 1, "endDate": "2020-03-31", "netIncome": -9356769, "changeToLiabilities": 0}, {"maxAge": 1, "endDate": "2019-12-31", "netIncome": -4989000, "changeToLiabilities": 0}, {"maxAge": 1, "endDate": "2019-09-30", "netIncome": 924000, "changeToLiabilities": 0}], "maxAge": 86400}, "insiderHolders": {"holders": [{"maxAge": 1, "name": "Jain (Harish Chand)", "relation": "UNREPORTED", "url": "", "transactionDescription": "Other", "latestTransDate": "2018-09-28", "positionDirect": 726123, "positionDirectDate": "2018-09-28"}, {"maxAge": 1, "name": "Tridev Finance Co Ltd", "relation": "Promoter", "url": "", "transactionDescription": "Other", "latestTransDate": "2018-09-28", "positionDirect": 378655, "positionDirectDate": "2018-09-28"}], "maxAge": 1}, "calendarEvents": {"maxAge": 1, "earnings": {"earningsDate": []}}, "price": {"maxAge": 1, "regularMarketChangePercent": 0.0, "regularMarketChange": 0.0, "regularMarketTime": "2021-04-29 15:15:00", "priceHint": 2, "regularMarketPrice": 13.7, "regularMarketDayHigh": 13.7, "regularMarketDayLow": 13.7, "regularMarketVolume": 46, "averageDailyVolume10Day": 166, "averageDailyVolume3Month": 137, "regularMarketPreviousClose": 13.7, "regularMarketSource": "FREE_REALTIME", "regularMarketOpen": 13.7, "exchange": "BSE", "exchangeName": "BSE", "exchangeDataDelayedBy": 0, "marketState": "CLOSED", "quoteType": "EQUITY", "symbol": "RAJTUBE.BO", "underlyingSymbol": null, "shortName": "RAJASTHAN TUBE MANUFACTURING C", "longName": "Rajasthan Tube Manufacturing Company Limited", "currency": "INR", "quoteSourceName": "Delayed Quote", "currencySymbol": "\u20b9", "fromCurrency": null, "toCurrency": null, "lastMarket": null, "marketCap": 61756860}, "balanceSheetHistory": {"balanceSheetStatements": [{"maxAge": 1, "endDate": "2020-03-31", "cash": 113729, "netReceivables": 95631012, "inventory": 71565017, "otherCurrentAssets": 22354259, "totalCurrentAssets": 190295281, "longTermInvestments": 545000, "propertyPlantEquipment": 16194826, "otherAssets": 25090325, "deferredLongTermAssetCharges": 11624939, "totalAssets": 232125432, "accountsPayable": 29820853, "otherCurrentLiab": 4547523, "otherLiab": 406489, "totalCurrentLiabilities": 175652871, "totalLiab": 176059360, "commonStock": 44998500, "retainedEarnings": -7192418, "treasuryStock": 1747490, "capitalSurplus": 16512500, "otherStockholderEquity": 1747490, "totalStockholderEquity": 56066072, "netTangibleAssets": 56066072}, {"maxAge": 1, "endDate": "2019-03-31", "cash": 284754, "netReceivables": 119786194, "inventory": 151781819, "otherCurrentAssets": 26012517, "totalCurrentAssets": 298429943, "longTermInvestments": 545000, "propertyPlantEquipment": 17044213, "otherAssets": 27400777, "deferredLongTermAssetCharges": 11624939, "totalAssets": 343419933, "accountsPayable": 50884581, "otherCurrentLiab": 2047890, "otherLiab": 423261, "totalCurrentLiabilities": 256990831, "totalLiab": 257414092, "commonStock": 44998500, "retainedEarnings": 22747351, "treasuryStock": 1747490, "capitalSurplus": 16512500, "otherStockholderEquity": 1747490, "totalStockholderEquity": 86005841, "netTangibleAssets": 86005841}, {"maxAge": 1, "endDate": "2018-03-31", "cash": 2842082, "netReceivables": 100404083, "inventory": 123470341, "otherCurrentAssets": 11798093, "totalCurrentAssets": 239571957, "longTermInvestments": 545000, "propertyPlantEquipment": 17947678, "otherAssets": 27735681, "deferredLongTermAssetCharges": 11959996, "totalAssets": 285800316, "accountsPayable": 48580094, "otherCurrentLiab": 1527595, "otherLiab": 329749, "totalCurrentLiabilities": 199954981, "totalLiab": 200284730, "commonStock": 44998500, "retainedEarnings": 22257096, "treasuryStock": 1747490, "capitalSurplus": 16512500, "otherStockholderEquity": 1747490, "totalStockholderEquity": 85515586, "netTangibleAssets": 85515586}, {"maxAge": 1, "endDate": "2017-03-31", "cash": 1192013, "netReceivables": 108929456, "inventory": 190445776, "otherCurrentAssets": 39897770, "totalCurrentAssets": 342460684, "longTermInvestments": 545000, "propertyPlantEquipment": 18979103, "otherAssets": 30549614, "deferredLongTermAssetCharges": 14773929, "totalAssets": 392534401, "accountsPayable": 123632100, "otherCurrentLiab": 2310708, "totalCurrentLiabilities": 310814278, "totalLiab": 310814278, "commonStock": 44998500, "retainedEarnings": 18461633, "treasuryStock": 1747490, "capitalSurplus": 16512500, "otherStockholderEquity": 1747490, "totalStockholderEquity": 81720123, "netTangibleAssets": 81720123}], "maxAge": 86400}, "financialData": {"maxAge": 86400, "currentPrice": 13.7, "recommendationKey": "none", "grossProfits": 2511787, "financialCurrency": "INR"}}}