{"RALLIS.BO": {"recommendationTrend": {"trend": [{"period": "0m", "strongBuy": 0, "buy": 0, "hold": 0, "sell": 0, "strongSell": 0}, {"period": "-1m", "strongBuy": 0, "buy": 0, "hold": 0, "sell": 0, "strongSell": 0}, {"period": "-2m", "strongBuy": 0, "buy": 0, "hold": 0, "sell": 0, "strongSell": 0}, {"period": "-3m", "strongBuy": 0, "buy": 0, "hold": 0, "sell": 0, "strongSell": 0}], "maxAge": 86400}, "cashflowStatementHistory": {"cashflowStatements": [{"maxAge": 1, "endDate": "2020-03-31", "netIncome": 1848443000, "depreciation": 602613000, "changeToNetincome": -63595000, "changeToAccountReceivables": -82574000, "changeToLiabilities": 975618000, "changeToInventory": -235020000, "changeToOperatingActivities": 310423000, "totalCashFromOperatingActivities": 3368411000, "capitalExpenditures": -619723000, "investments": -1864843000, "otherCashflowsFromInvestingActivities": 61961000, "totalCashflowsFromInvestingActivities": -2459198000, "dividendsPaid": -587347000, "netBorrowings": -123309000, "otherCashflowsFromFinancingActivities": -33476000, "totalCashFromFinancingActivities": -744132000, "changeInCash": 165081000}, {"maxAge": 1, "endDate": "2019-03-31", "netIncome": 1553845000, "depreciation": 451968000, "changeToNetincome": 17964000, "changeToAccountReceivables": -585930000, "changeToLiabilities": 207132000, "changeToInventory": -1013707000, "changeToOperatingActivities": 160483000, "totalCashFromOperatingActivities": 800568000, "capitalExpenditures": -337892000, "investments": -123831000, "otherCashflowsFromInvestingActivities": 58043000, "totalCashflowsFromInvestingActivities": -514491000, "dividendsPaid": -585345000, "netBorrowings": 123900000, "otherCashflowsFromFinancingActivities": -53521000, "totalCashFromFinancingActivities": -514966000, "changeInCash": -228889000}, {"maxAge": 1, "endDate": "2018-03-31", "netIncome": 1676122000, "depreciation": 447632000, "changeToNetincome": -75939000, "changeToAccountReceivables": -1346664000, "changeToLiabilities": 1944876000, "changeToInventory": -1778072000, "changeToOperatingActivities": -469578000, "totalCashFromOperatingActivities": 413853000, "capitalExpenditures": -483390000, "investments": 1383587000, "otherCashflowsFromInvestingActivities": 65501000, "totalCashflowsFromInvestingActivities": 887984000, "dividendsPaid": -876666000, "netBorrowings": -119791000, "otherCashflowsFromFinancingActivities": -44972000, "totalCashFromFinancingActivities": -1041429000, "changeInCash": 260408000}, {"maxAge": 1, "endDate": "2017-03-31", "netIncome": 2974577000, "depreciation": 440113000, "changeToNetincome": -95415000, "changeToAccountReceivables": -426353000, "changeToLiabilities": 734521000, "changeToInventory": 83361000, "changeToOperatingActivities": 330394000, "totalCashFromOperatingActivities": 4076564000, "capitalExpenditures": -585000000, "investments": -2109336000, "otherCashflowsFromInvestingActivities": 69674000, "totalCashflowsFromInvestingActivities": -2894184000, "dividendsPaid": -583974000, "netBorrowings": -147235000, "otherCashflowsFromFinancingActivities": -65721000, "totalCashFromFinancingActivities": -796930000, "changeInCash": 385450000}], "maxAge": 86400}, "institutionOwnership": {"ownershipList": [], "maxAge": 1}, "balanceSheetHistoryQuarterly": {"balanceSheetStatements": [{"maxAge": 1, "endDate": "2020-09-30", "cash": 1026600000, "shortTermInvestments": 3695700000, "netReceivables": 5123500000, "inventory": 6939900000, "otherCurrentAssets": 1311900000, "totalCurrentAssets": 18097600000, "longTermInvestments": 46400000, "propertyPlantEquipment": 4522700000, "goodWill": 1958200000, "intangibleAssets": 626600000, "otherAssets": 1358800000, "totalAssets": 26610300000, "accountsPayable": 7578700000, "otherCurrentLiab": 2467200000, "longTermDebt": 94400000, "otherLiab": 679900000, "minorityInterest": 6900000, "totalCurrentLiabilities": 10148400000, "totalLiab": 11222700000, "commonStock": 194500000, "treasuryStock": 15186200000, "otherStockholderEquity": 15186200000, "totalStockholderEquity": 15380700000, "netTangibleAssets": 12795900000}, {"maxAge": 1, "endDate": "2020-06-30", "totalStockholderEquity": 14094531000, "netTangibleAssets": 11570226000}, {"maxAge": 1, "endDate": "2020-03-31", "cash": 465173000, "shortTermInvestments": 57927000, "netReceivables": 4963931000, "inventory": 7308050000, "otherCurrentAssets": 269614000, "totalCurrentAssets": 16142350000, "longTermInvestments": 45064000, "propertyPlantEquipment": 4159780000, "goodWill": 1958231000, "intangibleAssets": 566074000, "otherAssets": 1613283000, "totalAssets": 24484782000, "accountsPayable": 6373416000, "shortLongTermDebt": 33144000, "otherCurrentLiab": 2192615000, "longTermDebt": 123630000, "otherLiab": 606890000, "minorityInterest": 6855000, "totalCurrentLiabilities": 9509006000, "totalLiab": 10383396000, "commonStock": 194469000, "retainedEarnings": 12082720000, "treasuryStock": 937954000, "capitalSurplus": 879388000, "otherStockholderEquity": 937954000, "totalStockholderEquity": 14094531000, "netTangibleAssets": 11570226000}, {"maxAge": 1, "endDate": "2019-12-31", "totalStockholderEquity": 13731900000, "netTangibleAssets": 11268500000}], "maxAge": 86400}, "earningsHistory": {"history": [{"maxAge": 1, "epsActual": 4.22, "epsEstimate": 4.3, "epsDifference": -0.08, "surprisePercent": -0.019, "quarter": "2017-09-30", "period": "-4q"}, {"maxAge": 1, "epsActual": 1.7, "epsEstimate": 1.6, "epsDifference": 0.1, "surprisePercent": 0.062, "quarter": "2017-12-31", "period": "-3q"}, {"maxAge": 1, "epsActual": 1.3, "epsEstimate": 1.6, "epsDifference": -0.3, "surprisePercent": -0.188, "quarter": "2018-03-31", "period": "-2q"}, {"maxAge": 1, "epsActual": 0.4, "epsEstimate": 0.7, "epsDifference": -0.3, "surprisePercent": -0.42900002, "quarter": "2018-06-30", "period": "-1q"}], "maxAge": 86400}, "indexTrend": {"maxAge": 1, "symbol": "SP5", "peRatio": 19.7411, "pegRatio": 1.34172, "estimates": [{"period": "0q", "growth": 0.549}, {"period": "+1q", "growth": 0.431}, {"period": "0y", "growth": 0.305}, {"period": "+1y", "growth": 0.109}, {"period": "+5y", "growth": 0.120865}, {"period": "-5y"}]}, "industryTrend": {"maxAge": 1, "symbol": null, "estimates": []}, "insiderTransactions": {"transactions": [{"maxAge": 1, "shares": 5500, "value": 21108, "filerUrl": "", "transactionText": "Sale at price 3.84 per share.", "filerName": "Gupta (Anil K)", "filerRelation": "UNREPORTED", "moneyText": "", "startDate": "2020-08-03", "ownership": "D"}, {"maxAge": 1, "shares": 5500, "value": 22646, "filerUrl": "", "transactionText": "Acquisition at price 4.12 per share.", "filerName": "Gupta (Anil K)", "filerRelation": "UNREPORTED", "moneyText": "", "startDate": "2020-07-29", "ownership": "D"}, {"maxAge": 1, "shares": 4107, "value": 16886, "filerUrl": "", "transactionText": "Sale at price 4.11 per share.", "filerName": "Gupta (Anil K)", "filerRelation": "UNREPORTED", "moneyText": "", "startDate": "2020-07-28", "ownership": "D"}, {"maxAge": 1, "shares": 1893, "value": 7678, "filerUrl": "", "transactionText": "Sale at price 4.06 per share.", "filerName": "Gupta (Anil K)", "filerRelation": "UNREPORTED", "moneyText": "", "startDate": "2020-07-27", "ownership": "D"}, {"maxAge": 1, "shares": 6000, "value": 25665, "filerUrl": "", "transactionText": "Sale at price 4.28 per share.", "filerName": "Gupta (Anil K)", "filerRelation": "UNREPORTED", "moneyText": "", "startDate": "2020-07-23", "ownership": "D"}, {"maxAge": 1, "shares": 6000, "value": 25263, "filerUrl": "", "transactionText": "Acquisition at price 4.21 per share.", "filerName": "Gupta (Anil K)", "filerRelation": "UNREPORTED", "moneyText": "", "startDate": "2020-07-23", "ownership": "D"}, {"maxAge": 1, "shares": 6000, "value": 24409, "filerUrl": "", "transactionText": "Acquisition at price 4.07 per share.", "filerName": "Gupta (Anil K)", "filerRelation": "UNREPORTED", "moneyText": "", "startDate": "2020-07-22", "ownership": "D"}, {"maxAge": 1, "shares": 6000, "value": 24409, "filerUrl": "", "transactionText": "Sale at price 4.07 per share.", "filerName": "Gupta (Anil K)", "filerRelation": "UNREPORTED", "moneyText": "", "startDate": "2020-07-22", "ownership": "D"}, {"maxAge": 1, "shares": 6000, "value": 24029, "filerUrl": "", "transactionText": "Sale at price 4.00 per share.", "filerName": "Gupta (Anil K)", "filerRelation": "UNREPORTED", "moneyText": "", "startDate": "2020-07-21", "ownership": "D"}, {"maxAge": 1, "shares": 6000, "value": 24352, "filerUrl": "", "transactionText": "Acquisition at price 4.06 per share.", "filerName": "Gupta (Anil K)", "filerRelation": "UNREPORTED", "moneyText": "", "startDate": "2020-07-21", "ownership": "D"}, {"maxAge": 1, "shares": 6000, "value": 23440, "filerUrl": "", "transactionText": "Acquisition at price 3.91 per share.", "filerName": "Gupta (Anil K)", "filerRelation": "UNREPORTED", "moneyText": "", "startDate": "2020-07-20", "ownership": "D"}, {"maxAge": 1, "shares": 533, "value": 2096, "filerUrl": "", "transactionText": "Sale at price 3.93 per share.", "filerName": "Gupta (Anil K)", "filerRelation": "UNREPORTED", "moneyText": "", "startDate": "2020-07-20", "ownership": "D"}, {"maxAge": 1, "shares": 533, "value": 2021, "filerUrl": "", "transactionText": "Acquisition at price 3.79 per share.", "filerName": "Gupta (Anil K)", "filerRelation": "UNREPORTED", "moneyText": "", "startDate": "2020-07-17", "ownership": "D"}, {"maxAge": 1, "shares": 50000, "filerUrl": "", "transactionText": "", "filerName": "Gupta (Sushila)", "filerRelation": "UNREPORTED", "moneyText": "", "startDate": "2013-03-08", "ownership": "D"}, {"maxAge": 1, "shares": 30000, "filerUrl": "", "transactionText": "", "filerName": "Jhunjhunwala (Rajeshkumar)", "filerRelation": "UNREPORTED", "moneyText": "", "startDate": "2013-03-08", "ownership": "D"}, {"maxAge": 1, "shares": 952000, "filerUrl": "", "transactionText": "", "filerName": "Jhunjhunwala (Rakesh Radheshyam)", "filerRelation": "UNREPORTED", "moneyText": "", "startDate": "2012-06-05", "ownership": "D"}, {"maxAge": 1, "shares": 49732, "filerUrl": "", "transactionText": "", "filerName": "Tata AIA Life Insurance Company Ltd", "filerRelation": "Promoter", "moneyText": "", "startDate": "2012-03-05", "ownership": "D"}, {"maxAge": 1, "shares": 9875, "filerUrl": "", "transactionText": "", "filerName": "FID Funds Mauritius Ltd", "filerRelation": "Investment Management Company", "moneyText": "", "startDate": "2011-12-26", "ownership": "D"}, {"maxAge": 1, "shares": 8217, "filerUrl": "", "transactionText": "", "filerName": "Tata AIA Life Insurance Company Ltd", "filerRelation": "Promoter", "moneyText": "", "startDate": "2011-11-24", "ownership": "D"}, {"maxAge": 1, "shares": 50000, "filerUrl": "", "transactionText": "", "filerName": "Tata AIA Life Insurance Company Ltd", "filerRelation": "Promoter", "moneyText": "", "startDate": "2011-11-23", "ownership": "D"}, {"maxAge": 1, "shares": 13231, "filerUrl": "", "transactionText": "", "filerName": "Tata AIA Life Insurance Company Ltd", "filerRelation": "Promoter", "moneyText": "", "startDate": "2011-11-09", "ownership": "D"}, {"maxAge": 1, "shares": 50000, "filerUrl": "", "transactionText": "", "filerName": "Tata AIA Life Insurance Company Ltd", "filerRelation": "Promoter", "moneyText": "", "startDate": "2011-11-08", "ownership": "D"}, {"maxAge": 1, "shares": 100000, "filerUrl": "", "transactionText": "", "filerName": "Tata AIA Life Insurance Company Ltd", "filerRelation": "Promoter", "moneyText": "", "startDate": "2011-10-25", "ownership": "D"}, {"maxAge": 1, "shares": 200000, "filerUrl": "", "transactionText": "", "filerName": "Tata AIA Life Insurance Company Ltd", "filerRelation": "Promoter", "moneyText": "", "startDate": "2011-10-21", "ownership": "D"}, {"maxAge": 1, "shares": 102982, "filerUrl": "", "transactionText": "", "filerName": "Tata AIA Life Insurance Company Ltd", "filerRelation": "Promoter", "moneyText": "", "startDate": "2011-09-05", "ownership": "D"}, {"maxAge": 1, "shares": 27331, "filerUrl": "", "transactionText": "", "filerName": "Tata AIA Life Insurance Company Ltd", "filerRelation": "Promoter", "moneyText": "", "startDate": "2011-09-02", "ownership": "D"}, {"maxAge": 1, "shares": 94870, "filerUrl": "", "transactionText": "", "filerName": "Tata AIA Life Insurance Company Ltd", "filerRelation": "Promoter", "moneyText": "", "startDate": "2011-08-29", "ownership": "D"}, {"maxAge": 1, "shares": 15000, "filerUrl": "", "transactionText": "", "filerName": "Reliance Capital Trustee Co Ltd Reliance Long term Equity Fu", "filerRelation": "Investment Advisor", "moneyText": "", "startDate": "2010-05-19", "ownership": "D"}], "maxAge": 1}, "quoteType": {"exchange": "BSE", "quoteType": "EQUITY", "symbol": "RALLIS.BO", "underlyingSymbol": "RALLIS.BO", "shortName": "RALLIS INDIA LTD.", "longName": "Rallis India Limited", "firstTradeDateEpochUtc": "2000-04-12 09:15:00", "timeZoneFullName": "Asia/Kolkata", "timeZoneShortName": "IST", "uuid": "f82f407c-357a-3557-af9e-ea88fed04ad0", "gmtOffSetMilliseconds": 19800000, "maxAge": 1}, "incomeStatementHistory": {"incomeStatementHistory": [{"maxAge": 1, "endDate": "2020-03-31", "totalRevenue": 22518155000, "costOfRevenue": 14091819000, "grossProfit": 8426336000, "researchDevelopment": {}, "sellingGeneralAdministrative": 2269276000, "nonRecurring": {}, "otherOperatingExpenses": 3401347000, "totalOperatingExpenses": 20375146000, "operatingIncome": 2143009000, "totalOtherIncomeExpenseNet": 231915000, "ebit": 2143009000, "interestExpense": -61122000, "incomeBeforeTax": 2374924000, "incomeTaxExpense": 538044000, "minorityInterest": 6855000, "netIncomeFromContinuingOps": 1836880000, "discontinuedOperations": {}, "extraordinaryItems": {}, "effectOfAccountingCharges": {}, "otherItems": {}, "netIncome": 1848443000, "netIncomeApplicableToCommonShares": 1848443000}, {"maxAge": 1, "endDate": "2019-03-31", "totalRevenue": 19839589000, "costOfRevenue": 11896774000, "grossProfit": 7942815000, "researchDevelopment": {}, "sellingGeneralAdministrative": 2319101000, "nonRecurring": {}, "otherOperatingExpenses": 3118310000, "totalOperatingExpenses": 17791592000, "operatingIncome": 2047997000, "totalOtherIncomeExpenseNet": 154647000, "ebit": 2047997000, "interestExpense": -52474000, "incomeBeforeTax": 2202644000, "incomeTaxExpense": 654805000, "minorityInterest": 18418000, "netIncomeFromContinuingOps": 1547839000, "discontinuedOperations": {}, "extraordinaryItems": {}, "effectOfAccountingCharges": {}, "otherItems": {}, "netIncome": 1553845000, "netIncomeApplicableToCommonShares": 1553845000}, {"maxAge": 1, "endDate": "2018-03-31", "totalRevenue": 17909469000, "costOfRevenue": 10178462000, "grossProfit": 7731007000, "researchDevelopment": {}, "sellingGeneralAdministrative": 2221116000, "nonRecurring": {}, "otherOperatingExpenses": 2866360000, "totalOperatingExpenses": 15727305000, "operatingIncome": 2182164000, "totalOtherIncomeExpenseNet": 88062000, "ebit": 2182164000, "interestExpense": -43053000, "incomeBeforeTax": 2270226000, "incomeTaxExpense": 600057000, "minorityInterest": 11063000, "netIncomeFromContinuingOps": 1670169000, "discontinuedOperations": {}, "extraordinaryItems": {}, "effectOfAccountingCharges": {}, "otherItems": {}, "netIncome": 1676122000, "netIncomeApplicableToCommonShares": 1676122000}, {"maxAge": 1, "endDate": "2017-03-31", "totalRevenue": 16635242000, "costOfRevenue": 9483014000, "grossProfit": 7152228000, "researchDevelopment": {}, "sellingGeneralAdministrative": 1972046000, "nonRecurring": {}, "otherOperatingExpenses": 2503374000, "totalOperatingExpenses": 14431525000, "operatingIncome": 2203717000, "totalOtherIncomeExpenseNet": 1595738000, "ebit": 2203717000, "interestExpense": -72967000, "incomeBeforeTax": 3799455000, "incomeTaxExpense": 828758000, "minorityInterest": 4306000, "netIncomeFromContinuingOps": 2970697000, "discontinuedOperations": {}, "extraordinaryItems": {}, "effectOfAccountingCharges": {}, "otherItems": {}, "netIncome": 2974577000, "netIncomeApplicableToCommonShares": 2974577000}], "maxAge": 86400}, "fundOwnership": {"ownershipList": [{"maxAge": 1, "reportDate": "2020-07-31", "organization": "iShares Core MSCI Emerging Markets ETF", "pctHeld": 0.0034, "position": 662204, "value": 192469592}, {"maxAge": 1, "reportDate": "2020-07-31", "organization": "DFA Emerging Markets Core Equity Portfolio", "pctHeld": 0.0026, "position": 498413, "value": 144863738}, {"maxAge": 1, "reportDate": "2020-07-31", "organization": "DFA Investment Dimensions-DFA Emerging Mkts Value", "pctHeld": 0.0023999999, "position": 459722, "value": 133618199}, {"maxAge": 1, "reportDate": "2020-07-31", "organization": "DFA Emerging Markets Small Cap Series", "pctHeld": 0.0022, "position": 419235, "value": 121850652}, {"maxAge": 1, "reportDate": "2020-08-31", "organization": "iShares MSCI India Small Cap ETF", "pctHeld": 0.0005, "position": 101696, "value": 29924048}, {"maxAge": 1, "reportDate": "2020-08-31", "organization": "SPDR Portfolio Emerging Markets ETF", "pctHeld": 0.0004, "position": 78577, "value": 23121282}, {"maxAge": 1, "reportDate": "2020-08-31", "organization": "SPDR (R) Idx Shares-SPDR (R) Emerging Markets Small Cap ETF", "pctHeld": 0.00029999999, "position": 61533, "value": 18106085}, {"maxAge": 1, "reportDate": "2020-06-30", "organization": "State Street Inst Inv Tr-State St All Cap Glb Equity ex-US Index Port", "pctHeld": 0.0002, "position": 37687, "value": 10271591}, {"maxAge": 1, "reportDate": "2020-08-31", "organization": "VanEck Vectors ETF Tr-India Growth Leaders ETF", "pctHeld": 0.0002, "position": 31599, "value": 9298005}, {"maxAge": 1, "reportDate": "2020-07-31", "organization": "DFA T.A. World Ex U.S. Core Equity Portfolio", "pctHeld": 0.0001, "position": 21200, "value": 6161780}], "maxAge": 1}, "summaryDetail": {"maxAge": 1, "priceHint": 2, "previousClose": 284.9, "open": 286.85, "dayLow": 278.7, "dayHigh": 286.85, "regularMarketPreviousClose": 284.9, "regularMarketOpen": 286.85, "regularMarketDayLow": 278.7, "regularMarketDayHigh": 286.85, "trailingPE": 25.578535, "forwardPE": 25.224617, "volume": 16483, "regularMarketVolume": 16483, "averageVolume": 41616, "averageVolume10days": 23800, "averageDailyVolume10Day": 23800, "bid": 280.0, "ask": 283.5, "bidSize": 0, "askSize": 0, "marketCap": 54597169152, "fiftyTwoWeekLow": 127.1, "fiftyTwoWeekHigh": 340.0, "fiftyDayAverage": 284.2, "twoHundredDayAverage": 283.62317, "trailingAnnualDividendRate": 2.5, "trailingAnnualDividendYield": 0.008775009, "currency": "INR", "fromCurrency": null, "lastMarket": null, "algorithm": null, "tradeable": false}, "sectorTrend": {"maxAge": 1, "symbol": null, "estimates": []}, "incomeStatementHistoryQuarterly": {"incomeStatementHistory": [{"maxAge": 1, "endDate": "2020-09-30", "totalRevenue": 7250100000, "costOfRevenue": 4488300000, "grossProfit": 2761800000, "researchDevelopment": {}, "sellingGeneralAdministrative": 543500000, "nonRecurring": {}, "otherOperatingExpenses": 1050700000, "totalOperatingExpenses": 6285600000, "operatingIncome": 964500000, "totalOtherIncomeExpenseNet": 133000000, "ebit": 964500000, "interestExpense": -14000000, "incomeBeforeTax": 1097500000, "incomeTaxExpense": 268000000, "minorityInterest": 6900000, "netIncomeFromContinuingOps": 829500000, "discontinuedOperations": {}, "extraordinaryItems": {}, "effectOfAccountingCharges": {}, "otherItems": {}, "netIncome": 829500000, "netIncomeApplicableToCommonShares": 829500000}, {"maxAge": 1, "endDate": "2020-06-30", "totalRevenue": 6627000000, "costOfRevenue": 3995500000, "grossProfit": 2631500000, "researchDevelopment": {}, "sellingGeneralAdministrative": 491600000, "nonRecurring": {}, "otherOperatingExpenses": 857000000, "totalOperatingExpenses": 5523300000, "operatingIncome": 1103700000, "totalOtherIncomeExpenseNet": 97800000, "ebit": 1103700000, "interestExpense": -19700000, "incomeBeforeTax": 1201500000, "incomeTaxExpense": 282800000, "minorityInterest": 6900000, "netIncomeFromContinuingOps": 918700000, "discontinuedOperations": {}, "extraordinaryItems": {}, "effectOfAccountingCharges": {}, "otherItems": {}, "netIncome": 918700000, "netIncomeApplicableToCommonShares": 918700000}, {"maxAge": 1, "endDate": "2020-03-31", "totalRevenue": 3462855000, "costOfRevenue": 2148019000, "grossProfit": 1314836000, "researchDevelopment": {}, "sellingGeneralAdministrative": 771076000, "nonRecurring": {}, "otherOperatingExpenses": 479747000, "totalOperatingExpenses": 3523246000, "operatingIncome": -60391000, "totalOtherIncomeExpenseNet": 33815000, "ebit": -60391000, "interestExpense": -10922000, "incomeBeforeTax": -26576000, "incomeTaxExpense": -29256000, "minorityInterest": 6855000, "netIncomeFromContinuingOps": 2680000, "discontinuedOperations": {}, "extraordinaryItems": {}, "effectOfAccountingCharges": {}, "otherItems": {}, "netIncome": 2343000, "netIncomeApplicableToCommonShares": 2343000}, {"maxAge": 1, "endDate": "2019-12-31", "totalRevenue": 5336000000, "costOfRevenue": 3302300000, "grossProfit": 2033700000, "researchDevelopment": {}, "sellingGeneralAdministrative": 504200000, "nonRecurring": {}, "otherOperatingExpenses": 972100000, "totalOperatingExpenses": 4938100000, "operatingIncome": 397900000, "totalOtherIncomeExpenseNet": 85100000, "ebit": 397900000, "interestExpense": -15700000, "incomeBeforeTax": 483000000, "incomeTaxExpense": 102500000, "minorityInterest": 6855000, "netIncomeFromContinuingOps": 380500000, "discontinuedOperations": {}, "extraordinaryItems": {}, "effectOfAccountingCharges": {}, "otherItems": {}, "netIncome": 381400000, "netIncomeApplicableToCommonShares": 381400000}], "maxAge": 86400}, "cashflowStatementHistoryQuarterly": {"cashflowStatements": [{"maxAge": 1, "endDate": "2020-09-30", "netIncome": 829500000, "changeToLiabilities": 0}, {"maxAge": 1, "endDate": "2020-06-30", "netIncome": 918700000, "changeToLiabilities": 0}, {"maxAge": 1, "endDate": "2020-03-31", "netIncome": 2343000, "changeToLiabilities": 0}, {"maxAge": 1, "endDate": "2019-12-31", "netIncome": 381400000, "changeToLiabilities": 0}], "maxAge": 86400}, "insiderHolders": {"holders": [{"maxAge": 1, "name": "FID Funds Mauritius Ltd", "relation": "Investment Management Company", "url": "", "transactionDescription": "Acquisition", "latestTransDate": "2011-12-26", "positionDirect": 5842366, "positionDirectDate": "2011-12-26"}, {"maxAge": 1, "name": "Gupta (Anil K)", "relation": "UNREPORTED", "url": "", "transactionDescription": "Sale", "latestTransDate": "2020-08-03", "positionDirect": 0, "positionDirectDate": "2020-08-03"}, {"maxAge": 1, "name": "Gupta (Sushila)", "relation": "UNREPORTED", "url": "", "transactionDescription": "Acquisition", "latestTransDate": "2013-03-08", "positionDirect": 100000, "positionDirectDate": "2013-03-08"}, {"maxAge": 1, "name": "Jhunjhunwala (Rajeshkumar)", "relation": "UNREPORTED", "url": "", "transactionDescription": "Acquisition", "latestTransDate": "2013-03-08", "positionDirect": 30000, "positionDirectDate": "2013-03-08"}, {"maxAge": 1, "name": "Jhunjhunwala (Rakesh Radheshyam)", "relation": "UNREPORTED", "url": "", "transactionDescription": "Acquisition", "latestTransDate": "2012-06-05", "positionDirect": 11175070, "positionDirectDate": "2012-06-05"}, {"maxAge": 1, "name": "Reliance Capital Trustee Co Ltd Reliance Long term Equity Fu", "relation": "Investment Advisor", "url": "", "transactionDescription": "Sale", "latestTransDate": "2010-05-19", "positionDirect": 541500, "positionDirectDate": "2010-05-19"}, {"maxAge": 1, "name": "Tata AIA Life Insurance Company Ltd", "relation": "Promoter", "url": "", "transactionDescription": "Acquisition", "latestTransDate": "2012-03-05", "positionDirect": 1890629, "positionDirectDate": "2012-03-05"}], "maxAge": 1}, "earnings": {"maxAge": 86400, "earningsChart": {"quarterly": [{"date": "3Q2017", "actual": 4.22, "estimate": 4.3}, {"date": "4Q2017", "actual": 1.7, "estimate": 1.6}, {"date": "1Q2018", "actual": 1.3, "estimate": 1.6}, {"date": "2Q2018", "actual": 0.4, "estimate": 0.7}], "currentQuarterEstimateDate": "3Q", "currentQuarterEstimateYear": 2018, "earningsDate": ["2020-10-19 05:30:S"]}, "financialsChart": {"yearly": [{"date": 2017, "revenue": 16635242000, "earnings": 2974577000}, {"date": 2018, "revenue": 17909469000, "earnings": 1676122000}, {"date": 2019, "revenue": 19839589000, "earnings": 1553845000}, {"date": 2020, "revenue": 22518155000, "earnings": 1848443000}], "quarterly": [{"date": "4Q2019", "revenue": 5336000000, "earnings": 381400000}, {"date": "1Q2020", "revenue": 3462855000, "earnings": 2343000}, {"date": "2Q2020", "revenue": 6627000000, "earnings": 918700000}, {"date": "3Q2020", "revenue": 7250100000, "earnings": 829500000}]}, "financialCurrency": "INR"}, "calendarEvents": {"maxAge": 1, "earnings": {"earningsDate": ["2020-10-19 05:30:S"], "revenueAverage": 6206600000, "revenueLow": 6239000000, "revenueHigh": 7641000000}}, "upgradeDowngradeHistory": {"history": [], "maxAge": 86400}, "price": {"maxAge": 1, "regularMarketChangePercent": -0.014566493, "regularMarketChange": -4.149994, "regularMarketTime": "2021-04-30 15:29:19", "priceHint": 2, "regularMarketPrice": 280.75, "regularMarketDayHigh": 286.85, "regularMarketDayLow": 278.7, "regularMarketVolume": 16483, "averageDailyVolume10Day": 23800, "averageDailyVolume3Month": 41616, "regularMarketPreviousClose": 284.9, "regularMarketSource": "FREE_REALTIME", "regularMarketOpen": 286.85, "exchange": "BSE", "exchangeName": "BSE", "exchangeDataDelayedBy": 0, "marketState": "CLOSED", "quoteType": "EQUITY", "symbol": "RALLIS.BO", "underlyingSymbol": null, "shortName": "RALLIS INDIA LTD.", "longName": "Rallis India Limited", "currency": "INR", "quoteSourceName": "Delayed Quote", "currencySymbol": "\u20b9", "fromCurrency": null, "lastMarket": null, "marketCap": 54597169152}, "balanceSheetHistory": {"balanceSheetStatements": [{"maxAge": 1, "endDate": "2020-03-31", "cash": 465173000, "shortTermInvestments": 57927000, "netReceivables": 4963931000, "inventory": 7308050000, "otherCurrentAssets": 269614000, "totalCurrentAssets": 16142350000, "longTermInvestments": 45064000, "propertyPlantEquipment": 4159780000, "goodWill": 1958231000, "intangibleAssets": 566074000, "otherAssets": 1613283000, "totalAssets": 24484782000, "accountsPayable": 6373416000, "shortLongTermDebt": 33144000, "otherCurrentLiab": 2192615000, "longTermDebt": 123630000, "otherLiab": 606890000, "minorityInterest": 6855000, "totalCurrentLiabilities": 9509006000, "totalLiab": 10383396000, "commonStock": 194469000, "retainedEarnings": 12082720000, "treasuryStock": 937954000, "capitalSurplus": 879388000, "otherStockholderEquity": 937954000, "totalStockholderEquity": 14094531000, "netTangibleAssets": 11570226000}, {"maxAge": 1, "endDate": "2019-03-31", "cash": 418499000, "shortTermInvestments": 53666000, "netReceivables": 5244111000, "inventory": 7058128000, "otherCurrentAssets": 283178000, "totalCurrentAssets": 14131990000, "longTermInvestments": 41883000, "propertyPlantEquipment": 3826467000, "goodWill": 1958231000, "intangibleAssets": 475123000, "otherAssets": 1192429000, "totalAssets": 21626123000, "accountsPayable": 5348160000, "shortLongTermDebt": 39828000, "otherCurrentLiab": 1972664000, "longTermDebt": 156844000, "otherLiab": 448370000, "minorityInterest": 18418000, "totalCurrentLiabilities": 8142047000, "totalLiab": 8748433000, "commonStock": 194469000, "retainedEarnings": 10847228000, "treasuryStock": 938187000, "capitalSurplus": 879388000, "otherStockholderEquity": 938187000, "totalStockholderEquity": 12859272000, "netTangibleAssets": 10425918000}, {"maxAge": 1, "endDate": "2018-03-31", "cash": 289261000, "shortTermInvestments": 53058000, "netReceivables": 4713891000, "inventory": 5988081000, "otherCurrentAssets": 428692000, "totalCurrentAssets": 12410733000, "longTermInvestments": 42579000, "propertyPlantEquipment": 3763780000, "goodWill": 1958231000, "intangibleAssets": 432026000, "otherAssets": 1378568000, "deferredLongTermAssetCharges": 207814000, "totalAssets": 19985917000, "accountsPayable": 5260874000, "shortLongTermDebt": 45250000, "otherCurrentLiab": 1703879000, "longTermDebt": 196744000, "otherLiab": 625904000, "minorityInterest": 11063000, "totalCurrentLiabilities": 7244436000, "totalLiab": 8069118000, "commonStock": 194469000, "retainedEarnings": 9893404000, "treasuryStock": 938475000, "capitalSurplus": 879388000, "otherStockholderEquity": 938475000, "totalStockholderEquity": 11905736000, "netTangibleAssets": 9515479000}, {"maxAge": 1, "endDate": "2017-03-31", "cash": 52279000, "shortTermInvestments": 18582000, "netReceivables": 2776896000, "inventory": 4123042000, "otherCurrentAssets": 397669000, "totalCurrentAssets": 9589424000, "longTermInvestments": 192172000, "propertyPlantEquipment": 3731597000, "goodWill": 1958231000, "intangibleAssets": 412178000, "otherAssets": 1443507000, "deferredLongTermAssetCharges": 236498000, "totalAssets": 17327109000, "accountsPayable": 3286037000, "shortLongTermDebt": 21045000, "otherCurrentLiab": 1623721000, "longTermDebt": 240138000, "otherLiab": 722340000, "minorityInterest": 4306000, "totalCurrentLiabilities": 5244827000, "totalLiab": 6211160000, "commonStock": 194469000, "retainedEarnings": 9098258000, "treasuryStock": 939528000, "capitalSurplus": 879388000, "otherStockholderEquity": 939528000, "totalStockholderEquity": 11111643000, "netTangibleAssets": 8741234000}], "maxAge": 86400}, "earningsTrend": {"trend": [{"maxAge": 1, "period": "0q", "endDate": "2018-09-30", "growth": {}, "earningsEstimate": {"avg": 0.0, "low": 0.0, "high": 0.0, "yearAgoEps": 4.22, "numberOfAnalysts": 0, "growth": {}}, "revenueEstimate": {"avg": 6206600000, "low": 6239000000, "high": 7641000000, "numberOfAnalysts": 8, "yearAgoRevenue": 5485400000, "growth": 0.131}, "epsTrend": {"current": 0.0, "7daysAgo": 4.03, "30daysAgo": 4.03, "60daysAgo": 4.03, "90daysAgo": 4.03}, "epsRevisions": {"upLast7days": 0, "upLast30days": 0, "downLast30days": 0, "downLast90days": {}}}, {"maxAge": 1, "period": "+1q", "endDate": "2018-12-31", "growth": {}, "earningsEstimate": {"avg": 0.0, "low": 0.0, "high": 0.0, "yearAgoEps": 1.7, "numberOfAnalysts": 0, "growth": {}}, "revenueEstimate": {"avg": 4349000000, "low": 4349000000, "high": 4349000000, "numberOfAnalysts": 1, "yearAgoRevenue": 3572500000, "growth": 0.21700001}, "epsTrend": {"current": 0.0, "7daysAgo": 0.0, "30daysAgo": 0.0, "60daysAgo": 0.0, "90daysAgo": 0.0}, "epsRevisions": {"upLast7days": 0, "upLast30days": 0, "downLast30days": 0, "downLast90days": {}}}, {"maxAge": 1, "period": "0y", "endDate": "2019-03-31", "growth": {}, "earningsEstimate": {"avg": 0.0, "low": 0.0, "high": 0.0, "yearAgoEps": {}, "numberOfAnalysts": 0, "growth": {}}, "revenueEstimate": {"avg": 19044500000, "low": 18252000000, "high": 19837000000, "numberOfAnalysts": 2, "yearAgoRevenue": 15159400000, "growth": 0.256}, "epsTrend": {"current": 0.0, "7daysAgo": 8.36, "30daysAgo": 8.36, "60daysAgo": 8.36, "90daysAgo": 8.36}, "epsRevisions": {"upLast7days": 0, "upLast30days": 0, "downLast30days": 0, "downLast90days": {}}}, {"maxAge": 1, "period": "+1y", "endDate": "2020-03-31", "growth": {}, "earningsEstimate": {"avg": 0.0, "low": 0.0, "high": 0.0, "yearAgoEps": {}, "numberOfAnalysts": 0, "growth": {}}, "revenueEstimate": {"avg": 20383000000, "low": 20383000000, "high": 20383000000, "numberOfAnalysts": 1, "yearAgoRevenue": 19044500000, "growth": 0.07}, "epsTrend": {"current": 0.0, "7daysAgo": 11.9, "30daysAgo": 11.9, "60daysAgo": 11.9, "90daysAgo": 11.9}, "epsRevisions": {"upLast7days": 0, "upLast30days": 0, "downLast30days": 0, "downLast90days": {}}}, {"maxAge": 1, "period": "+5y", "endDate": null, "growth": 0.118, "earningsEstimate": {"avg": {}, "low": {}, "high": {}, "yearAgoEps": {}, "numberOfAnalysts": {}, "growth": {}}, "revenueEstimate": {"avg": {}, "low": {}, "high": {}, "numberOfAnalysts": {}, "yearAgoRevenue": {}, "growth": {}}, "epsTrend": {"current": {}, "7daysAgo": {}, "30daysAgo": {}, "60daysAgo": {}, "90daysAgo": {}}, "epsRevisions": {"upLast7days": {}, "upLast30days": {}, "downLast30days": {}, "downLast90days": {}}}, {"maxAge": 1, "period": "-5y", "endDate": null, "growth": {}, "earningsEstimate": {"avg": {}, "low": {}, "high": {}, "yearAgoEps": {}, "numberOfAnalysts": {}, "growth": {}}, "revenueEstimate": {"avg": {}, "low": {}, "high": {}, "numberOfAnalysts": {}, "yearAgoRevenue": {}, "growth": {}}, "epsTrend": {"current": {}, "7daysAgo": {}, "30daysAgo": {}, "60daysAgo": {}, "90daysAgo": {}}, "epsRevisions": {"upLast7days": {}, "upLast30days": {}, "downLast30days": {}, "downLast90days": {}}}], "maxAge": 1}, "financialData": {"maxAge": 86400, "currentPrice": 280.75, "targetHighPrice": 271.0, "targetLowPrice": 167.0, "targetMeanPrice": 219.61, "targetMedianPrice": 220.0, "recommendationKey": "none", "numberOfAnalystOpinions": 18, "grossProfits": 8426336000, "financialCurrency": "INR"}}}