{"RAMASTEEL.BO": {"cashflowStatementHistory": {"cashflowStatements": [{"maxAge": 1, "endDate": "2020-03-31", "netIncome": 11626000, "depreciation": 29009000, "changeToNetincome": 66291000, "changeToAccountReceivables": -76904000, "changeToLiabilities": 404435000, "changeToInventory": -25872000, "changeToOperatingActivities": -110559000, "totalCashFromOperatingActivities": 298026000, "capitalExpenditures": -66098000, "otherCashflowsFromInvestingActivities": -2242000, "totalCashflowsFromInvestingActivities": -68340000, "netBorrowings": -69819000, "otherCashflowsFromFinancingActivities": -96313000, "totalCashFromFinancingActivities": -166132000, "changeInCash": 63553000}, {"maxAge": 1, "endDate": "2019-03-31", "netIncome": 83718000, "depreciation": 27251000, "changeToNetincome": 21890000, "changeToAccountReceivables": -263162000, "changeToLiabilities": 145261000, "changeToInventory": -170529000, "changeToOperatingActivities": -18533000, "totalCashFromOperatingActivities": -173711000, "capitalExpenditures": -31787000, "investments": 1000, "otherCashflowsFromInvestingActivities": 6106000, "totalCashflowsFromInvestingActivities": -27010000, "netBorrowings": 264849000, "otherCashflowsFromFinancingActivities": -93719000, "totalCashFromFinancingActivities": 171130000, "changeInCash": -29591000}, {"maxAge": 1, "endDate": "2018-03-31", "netIncome": 127155000, "depreciation": 22815000, "changeToNetincome": 64503000, "changeToAccountReceivables": -53599000, "changeToLiabilities": -107137000, "changeToInventory": 171424000, "changeToOperatingActivities": -177065000, "totalCashFromOperatingActivities": 48562000, "capitalExpenditures": -105600000, "investments": 5000000, "otherCashflowsFromInvestingActivities": 12385000, "totalCashflowsFromInvestingActivities": -89665000, "netBorrowings": 57282000, "otherCashflowsFromFinancingActivities": 4533000, "totalCashFromFinancingActivities": 61815000, "changeInCash": 20712000}, {"maxAge": 1, "endDate": "2017-03-31", "netIncome": 94630000, "depreciation": 28758000, "changeToNetincome": 62974000, "changeToAccountReceivables": -92472000, "changeToLiabilities": 1027000, "changeToInventory": -197668000, "changeToOperatingActivities": 32612000, "totalCashFromOperatingActivities": -69794000, "capitalExpenditures": -127693000, "investments": 9000000, "otherCashflowsFromInvestingActivities": 5339000, "totalCashflowsFromInvestingActivities": -13377000, "netBorrowings": 4724000, "otherCashflowsFromFinancingActivities": -31021000, "totalCashFromFinancingActivities": 97903000, "changeInCash": 14732000, "issuanceOfStock": 134200000}], "maxAge": 86400}, "institutionOwnership": {"ownershipList": [], "maxAge": 1}, "balanceSheetHistoryQuarterly": {"balanceSheetStatements": [{"maxAge": 1, "endDate": "2020-06-30", "totalStockholderEquity": 885645000, "netTangibleAssets": 885578000}, {"maxAge": 1, "endDate": "2020-03-31", "cash": 131165000, "netReceivables": 723922000, "inventory": 539390000, "otherCurrentAssets": 343167000, "totalCurrentAssets": 1737644000, "longTermInvestments": 158243000, "propertyPlantEquipment": 439248000, "intangibleAssets": 67000, "otherAssets": 47453000, "totalAssets": 2382655000, "accountsPayable": 592628000, "shortLongTermDebt": 34202000, "otherCurrentLiab": 46225000, "longTermDebt": 181537000, "otherLiab": 23492000, "totalCurrentLiabilities": 1291981000, "totalLiab": 1497010000, "commonStock": 83970000, "treasuryStock": 801675000, "otherStockholderEquity": 801675000, "totalStockholderEquity": 885645000, "netTangibleAssets": 885578000}, {"maxAge": 1, "endDate": "2019-12-31", "totalStockholderEquity": 874758000, "netTangibleAssets": 874687000}, {"maxAge": 1, "endDate": "2019-09-30", "cash": 62787000, "netReceivables": 642079000, "inventory": 320343000, "otherCurrentAssets": 296206000, "totalCurrentAssets": 1321415000, "longTermInvestments": 88312000, "propertyPlantEquipment": 404704000, "intangibleAssets": 71000, "otherAssets": 61171000, "deferredLongTermAssetCharges": 8921000, "totalAssets": 1875673000, "accountsPayable": 143348000, "shortLongTermDebt": 31745000, "otherCurrentLiab": 73928000, "longTermDebt": 167988000, "otherLiab": 11686000, "totalCurrentLiabilities": 821241000, "totalLiab": 1000915000, "commonStock": 83970000, "treasuryStock": 790788000, "otherStockholderEquity": 790788000, "totalStockholderEquity": 874758000, "netTangibleAssets": 874687000}], "maxAge": 86400}, "indexTrend": {"maxAge": 1, "symbol": "SP5", "peRatio": 19.7411, "pegRatio": 1.34172, "estimates": [{"period": "0q", "growth": 0.549}, {"period": "+1q", "growth": 0.431}, {"period": "0y", "growth": 0.305}, {"period": "+1y", "growth": 0.109}, {"period": "+5y", "growth": 0.120865}, {"period": "-5y"}]}, "insiderTransactions": {"transactions": [{"maxAge": 1, "shares": 36095, "value": 20588, "filerUrl": "", "transactionText": "Acquisition at price 0.57 per share.", "filerName": "Bansal (Naresh Kumar)", "filerRelation": "Executive Chairman", "moneyText": "", "startDate": "2020-09-30", "ownership": "D"}, {"maxAge": 1, "shares": 35370, "value": 18809, "filerUrl": "", "transactionText": "Acquisition at price 0.53 per share.", "filerName": "Bansal (Naresh Kumar)", "filerRelation": "Promoter", "moneyText": "", "startDate": "2020-09-21", "ownership": "D"}, {"maxAge": 1, "shares": 74605, "value": 35608, "filerUrl": "", "transactionText": "Acquisition at price 0.48 per share.", "filerName": "Bansal (Naresh Kumar)", "filerRelation": "Executive Chairman", "moneyText": "", "startDate": "2020-09-01", "ownership": "D"}, {"maxAge": 1, "shares": 18160, "filerUrl": "", "transactionText": "", "filerName": "Bansal (Naresh Kumar)", "filerRelation": "Executive Chairman", "moneyText": "", "startDate": "2019-09-20", "ownership": "D"}, {"maxAge": 1, "shares": 26289, "filerUrl": "", "transactionText": "", "filerName": "Bansal (Richi)", "filerRelation": "Director (Executive)", "moneyText": "", "startDate": "2019-09-11", "ownership": "D"}, {"maxAge": 1, "shares": 36625, "filerUrl": "", "transactionText": "", "filerName": "Bansal (Naresh Kumar)", "filerRelation": "Executive Chairman", "moneyText": "", "startDate": "2019-09-09", "ownership": "D"}, {"maxAge": 1, "shares": 22288, "filerUrl": "", "transactionText": "", "filerName": "Bansal (Naresh Kumar)", "filerRelation": "Executive Chairman", "moneyText": "", "startDate": "2019-08-30", "ownership": "D"}, {"maxAge": 1, "shares": 20000, "filerUrl": "", "transactionText": "", "filerName": "Bansal (Naresh Kumar)", "filerRelation": "Chairman of the Board", "moneyText": "", "startDate": "2019-03-22", "ownership": "D"}, {"maxAge": 1, "shares": 180000, "filerUrl": "", "transactionText": "", "filerName": "Naresh Kumar & Sons", "filerRelation": "Promoter", "moneyText": "", "startDate": "2018-01-08", "ownership": "D"}, {"maxAge": 1, "shares": 160000, "filerUrl": "", "transactionText": "", "filerName": "Bansal (Naresh Kumar)", "filerRelation": "Chairman of the Board", "moneyText": "", "startDate": "2017-05-27", "ownership": "D"}, {"maxAge": 1, "shares": 75000, "filerUrl": "", "transactionText": "", "filerName": "Bansal (Kanika)", "filerRelation": "Promoter", "moneyText": "", "startDate": "2017-05-12", "ownership": "D"}, {"maxAge": 1, "shares": 150000, "filerUrl": "", "transactionText": "", "filerName": "Bansal (Richi)", "filerRelation": "Director (Executive)", "moneyText": "", "startDate": "2017-05-12", "ownership": "D"}, {"maxAge": 1, "shares": 75000, "filerUrl": "", "transactionText": "", "filerName": "Bansal (Nikhil Naresh)", "filerRelation": "Executive Chairman", "moneyText": "", "startDate": "2017-05-12", "ownership": "D"}, {"maxAge": 1, "shares": 150000, "filerUrl": "", "transactionText": "", "filerName": "Bansal (Krati)", "filerRelation": "Promoter", "moneyText": "", "startDate": "2017-05-12", "ownership": "D"}, {"maxAge": 1, "shares": 150000, "filerUrl": "", "transactionText": "", "filerName": "Bansal (Kumud)", "filerRelation": "Promoter", "moneyText": "", "startDate": "2017-05-12", "ownership": "D"}, {"maxAge": 1, "shares": 1500000, "filerUrl": "", "transactionText": "", "filerName": "Bansal (Naresh Kumar)", "filerRelation": "Executive Chairman", "moneyText": "", "startDate": "2016-07-15", "ownership": "D"}], "maxAge": 1}, "quoteType": {"exchange": "BSE", "quoteType": "EQUITY", "symbol": "RAMASTEEL.BO", "underlyingSymbol": "RAMASTEEL.BO", "shortName": "Rama Steel Tubes Limited", "longName": "Rama Steel Tubes Limited", "firstTradeDateEpochUtc": "2015-09-01 09:15:00", "timeZoneFullName": "Asia/Kolkata", "timeZoneShortName": "IST", "uuid": "f7718000-d7b9-3f5c-8873-56494b2dd676", "gmtOffSetMilliseconds": 19800000, "maxAge": 1}, "incomeStatementHistory": {"incomeStatementHistory": [{"maxAge": 1, "endDate": "2020-03-31", "totalRevenue": 3528090000, "costOfRevenue": 3239987000, "grossProfit": 288103000, "researchDevelopment": {}, "sellingGeneralAdministrative": 69661000, "nonRecurring": {}, "otherOperatingExpenses": 95226000, "totalOperatingExpenses": 3433883000, "operatingIncome": 94207000, "totalOtherIncomeExpenseNet": -65714000, "ebit": 94207000, "interestExpense": -96314000, "incomeBeforeTax": 28493000, "incomeTaxExpense": 16867000, "minorityInterest": {}, "netIncomeFromContinuingOps": 11626000, "discontinuedOperations": {}, "extraordinaryItems": {}, "effectOfAccountingCharges": {}, "otherItems": {}, "netIncome": 11626000, "netIncomeApplicableToCommonShares": 11626000}, {"maxAge": 1, "endDate": "2019-03-31", "totalRevenue": 5041461000, "costOfRevenue": 4707367000, "grossProfit": 334094000, "researchDevelopment": {}, "sellingGeneralAdministrative": 63849000, "nonRecurring": {}, "otherOperatingExpenses": 87558000, "totalOperatingExpenses": 4886418000, "operatingIncome": 155043000, "totalOtherIncomeExpenseNet": -61109000, "ebit": 155043000, "interestExpense": -92520000, "incomeBeforeTax": 93934000, "incomeTaxExpense": 10216000, "minorityInterest": {}, "netIncomeFromContinuingOps": 83718000, "discontinuedOperations": {}, "extraordinaryItems": {}, "effectOfAccountingCharges": {}, "otherItems": {}, "netIncome": 83718000, "netIncomeApplicableToCommonShares": 83718000}, {"maxAge": 1, "endDate": "2018-03-31", "totalRevenue": 3767028000, "costOfRevenue": 3389885000, "grossProfit": 377143000, "researchDevelopment": {}, "sellingGeneralAdministrative": 51788000, "nonRecurring": {}, "otherOperatingExpenses": 79311000, "totalOperatingExpenses": 3544265000, "operatingIncome": 222763000, "totalOtherIncomeExpenseNet": -38291000, "ebit": 222763000, "interestExpense": -64362000, "incomeBeforeTax": 184472000, "incomeTaxExpense": 57317000, "minorityInterest": {}, "netIncomeFromContinuingOps": 127155000, "discontinuedOperations": {}, "extraordinaryItems": {}, "effectOfAccountingCharges": {}, "otherItems": {}, "netIncome": 127155000, "netIncomeApplicableToCommonShares": 127155000}, {"maxAge": 1, "endDate": "2017-03-31", "totalRevenue": 2597258000, "costOfRevenue": 2244634000, "grossProfit": 352624000, "researchDevelopment": {}, "sellingGeneralAdministrative": 40166000, "nonRecurring": {}, "otherOperatingExpenses": 99852000, "totalOperatingExpenses": 2413755000, "operatingIncome": 183503000, "totalOtherIncomeExpenseNet": -52313000, "ebit": 183503000, "interestExpense": -69031000, "incomeBeforeTax": 131190000, "incomeTaxExpense": 36560000, "minorityInterest": {}, "netIncomeFromContinuingOps": 94630000, "discontinuedOperations": {}, "extraordinaryItems": {}, "effectOfAccountingCharges": {}, "otherItems": {}, "netIncome": 94630000, "netIncomeApplicableToCommonShares": 94630000}], "maxAge": 86400}, "fundOwnership": {"ownershipList": [], "maxAge": 1}, "summaryDetail": {"maxAge": 1, "priceHint": 2, "previousClose": 81.55, "open": 85.55, "dayLow": 82.0, "dayHigh": 85.6, "regularMarketPreviousClose": 81.55, "regularMarketOpen": 85.55, "regularMarketDayLow": 82.0, "regularMarketDayHigh": 85.6, "volume": 1789, "regularMarketVolume": 1789, "averageVolume": 2005, "averageVolume10days": 613, "averageDailyVolume10Day": 613, "bid": 79.5, "ask": 85.1, "bidSize": 0, "askSize": 0, "marketCap": 1431485056, "fiftyTwoWeekLow": 17.85, "fiftyTwoWeekHigh": 86.4, "fiftyDayAverage": 62.557575, "twoHundredDayAverage": 45.366543, "currency": "INR", "fromCurrency": null, "lastMarket": null, "algorithm": null, "tradeable": false}, "incomeStatementHistoryQuarterly": {"incomeStatementHistory": [{"maxAge": 1, "endDate": "2020-06-30", "totalRevenue": 474472000, "costOfRevenue": 448613000, "grossProfit": 25859000, "researchDevelopment": {}, "sellingGeneralAdministrative": 13563000, "nonRecurring": {}, "otherOperatingExpenses": 9851000, "totalOperatingExpenses": 480105000, "operatingIncome": -5633000, "totalOtherIncomeExpenseNet": -15688000, "ebit": -5633000, "interestExpense": -19544000, "incomeBeforeTax": -21321000, "incomeTaxExpense": -2091000, "minorityInterest": {}, "netIncomeFromContinuingOps": -19230000, "discontinuedOperations": {}, "extraordinaryItems": {}, "effectOfAccountingCharges": {}, "otherItems": {}, "netIncome": -19230000, "netIncomeApplicableToCommonShares": -19230000}, {"maxAge": 1, "endDate": "2020-03-31", "totalRevenue": 842815000, "costOfRevenue": 755837000, "grossProfit": 86978000, "researchDevelopment": {}, "sellingGeneralAdministrative": 22165000, "nonRecurring": {}, "otherOperatingExpenses": 23915000, "totalOperatingExpenses": 808040000, "operatingIncome": 34775000, "totalOtherIncomeExpenseNet": -9185000, "ebit": 34775000, "interestExpense": -22563000, "incomeBeforeTax": 25590000, "incomeTaxExpense": 19530000, "minorityInterest": {}, "netIncomeFromContinuingOps": 6060000, "discontinuedOperations": {}, "extraordinaryItems": {}, "effectOfAccountingCharges": {}, "otherItems": {}, "netIncome": 6060000, "netIncomeApplicableToCommonShares": 6060000}, {"maxAge": 1, "endDate": "2019-12-31", "totalRevenue": 871381000, "costOfRevenue": 794486000, "grossProfit": 76895000, "researchDevelopment": {}, "sellingGeneralAdministrative": 16645000, "nonRecurring": {}, "otherOperatingExpenses": 29060000, "totalOperatingExpenses": 847355000, "operatingIncome": 24026000, "totalOtherIncomeExpenseNet": -20042000, "ebit": 24026000, "interestExpense": -25517000, "incomeBeforeTax": 3984000, "incomeTaxExpense": 18000, "minorityInterest": {}, "netIncomeFromContinuingOps": 3966000, "discontinuedOperations": {}, "extraordinaryItems": {}, "effectOfAccountingCharges": {}, "otherItems": {}, "netIncome": 3966000, "netIncomeApplicableToCommonShares": 3966000}, {"maxAge": 1, "endDate": "2019-09-30", "totalRevenue": 813358000, "costOfRevenue": 773868000, "grossProfit": 39490000, "researchDevelopment": {}, "sellingGeneralAdministrative": 16282000, "nonRecurring": {}, "otherOperatingExpenses": 20646000, "totalOperatingExpenses": 817889000, "operatingIncome": -4531000, "totalOtherIncomeExpenseNet": -13780000, "ebit": -4531000, "interestExpense": -20567000, "incomeBeforeTax": -18311000, "incomeTaxExpense": -4718000, "minorityInterest": {}, "netIncomeFromContinuingOps": -13593000, "discontinuedOperations": {}, "extraordinaryItems": {}, "effectOfAccountingCharges": {}, "otherItems": {}, "netIncome": -13593000, "netIncomeApplicableToCommonShares": -13593000}], "maxAge": 86400}, "cashflowStatementHistoryQuarterly": {"cashflowStatements": [{"maxAge": 1, "endDate": "2020-06-30", "netIncome": -19230000, "changeToLiabilities": 0}, {"maxAge": 1, "endDate": "2020-03-31", "netIncome": 6060000, "changeToLiabilities": 0}, {"maxAge": 1, "endDate": "2019-12-31", "netIncome": 3966000, "changeToLiabilities": 0}, {"maxAge": 1, "endDate": "2019-09-30", "netIncome": -13593000, "changeToLiabilities": 0}], "maxAge": 86400}, "insiderHolders": {"holders": [{"maxAge": 1, "name": "Bansal (Kanika)", "relation": "Promoter", "url": "", "transactionDescription": "Other", "latestTransDate": "2017-05-12", "positionDirect": 111000, "positionDirectDate": "2017-05-12"}, {"maxAge": 1, "name": "Bansal (Krati)", "relation": "Promoter", "url": "", "transactionDescription": "Other", "latestTransDate": "2017-05-12", "positionDirect": 450000, "positionDirectDate": "2017-05-12"}, {"maxAge": 1, "name": "Bansal (Kumud)", "relation": "Promoter", "url": "", "transactionDescription": "Other", "latestTransDate": "2017-05-12", "positionDirect": 690000, "positionDirectDate": "2017-05-12"}, {"maxAge": 1, "name": "Bansal (Naresh Kumar)", "relation": "Executive Chairman", "url": "", "transactionDescription": "Acquisition", "latestTransDate": "2020-09-30", "positionDirect": 6331143, "positionDirectDate": "2020-09-30"}, {"maxAge": 1, "name": "Bansal (Nikhil Naresh)", "relation": "Executive Chairman", "url": "", "transactionDescription": "Other", "latestTransDate": "2017-05-12", "positionDirect": 1341000, "positionDirectDate": "2017-05-12"}, {"maxAge": 1, "name": "Bansal (Richi)", "relation": "Director (Executive)", "url": "", "transactionDescription": "Acquisition", "latestTransDate": "2019-09-11", "positionDirect": 1469289, "positionDirectDate": "2019-09-11"}, {"maxAge": 1, "name": "Naresh Kumar & Sons", "relation": "Promoter", "url": "", "transactionDescription": "Sale", "latestTransDate": "2018-01-08", "positionDirect": 0, "positionDirectDate": "2018-01-08"}], "maxAge": 1}, "calendarEvents": {"maxAge": 1, "earnings": {"earningsDate": []}}, "upgradeDowngradeHistory": {"history": [], "maxAge": 86400}, "price": {"maxAge": 1, "regularMarketChangePercent": 0.042918455, "regularMarketChange": 3.5, "regularMarketTime": "2021-04-30 15:29:50", "priceHint": 2, "regularMarketPrice": 85.05, "regularMarketDayHigh": 85.6, "regularMarketDayLow": 82.0, "regularMarketVolume": 1789, "averageDailyVolume10Day": 613, "averageDailyVolume3Month": 2005, "regularMarketPreviousClose": 81.55, "regularMarketSource": "FREE_REALTIME", "regularMarketOpen": 85.55, "exchange": "BSE", "exchangeName": "BSE", "exchangeDataDelayedBy": 0, "marketState": "CLOSED", "quoteType": "EQUITY", "symbol": "RAMASTEEL.BO", "underlyingSymbol": null, "shortName": "Rama Steel Tubes Limited", "longName": "Rama Steel Tubes Limited", "currency": "INR", "quoteSourceName": "Delayed Quote", "currencySymbol": "\u20b9", "fromCurrency": null, "lastMarket": null, "marketCap": 1431485056}, "balanceSheetHistory": {"balanceSheetStatements": [{"maxAge": 1, "endDate": "2020-03-31", "cash": 131165000, "netReceivables": 723922000, "inventory": 539390000, "otherCurrentAssets": 343167000, "totalCurrentAssets": 1737644000, "longTermInvestments": 158243000, "propertyPlantEquipment": 439248000, "intangibleAssets": 67000, "otherAssets": 47453000, "totalAssets": 2382655000, "accountsPayable": 592628000, "shortLongTermDebt": 34202000, "otherCurrentLiab": 46225000, "longTermDebt": 181537000, "otherLiab": 23492000, "totalCurrentLiabilities": 1291981000, "totalLiab": 1497010000, "commonStock": 83970000, "treasuryStock": 801675000, "otherStockholderEquity": 801675000, "totalStockholderEquity": 885645000, "netTangibleAssets": 885578000}, {"maxAge": 1, "endDate": "2019-03-31", "cash": 67611000, "netReceivables": 679342000, "inventory": 513518000, "otherCurrentAssets": 211612000, "totalCurrentAssets": 1479173000, "longTermInvestments": 45334000, "propertyPlantEquipment": 384394000, "intangibleAssets": 180000, "otherAssets": 95620000, "deferredLongTermAssetCharges": 6189000, "totalAssets": 2004701000, "accountsPayable": 188193000, "shortLongTermDebt": 31771000, "otherCurrentLiab": 21465000, "longTermDebt": 206768000, "otherLiab": 11931000, "totalCurrentLiabilities": 915908000, "totalLiab": 1134607000, "commonStock": 83970000, "retainedEarnings": 566937000, "treasuryStock": 1567000, "capitalSurplus": 217620000, "otherStockholderEquity": 1567000, "totalStockholderEquity": 870094000, "netTangibleAssets": 869914000}, {"maxAge": 1, "endDate": "2018-03-31", "cash": 97202000, "netReceivables": 390580000, "inventory": 342990000, "otherCurrentAssets": 234060000, "totalCurrentAssets": 1065992000, "longTermInvestments": 20825000, "propertyPlantEquipment": 379582000, "intangibleAssets": 572000, "otherAssets": 61437000, "totalAssets": 1528408000, "accountsPayable": 42932000, "shortLongTermDebt": 25278000, "otherCurrentLiab": 41498000, "longTermDebt": 164591000, "otherLiab": 16732000, "totalCurrentLiabilities": 559680000, "totalLiab": 741003000, "commonStock": 83970000, "retainedEarnings": 463522000, "treasuryStock": 22293000, "capitalSurplus": 217620000, "otherStockholderEquity": 22293000, "totalStockholderEquity": 787405000, "netTangibleAssets": 786833000}, {"maxAge": 1, "endDate": "2017-03-31", "cash": 76490000, "netReceivables": 350061000, "inventory": 514413000, "otherCurrentAssets": 80078000, "totalCurrentAssets": 1024656000, "longTermInvestments": 21989000, "propertyPlantEquipment": 235897000, "intangibleAssets": 974000, "otherAssets": 67254000, "totalAssets": 1350770000, "accountsPayable": 153938000, "shortLongTermDebt": 21209000, "otherCurrentLiab": 63513000, "longTermDebt": 142688000, "otherLiab": 13004000, "deferredLongTermLiab": 2631000, "totalCurrentLiabilities": 671325000, "totalLiab": 827017000, "commonStock": 80170000, "retainedEarnings": 269517000, "treasuryStock": 45366000, "capitalSurplus": 128700000, "otherStockholderEquity": 45366000, "totalStockholderEquity": 523753000, "netTangibleAssets": 522779000}], "maxAge": 86400}, "financialData": {"maxAge": 86400, "currentPrice": 85.05, "recommendationKey": "none", "grossProfits": 288103000, "financialCurrency": "INR"}}}