{"RAMAPPR-B.BO": {"cashflowStatementHistory": {"cashflowStatements": [{"maxAge": 1, "endDate": "2020-03-31", "netIncome": 20137000, "changeToLiabilities": 0}, {"maxAge": 1, "endDate": "2019-03-31", "netIncome": 247968365, "depreciation": 32559417, "changeToAccountReceivables": -27013872, "changeToLiabilities": 23289840, "changeToInventory": -66268914, "totalCashFromOperatingActivities": 210534836, "capitalExpenditures": -15810033, "totalCashflowsFromInvestingActivities": -15016479, "netBorrowings": -195117439, "totalCashFromFinancingActivities": -195117439, "changeInCash": 400918}, {"maxAge": 1, "endDate": "2018-03-31", "netIncome": 189292, "depreciation": 32194010, "changeToNetincome": 1, "changeToAccountReceivables": -73621235, "changeToLiabilities": 48965609, "changeToInventory": 8580676, "totalCashFromOperatingActivities": 16308353, "capitalExpenditures": -15810033, "totalCashflowsFromInvestingActivities": -12264224, "netBorrowings": -13946252, "totalCashFromFinancingActivities": -13946252, "changeInCash": -9902123}, {"maxAge": 1, "endDate": "2017-03-31", "netIncome": -216138956, "depreciation": 31799987, "changeToNetincome": 8870061, "changeToAccountReceivables": -28647861, "changeToLiabilities": 177937470, "changeToInventory": 18556012, "totalCashFromOperatingActivities": -7623286, "capitalExpenditures": -1992301, "totalCashflowsFromInvestingActivities": 4761898, "netBorrowings": 22614714, "totalCashFromFinancingActivities": 22614714, "changeInCash": 11919597}], "maxAge": 86400}, "institutionOwnership": {"maxAge": 1, "ownershipList": []}, "balanceSheetHistoryQuarterly": {"balanceSheetStatements": [{"maxAge": 1, "endDate": "2020-03-31", "cash": 8494000, "netReceivables": 483186000, "inventory": 74205000, "totalCurrentAssets": 565885000, "propertyPlantEquipment": 593725000, "otherAssets": 7430000, "totalAssets": 1167040000, "accountsPayable": 557626000, "otherCurrentLiab": 287279000, "longTermDebt": 185906000, "otherLiab": 66102000, "totalCurrentLiabilities": 846435000, "totalLiab": 1098443000, "commonStock": 9664000, "treasuryStock": 58933000, "otherStockholderEquity": 58933000, "totalStockholderEquity": 68597000, "netTangibleAssets": 68597000}, {"maxAge": 1, "endDate": "2019-12-31", "totalStockholderEquity": 51617000, "netTangibleAssets": 51617000}, {"maxAge": 1, "endDate": "2019-09-30", "cash": 12673000, "netReceivables": 424263000, "inventory": 165734000, "totalCurrentAssets": 602670000, "propertyPlantEquipment": 587873000, "otherAssets": 6370000, "totalAssets": 1196913000, "accountsPayable": 570275000, "otherCurrentLiab": 230262000, "longTermDebt": 280740000, "otherLiab": 60807000, "totalCurrentLiabilities": 803749000, "totalLiab": 1145296000, "commonStock": 196647000, "treasuryStock": -145030000, "otherStockholderEquity": -145030000, "totalStockholderEquity": 51617000, "netTangibleAssets": 51617000}, {"maxAge": 1, "endDate": "2019-06-30", "totalStockholderEquity": 48460000, "netTangibleAssets": 48460000}], "maxAge": 86400}, "indexTrend": {"maxAge": 1, "symbol": "SP5", "peRatio": 19.7411, "pegRatio": 1.34172, "estimates": [{"period": "0q", "growth": 0.549}, {"period": "+1q", "growth": 0.431}, {"period": "0y", "growth": 0.305}, {"period": "+1y", "growth": 0.109}, {"period": "+5y", "growth": 0.120859005}, {"period": "-5y"}]}, "insiderTransactions": {"transactions": [{"maxAge": 1, "shares": 3250, "filerUrl": "", "transactionText": "", "filerName": "Goel (Arun)", "filerRelation": "Director (Executive)", "moneyText": "", "startDate": "2014-08-01", "ownership": "D"}], "maxAge": 1}, "quoteType": {"exchange": "BSE", "quoteType": "EQUITY", "symbol": "RAMAPPR-B.BO", "underlyingSymbol": "RAMAPPR-B.BO", "shortName": "RAMA PAPER MILLS LTD.", "longName": "Rama Paper Mills Limited", "firstTradeDateEpochUtc": "2000-01-03 09:15:00", "timeZoneFullName": "Asia/Kolkata", "timeZoneShortName": "IST", "uuid": "0b7498e1-9346-3604-9932-7ff87a2ff8e3", "messageBoardId": null, "gmtOffSetMilliseconds": 19800000, "maxAge": 1}, "incomeStatementHistory": {"incomeStatementHistory": [{"maxAge": 1, "endDate": "2020-03-31", "totalRevenue": 1229571000, "costOfRevenue": 1028034000, "grossProfit": 201537000, "researchDevelopment": {}, "sellingGeneralAdministrative": 78154000, "nonRecurring": {}, "otherOperatingExpenses": 60940000, "totalOperatingExpenses": 1200265000, "operatingIncome": 29306000, "totalOtherIncomeExpenseNet": -9169000, "ebit": 29306000, "interestExpense": -59017000, "incomeBeforeTax": 20137000, "incomeTaxExpense": 0, "minorityInterest": {}, "netIncomeFromContinuingOps": 20137000, "discontinuedOperations": {}, "extraordinaryItems": {}, "effectOfAccountingCharges": {}, "otherItems": {}, "netIncome": 20137000, "netIncomeApplicableToCommonShares": 20137000}, {"maxAge": 1, "endDate": "2019-03-31", "totalRevenue": 1627398821, "costOfRevenue": 1379352235, "grossProfit": 248046586, "researchDevelopment": {}, "sellingGeneralAdministrative": 83569140, "nonRecurring": {}, "otherOperatingExpenses": 57022881, "totalOperatingExpenses": 1552503673, "operatingIncome": 74895148, "totalOtherIncomeExpenseNet": 173073217, "ebit": 74895148, "interestExpense": -56296348, "incomeBeforeTax": 247968365, "incomeTaxExpense": 0, "minorityInterest": {}, "netIncomeFromContinuingOps": 247968365, "discontinuedOperations": {}, "extraordinaryItems": {}, "effectOfAccountingCharges": {}, "otherItems": {}, "netIncome": 247968365, "netIncomeApplicableToCommonShares": 247968365}, {"maxAge": 1, "endDate": "2018-03-31", "totalRevenue": 1284978978, "costOfRevenue": 1246810647, "grossProfit": 38168331, "researchDevelopment": {}, "sellingGeneralAdministrative": 80241644, "nonRecurring": {}, "otherOperatingExpenses": 37893980, "totalOperatingExpenses": 1397140281, "operatingIncome": -112161303, "totalOtherIncomeExpenseNet": 112366926, "ebit": -112161303, "interestExpense": -6645600, "incomeBeforeTax": 189292, "incomeTaxExpense": 0, "minorityInterest": {}, "netIncomeFromContinuingOps": 189292, "discontinuedOperations": {}, "extraordinaryItems": {}, "effectOfAccountingCharges": {}, "otherItems": {}, "netIncome": 189292, "netIncomeApplicableToCommonShares": 189292}, {"maxAge": 1, "endDate": "2017-03-31", "totalRevenue": 977382780, "costOfRevenue": 639442786, "grossProfit": 337939994, "researchDevelopment": {}, "sellingGeneralAdministrative": 65993943, "nonRecurring": {}, "otherOperatingExpenses": 361876121, "totalOperatingExpenses": 1099112837, "operatingIncome": -121730057, "totalOtherIncomeExpenseNet": -86575169, "ebit": -121730057, "interestExpense": -85429260, "incomeBeforeTax": -208305226, "incomeTaxExpense": 7833730, "minorityInterest": {}, "netIncomeFromContinuingOps": -216138956, "discontinuedOperations": {}, "extraordinaryItems": {}, "effectOfAccountingCharges": {}, "otherItems": {}, "netIncome": -216138956, "netIncomeApplicableToCommonShares": -216138956}], "maxAge": 86400}, "fundOwnership": {"maxAge": 1, "ownershipList": []}, "summaryDetail": {"maxAge": 1, "priceHint": 2, "previousClose": 12.09, "open": 12.0, "dayLow": 11.63, "dayHigh": 12.0, "regularMarketPreviousClose": 12.09, "regularMarketOpen": 12.0, "regularMarketDayLow": 11.63, "regularMarketDayHigh": 12.0, "trailingPE": 5.7644234, "volume": 523, "regularMarketVolume": 523, "averageVolume": 4279, "averageVolume10days": 5129, "averageDailyVolume10Day": 5129, "bid": 11.63, "ask": 11.9, "bidSize": 0, "askSize": 0, "marketCap": 115880112, "fiftyTwoWeekLow": 6.06, "fiftyTwoWeekHigh": 17.8, "fiftyDayAverage": 14.5294285, "twoHundredDayAverage": 9.902628, "currency": "INR", "fromCurrency": null, "toCurrency": null, "lastMarket": null, "algorithm": null, "tradeable": false}, "incomeStatementHistoryQuarterly": {"incomeStatementHistory": [{"maxAge": 1, "endDate": "2020-03-31", "totalRevenue": 275730000, "costOfRevenue": 516795000, "grossProfit": -241065000, "researchDevelopment": {}, "sellingGeneralAdministrative": 26294000, "nonRecurring": {}, "otherOperatingExpenses": -292040000, "totalOperatingExpenses": 259766000, "operatingIncome": 15964000, "totalOtherIncomeExpenseNet": -11468000, "ebit": 15964000, "interestExpense": -12828000, "incomeBeforeTax": 4496000, "incomeTaxExpense": 0, "minorityInterest": {}, "netIncomeFromContinuingOps": 4496000, "discontinuedOperations": {}, "extraordinaryItems": {}, "effectOfAccountingCharges": {}, "otherItems": {}, "netIncome": 4496000, "netIncomeApplicableToCommonShares": 4496000}, {"maxAge": 1, "endDate": "2019-12-31", "totalRevenue": 339406000, "costOfRevenue": 186143000, "grossProfit": 153263000, "researchDevelopment": {}, "sellingGeneralAdministrative": 17492000, "nonRecurring": {}, "otherOperatingExpenses": 104631000, "totalOperatingExpenses": 316406000, "operatingIncome": 23000000, "totalOtherIncomeExpenseNet": -10515000, "ebit": 23000000, "interestExpense": -11137000, "incomeBeforeTax": 12485000, "incomeTaxExpense": 0, "minorityInterest": {}, "netIncomeFromContinuingOps": 12485000, "discontinuedOperations": {}, "extraordinaryItems": {}, "effectOfAccountingCharges": {}, "otherItems": {}, "netIncome": 12485000, "netIncomeApplicableToCommonShares": 12485000}, {"maxAge": 1, "endDate": "2019-09-30", "totalRevenue": 316385000, "costOfRevenue": 284024000, "grossProfit": 32361000, "researchDevelopment": {}, "sellingGeneralAdministrative": 17288000, "nonRecurring": {}, "otherOperatingExpenses": 16127000, "totalOperatingExpenses": 325578000, "operatingIncome": -9193000, "totalOtherIncomeExpenseNet": 22283000, "ebit": -9193000, "interestExpense": -20685000, "incomeBeforeTax": 13090000, "incomeTaxExpense": 0, "minorityInterest": {}, "netIncomeFromContinuingOps": 13090000, "discontinuedOperations": {}, "extraordinaryItems": {}, "effectOfAccountingCharges": {}, "otherItems": {}, "netIncome": 13090000, "netIncomeApplicableToCommonShares": 13090000}, {"maxAge": 1, "endDate": "2019-06-30", "totalRevenue": 298050000, "costOfRevenue": 250776000, "grossProfit": 47274000, "researchDevelopment": {}, "sellingGeneralAdministrative": 17080000, "nonRecurring": {}, "otherOperatingExpenses": 22516000, "totalOperatingExpenses": 298512000, "operatingIncome": -462000, "totalOtherIncomeExpenseNet": -9468000, "ebit": -462000, "interestExpense": -14366000, "incomeBeforeTax": -9930000, "incomeTaxExpense": 0, "minorityInterest": {}, "netIncomeFromContinuingOps": -9930000, "discontinuedOperations": {}, "extraordinaryItems": {}, "effectOfAccountingCharges": {}, "otherItems": {}, "netIncome": -9930000, "netIncomeApplicableToCommonShares": -9930000}], "maxAge": 86400}, "cashflowStatementHistoryQuarterly": {"cashflowStatements": [{"maxAge": 1, "endDate": "2020-03-31", "netIncome": 4496000, "changeToLiabilities": 0}, {"maxAge": 1, "endDate": "2019-12-31", "netIncome": 12485000, "changeToLiabilities": 0}, {"maxAge": 1, "endDate": "2019-09-30", "netIncome": 13090000, "changeToLiabilities": 0}, {"maxAge": 1, "endDate": "2019-06-30", "netIncome": -9930000, "changeToLiabilities": 0}], "maxAge": 86400}, "insiderHolders": {"holders": [{"maxAge": 1, "name": "Goel (Arun)", "relation": "Director (Executive)", "url": "", "transactionDescription": "Acquisition", "latestTransDate": "2014-08-01", "positionDirect": 37469, "positionDirectDate": "2014-08-01"}], "maxAge": 1}, "calendarEvents": {"maxAge": 1, "earnings": {"earningsDate": []}}, "price": {"maxAge": 1, "regularMarketChangePercent": -0.00827133, "regularMarketChange": -0.10000038, "regularMarketTime": "2021-04-30 15:24:32", "priceHint": 2, "regularMarketPrice": 11.99, "regularMarketDayHigh": 12.0, "regularMarketDayLow": 11.63, "regularMarketVolume": 523, "averageDailyVolume10Day": 5129, "averageDailyVolume3Month": 4279, "regularMarketPreviousClose": 12.09, "regularMarketSource": "FREE_REALTIME", "regularMarketOpen": 12.0, "exchange": "BSE", "exchangeName": "BSE", "exchangeDataDelayedBy": 0, "marketState": "CLOSED", "quoteType": "EQUITY", "symbol": "RAMAPPR-B.BO", "underlyingSymbol": null, "shortName": "RAMA PAPER MILLS LTD.", "longName": "Rama Paper Mills Limited", "currency": "INR", "quoteSourceName": "Delayed Quote", "currencySymbol": "\u20b9", "fromCurrency": null, "toCurrency": null, "lastMarket": null, "marketCap": 115880112}, "balanceSheetHistory": {"balanceSheetStatements": [{"maxAge": 1, "endDate": "2020-03-31", "cash": 8494000, "netReceivables": 483186000, "inventory": 74205000, "totalCurrentAssets": 565885000, "propertyPlantEquipment": 593725000, "otherAssets": 7430000, "totalAssets": 1167040000, "accountsPayable": 557626000, "otherCurrentLiab": 287279000, "longTermDebt": 185906000, "otherLiab": 66102000, "totalCurrentLiabilities": 846435000, "totalLiab": 1098443000, "commonStock": 9664000, "treasuryStock": 58933000, "otherStockholderEquity": 58933000, "totalStockholderEquity": 68597000, "netTangibleAssets": 68597000}, {"maxAge": 1, "endDate": "2019-03-31", "cash": 9948392, "netReceivables": 522326295, "inventory": 130003864, "totalCurrentAssets": 662278551, "propertyPlantEquipment": 602142548, "otherAssets": 5791991, "totalAssets": 1270213090, "accountsPayable": 591829040, "shortLongTermDebt": 658816, "otherCurrentLiab": 127793542, "longTermDebt": 416397815, "otherLiab": 60807120, "totalCurrentLiabilities": 744548440, "totalLiab": 1221753375, "commonStock": 96647330, "retainedEarnings": -264918285, "treasuryStock": 64000, "capitalSurplus": 116666670, "otherStockholderEquity": 64000, "totalStockholderEquity": -51540285, "netTangibleAssets": -51540285}, {"maxAge": 1, "endDate": "2018-03-31", "cash": 9547474, "netReceivables": 495312423, "inventory": 63734950, "otherCurrentAssets": 66406983, "totalCurrentAssets": 568594847, "propertyPlantEquipment": 611055838, "otherAssets": 5904593, "totalAssets": 1185555278, "accountsPayable": 503278715, "shortLongTermDebt": 458532719, "otherCurrentLiab": 123323752, "longTermDebt": 605703759, "otherLiab": 58101572, "totalCurrentLiabilities": 721258599, "totalLiab": 1385063930, "commonStock": 96647330, "retainedEarnings": -512886652, "treasuryStock": 64000, "capitalSurplus": 116666670, "otherStockholderEquity": 64000, "totalStockholderEquity": -299508652, "netTangibleAssets": -299508652}, {"maxAge": 1, "endDate": "2017-03-31", "cash": 19449597, "netReceivables": 341075551, "inventory": 72315626, "otherCurrentAssets": 80615637, "totalCurrentAssets": 513456411, "propertyPlantEquipment": 627439815, "otherAssets": 8769450, "totalAssets": 1149665676, "accountsPayable": 313108422, "shortLongTermDebt": 458532719, "otherCurrentLiab": 45660503, "longTermDebt": 139520000, "otherLiab": 79017911, "totalCurrentLiabilities": 1130825709, "totalLiab": 1349363620, "commonStock": 96647330, "retainedEarnings": -513075944, "treasuryStock": 64000, "capitalSurplus": 116666670, "otherStockholderEquity": 64000, "totalStockholderEquity": -299697944, "netTangibleAssets": -299697944}], "maxAge": 86400}, "financialData": {"maxAge": 86400, "currentPrice": 11.99, "recommendationKey": "none", "grossProfits": 201537000, "financialCurrency": "INR"}}}