{"RAMASTEEL.NS": {"assetProfile": {"address1": "B-5, Main Road", "address2": "3rd Floor", "city": "New Delhi", "zip": "110096", "country": "India", "phone": "91 11 4344 6600", "fax": "91 11 4365 6699", "website": "http://www.ramasteel.com", "industry": "Steel", "sector": "Basic Materials", "longBusinessSummary": "Rama Steel Tubes Limited manufactures and trades steel pipes and tubes, and rigid poly vinyl chloride and galvanised iron pipes worldwide. It offers ERW galvanized steel pipes and tubes, ERW black steel pipes and tubes, scaffolding pipes and tubes, pre grooved pipes, swaged poles, telecommunication transmission towers and substation structures, hollow sections, cold rolled coils/sheets, galvanized plain coils/sheets, galvanized corrugated sheets, and color coated coils/sheets. The company also exports its products to the United Kingdom, the United Arab Emirates, Sri Lanka, Ethiopia, Kenya, Uganda, Ghana, Kuwait, the Republic of Congo, Yemen, Guyana, Germany, the United States, South Africa, Zambia, Malta, etc. Rama Steel Tubes Limited was founded in 1974 and is based in New Delhi, India.", "fullTimeEmployees": 112, "companyOfficers": [{"maxAge": 1, "name": "Mr. Naresh Kumar Bansal", "age": 66, "title": "Chairman & MD", "yearBorn": 1954, "fiscalYear": 2020, "totalPay": 4800000, "exercisedValue": 0, "unexercisedValue": 0}, {"maxAge": 1, "name": "Mr. Richi  Bansal", "age": 40, "title": "CEO & Exec. Director", "yearBorn": 1980, "fiscalYear": 2020, "totalPay": 4200000, "exercisedValue": 0, "unexercisedValue": 0}, {"maxAge": 1, "name": "Mr. Rajeev Kumar Agarwal", "age": 34, "title": "Chief Financial Officer", "yearBorn": 1986, "exercisedValue": 0, "unexercisedValue": 0}, {"maxAge": 1, "name": "Mr. Kapil  Datta", "age": 30, "title": "Company Sec. & Compliance Officer", "yearBorn": 1990, "exercisedValue": 0, "unexercisedValue": 0}, {"maxAge": 1, "name": "Mr. J. M. Singhal", "title": "Pres of Operations", "exercisedValue": 0, "unexercisedValue": 0}, {"maxAge": 1, "name": "Mr. Ranjeet  Singh", "age": 39, "title": "Sr. Mang. of Accounts & Fin.", "yearBorn": 1981, "exercisedValue": 0, "unexercisedValue": 0}, {"maxAge": 1, "name": "Mr. Nikhil Naresh Bansal", "age": 35, "title": "Admin. Mang.", "yearBorn": 1985, "exercisedValue": 0, "unexercisedValue": 0}, {"maxAge": 1, "name": "Mr. K. S. Sharma", "title": "Head of Sales & Marketing", "exercisedValue": 0, "unexercisedValue": 0}], "compensationAsOfEpochDate": "2020-12-31 05:30:00", "maxAge": 86400}, "recommendationTrend": {"trend": [{"period": "0m", "strongBuy": 0, "buy": 0, "hold": 0, "sell": 0, "strongSell": 0}, {"period": "-1m", "strongBuy": 0, "buy": 0, "hold": 0, "sell": 0, "strongSell": 0}, {"period": "-2m", "strongBuy": 0, "buy": 0, "hold": 0, "sell": 0, "strongSell": 0}, {"period": "-3m", "strongBuy": 0, "buy": 0, "hold": 0, "sell": 0, "strongSell": 0}], "maxAge": 86400}, "cashflowStatementHistory": {"cashflowStatements": [{"maxAge": 1, "endDate": "2020-03-31", "netIncome": 11627000, "depreciation": 28897000, "changeToNetincome": 66291000, "changeToAccountReceivables": -76904000, "changeToLiabilities": 404435000, "changeToInventory": -25872000, "changeToOperatingActivities": -110559000, "totalCashFromOperatingActivities": 298027000, "capitalExpenditures": -66099000, "otherCashflowsFromInvestingActivities": -2242000, "totalCashflowsFromInvestingActivities": -68341000, "netBorrowings": -69819000, "otherCashflowsFromFinancingActivities": -96314000, "totalCashFromFinancingActivities": -166133000, "changeInCash": 63554000}, {"maxAge": 1, "endDate": "2019-03-31", "netIncome": 83718000, "depreciation": 27251000, "changeToNetincome": 21890000, "changeToAccountReceivables": -263162000, "changeToLiabilities": 145261000, "changeToInventory": -170529000, "changeToOperatingActivities": -18533000, "totalCashFromOperatingActivities": -173711000, "capitalExpenditures": -31787000, "investments": 1000, "otherCashflowsFromInvestingActivities": 6106000, "totalCashflowsFromInvestingActivities": -27010000, "netBorrowings": 264849000, "otherCashflowsFromFinancingActivities": -93719000, "totalCashFromFinancingActivities": 171130000, "changeInCash": -29591000}, {"maxAge": 1, "endDate": "2018-03-31", "netIncome": 127155000, "depreciation": 22815000, "changeToNetincome": 64503000, "changeToAccountReceivables": -53599000, "changeToLiabilities": -107137000, "changeToInventory": 171424000, "changeToOperatingActivities": -177065000, "totalCashFromOperatingActivities": 48562000, "capitalExpenditures": -105600000, "investments": 5000000, "otherCashflowsFromInvestingActivities": 12385000, "totalCashflowsFromInvestingActivities": -89665000, "netBorrowings": 57282000, "otherCashflowsFromFinancingActivities": 4533000, "totalCashFromFinancingActivities": 61815000, "changeInCash": 20712000}, {"maxAge": 1, "endDate": "2017-03-31", "netIncome": 94630000, "depreciation": 28758000, "changeToNetincome": 62974000, "changeToAccountReceivables": -92472000, "changeToLiabilities": 1027000, "changeToInventory": -197668000, "changeToOperatingActivities": 32612000, "totalCashFromOperatingActivities": -69794000, "capitalExpenditures": -127693000, "investments": 9000000, "otherCashflowsFromInvestingActivities": 5339000, "totalCashflowsFromInvestingActivities": -13377000, "netBorrowings": 4724000, "otherCashflowsFromFinancingActivities": -31021000, "totalCashFromFinancingActivities": 97903000, "changeInCash": 14732000, "issuanceOfStock": 134200000}], "maxAge": 86400}, "indexTrend": {"maxAge": 1, "symbol": "SP5", "peRatio": 19.7411, "pegRatio": 1.34172, "estimates": [{"period": "0q", "growth": 0.549}, {"period": "+1q", "growth": 0.431}, {"period": "0y", "growth": 0.305}, {"period": "+1y", "growth": 0.109}, {"period": "+5y", "growth": 0.120865}, {"period": "-5y"}]}, "defaultKeyStatistics": {"maxAge": 1, "priceHint": 2, "enterpriseValue": 2209996544, "profitMargins": 0.012, "floatShares": 3421579, "sharesOutstanding": 16794000, "heldPercentInsiders": 0.78244, "heldPercentInstitutions": 0.0, "beta": 1.793513, "category": null, "bookValue": 54.806, "priceToBook": 1.5354159, "fundFamily": null, "legalType": null, "lastFiscalYearEnd": "2020-03-31 05:30:00", "nextFiscalYearEnd": "2022-03-31 05:30:00", "mostRecentQuarter": "2020-12-31 05:30:00", "earningsQuarterlyGrowth": 6.592, "netIncomeToCommon": 49859000, "trailingEps": 2.346, "forwardEps": 11.06, "lastSplitFactor": "2:1", "lastSplitDate": "2016-03-14 05:30:00", "enterpriseToRevenue": 0.532, "enterpriseToEbitda": 15.217}, "industryTrend": {"maxAge": 1, "symbol": null, "estimates": []}, "quoteType": {"exchange": "NSI", "quoteType": "EQUITY", "symbol": "RAMASTEEL.NS", "underlyingSymbol": "RAMASTEEL.NS", "shortName": "RAMA STEEL TUBES", "longName": "Rama Steel Tubes Limited", "firstTradeDateEpochUtc": "2015-08-24 09:15:00", "timeZoneFullName": "Asia/Kolkata", "timeZoneShortName": "IST", "uuid": "97081bf2-3c75-307c-b56b-bfe9410bf032", "gmtOffSetMilliseconds": 19800000, "maxAge": 1}, "incomeStatementHistory": {"incomeStatementHistory": [{"maxAge": 1, "endDate": "2020-03-31", "totalRevenue": 3528090000, "costOfRevenue": 3244632000, "grossProfit": 283458000, "researchDevelopment": {}, "sellingGeneralAdministrative": 76932000, "nonRecurring": {}, "otherOperatingExpenses": 101766000, "totalOperatingExpenses": 3452339000, "operatingIncome": 75751000, "totalOtherIncomeExpenseNet": -47257000, "ebit": 75751000, "interestExpense": -95307000, "incomeBeforeTax": 28494000, "incomeTaxExpense": 16867000, "minorityInterest": {}, "netIncomeFromContinuingOps": 11627000, "discontinuedOperations": {}, "extraordinaryItems": {}, "effectOfAccountingCharges": {}, "otherItems": {}, "netIncome": 11627000, "netIncomeApplicableToCommonShares": 11627000}, {"maxAge": 1, "endDate": "2019-03-31", "totalRevenue": 5041461000, "costOfRevenue": 4707367000, "grossProfit": 334094000, "researchDevelopment": {}, "sellingGeneralAdministrative": 63849000, "nonRecurring": {}, "otherOperatingExpenses": 87975000, "totalOperatingExpenses": 4886835000, "operatingIncome": 154626000, "totalOtherIncomeExpenseNet": -60692000, "ebit": 154626000, "interestExpense": -92520000, "incomeBeforeTax": 93934000, "incomeTaxExpense": 10216000, "minorityInterest": {}, "netIncomeFromContinuingOps": 83718000, "discontinuedOperations": {}, "extraordinaryItems": {}, "effectOfAccountingCharges": {}, "otherItems": {}, "netIncome": 83718000, "netIncomeApplicableToCommonShares": 83718000}, {"maxAge": 1, "endDate": "2018-03-31", "totalRevenue": 3767028000, "costOfRevenue": 3389885000, "grossProfit": 377143000, "researchDevelopment": {}, "sellingGeneralAdministrative": 51788000, "nonRecurring": {}, "otherOperatingExpenses": 79311000, "totalOperatingExpenses": 3544265000, "operatingIncome": 222763000, "totalOtherIncomeExpenseNet": -38291000, "ebit": 222763000, "interestExpense": -64362000, "incomeBeforeTax": 184472000, "incomeTaxExpense": 57317000, "minorityInterest": {}, "netIncomeFromContinuingOps": 127155000, "discontinuedOperations": {}, "extraordinaryItems": {}, "effectOfAccountingCharges": {}, "otherItems": {}, "netIncome": 127155000, "netIncomeApplicableToCommonShares": 127155000}, {"maxAge": 1, "endDate": "2017-03-31", "totalRevenue": 2597258000, "costOfRevenue": 2244634000, "grossProfit": 352624000, "researchDevelopment": {}, "sellingGeneralAdministrative": 40166000, "nonRecurring": {}, "otherOperatingExpenses": 99852000, "totalOperatingExpenses": 2413755000, "operatingIncome": 183503000, "totalOtherIncomeExpenseNet": -52313000, "ebit": 183503000, "interestExpense": -69031000, "incomeBeforeTax": 131190000, "incomeTaxExpense": 36560000, "minorityInterest": {}, "netIncomeFromContinuingOps": 94630000, "discontinuedOperations": {}, "extraordinaryItems": {}, "effectOfAccountingCharges": {}, "otherItems": {}, "netIncome": 94630000, "netIncomeApplicableToCommonShares": 94630000}], "maxAge": 86400}, "fundOwnership": {"ownershipList": [], "maxAge": 1}, "summaryDetail": {"maxAge": 1, "priceHint": 2, "previousClose": 82.85, "open": 80.0, "dayLow": 80.0, "dayHigh": 86.4, "regularMarketPreviousClose": 82.85, "regularMarketOpen": 80.0, "regularMarketDayLow": 80.0, "regularMarketDayHigh": 86.4, "payoutRatio": 0.0, "beta": 1.793513, "trailingPE": 35.869568, "forwardPE": 7.608499, "volume": 26877, "regularMarketVolume": 26877, "averageVolume": 26994, "averageVolume10days": 19636, "averageDailyVolume10Day": 19636, "bid": 0.0, "ask": 0.0, "bidSize": 0, "askSize": 0, "marketCap": 1413215104, "fiftyTwoWeekLow": 21.05, "fiftyTwoWeekHigh": 86.75, "priceToSalesTrailing12Months": 0.34007746, "fiftyDayAverage": 73.89697, "twoHundredDayAverage": 57.465714, "currency": "INR", "fromCurrency": null, "lastMarket": null, "algorithm": null, "tradeable": false}, "insiderHolders": {"holders": [{"maxAge": 1, "name": "Bansal (Kanika)", "relation": "Promoter", "url": "", "transactionDescription": "Other", "latestTransDate": "2017-05-12", "positionDirect": 111000, "positionDirectDate": "2017-05-12"}, {"maxAge": 1, "name": "Bansal (Krati)", "relation": "Promoter", "url": "", "transactionDescription": "Other", "latestTransDate": "2017-05-12", "positionDirect": 450000, "positionDirectDate": "2017-05-12"}, {"maxAge": 1, "name": "Bansal (Kumud)", "relation": "Promoter", "url": "", "transactionDescription": "Other", "latestTransDate": "2017-05-12", "positionDirect": 690000, "positionDirectDate": "2017-05-12"}, {"maxAge": 1, "name": "Bansal (Naresh Kumar)", "relation": "Executive Chairman", "url": "", "transactionDescription": "Acquisition", "latestTransDate": "2020-12-07", "positionDirect": 6379734, "positionDirectDate": "2020-12-07"}, {"maxAge": 1, "name": "Bansal (Nikhil Naresh)", "relation": "Executive Chairman", "url": "", "transactionDescription": "Other", "latestTransDate": "2017-05-12", "positionDirect": 1341000, "positionDirectDate": "2017-05-12"}, {"maxAge": 1, "name": "Bansal (Richi)", "relation": "Director (Executive)", "url": "", "transactionDescription": "Acquisition", "latestTransDate": "2019-09-11", "positionDirect": 1469289, "positionDirectDate": "2019-09-11"}, {"maxAge": 1, "name": "Naresh Kumar & Sons", "relation": "Promoter", "url": "", "transactionDescription": "Sale", "latestTransDate": "2018-01-08", "positionDirect": 0, "positionDirectDate": "2018-01-08"}], "maxAge": 1}, "calendarEvents": {"maxAge": 1, "earnings": {"earningsDate": []}}, "upgradeDowngradeHistory": {"history": [], "maxAge": 86400}, "price": {"maxAge": 1, "regularMarketChangePercent": 0.015691046, "regularMarketChange": 1.300003, "regularMarketTime": "2021-04-30 15:29:50", "priceHint": 2, "regularMarketPrice": 84.15, "regularMarketDayHigh": 86.4, "regularMarketDayLow": 80.0, "regularMarketVolume": 26877, "averageDailyVolume10Day": 19636, "averageDailyVolume3Month": 26994, "regularMarketPreviousClose": 82.85, "regularMarketSource": "FREE_REALTIME", "regularMarketOpen": 80.0, "exchange": "NSI", "exchangeName": "NSE", "exchangeDataDelayedBy": 15, "marketState": "CLOSED", "quoteType": "EQUITY", "symbol": "RAMASTEEL.NS", "underlyingSymbol": null, "shortName": "RAMA STEEL TUBES", "longName": "Rama Steel Tubes Limited", "currency": "INR", "quoteSourceName": "Delayed Quote", "currencySymbol": "\u20b9", "fromCurrency": null, "lastMarket": null, "marketCap": 1413215104}, "balanceSheetHistory": {"balanceSheetStatements": [{"maxAge": 1, "endDate": "2020-03-31", "cash": 131165000, "netReceivables": 723922000, "inventory": 539390000, "otherCurrentAssets": 343167000, "totalCurrentAssets": 1737644000, "longTermInvestments": 75936000, "propertyPlantEquipment": 439248000, "intangibleAssets": 67000, "otherAssets": 129761000, "totalAssets": 2382656000, "accountsPayable": 592628000, "shortLongTermDebt": 34202000, "otherCurrentLiab": 31942000, "longTermDebt": 181537000, "otherLiab": 23492000, "deferredLongTermLiab": 4475000, "totalCurrentLiabilities": 1291982000, "totalLiab": 1497011000, "commonStock": 83970000, "retainedEarnings": 578465000, "treasuryStock": 5590000, "capitalSurplus": 217620000, "otherStockholderEquity": 5590000, "totalStockholderEquity": 885645000, "netTangibleAssets": 885578000}, {"maxAge": 1, "endDate": "2019-03-31", "cash": 67611000, "netReceivables": 646633000, "inventory": 513518000, "otherCurrentAssets": 251411000, "totalCurrentAssets": 1479173000, "longTermInvestments": 45334000, "propertyPlantEquipment": 384394000, "intangibleAssets": 180000, "otherAssets": 95620000, "deferredLongTermAssetCharges": 6189000, "totalAssets": 2004701000, "accountsPayable": 188193000, "shortLongTermDebt": 31771000, "otherCurrentLiab": 21465000, "longTermDebt": 206768000, "otherLiab": 11931000, "totalCurrentLiabilities": 915908000, "totalLiab": 1134607000, "commonStock": 83970000, "retainedEarnings": 566937000, "treasuryStock": 1567000, "capitalSurplus": 217620000, "otherStockholderEquity": 1567000, "totalStockholderEquity": 870094000, "netTangibleAssets": 869914000}, {"maxAge": 1, "endDate": "2018-03-31", "cash": 97202000, "netReceivables": 384200000, "inventory": 342990000, "otherCurrentAssets": 241600000, "totalCurrentAssets": 1065992000, "longTermInvestments": 20825000, "propertyPlantEquipment": 379582000, "intangibleAssets": 572000, "otherAssets": 61437000, "totalAssets": 1528408000, "accountsPayable": 42932000, "shortLongTermDebt": 25278000, "otherCurrentLiab": 41498000, "longTermDebt": 164591000, "otherLiab": 16732000, "totalCurrentLiabilities": 559680000, "totalLiab": 741003000, "commonStock": 83970000, "retainedEarnings": 463522000, "treasuryStock": 22293000, "capitalSurplus": 217620000, "otherStockholderEquity": 22293000, "totalStockholderEquity": 787405000, "netTangibleAssets": 786833000}, {"maxAge": 1, "endDate": "2017-03-31", "cash": 76490000, "netReceivables": 350061000, "inventory": 514413000, "otherCurrentAssets": 80078000, "totalCurrentAssets": 1024656000, "longTermInvestments": 21989000, "propertyPlantEquipment": 235897000, "intangibleAssets": 974000, "otherAssets": 67254000, "totalAssets": 1350770000, "accountsPayable": 153938000, "shortLongTermDebt": 21209000, "otherCurrentLiab": 63513000, "longTermDebt": 142688000, "otherLiab": 13004000, "deferredLongTermLiab": 2631000, "totalCurrentLiabilities": 671325000, "totalLiab": 827017000, "commonStock": 80170000, "retainedEarnings": 269517000, "treasuryStock": 45366000, "capitalSurplus": 128700000, "otherStockholderEquity": 45366000, "totalStockholderEquity": 523753000, "netTangibleAssets": 522779000}], "maxAge": 86400}, "earningsTrend": {"trend": [{"maxAge": 1, "period": "0q", "endDate": "2018-12-31", "growth": {}, "earningsEstimate": {"avg": 0.0, "low": 0.0, "high": 0.0, "yearAgoEps": 2.06, "numberOfAnalysts": 0, "growth": {}}, "revenueEstimate": {"avg": 0, "low": 0, "high": 0, "numberOfAnalysts": 0, "yearAgoRevenue": {}, "growth": {}}, "epsTrend": {"current": 0.0, "7daysAgo": 0.0, "30daysAgo": 0.0, "60daysAgo": 0.0, "90daysAgo": 0.0}, "epsRevisions": {"upLast7days": 0, "upLast30days": 0, "downLast30days": 0, "downLast90days": {}}}, {"maxAge": 1, "period": "+1q", "endDate": "2019-03-31", "growth": {}, "earningsEstimate": {"avg": 0.0, "low": 0.0, "high": 0.0, "yearAgoEps": 2.33, "numberOfAnalysts": 0, "growth": {}}, "revenueEstimate": {"avg": 0, "low": 0, "high": 0, "numberOfAnalysts": 0, "yearAgoRevenue": {}, "growth": {}}, "epsTrend": {"current": 0.0, "7daysAgo": 0.0, "30daysAgo": 0.0, "60daysAgo": 0.0, "90daysAgo": 0.0}, "epsRevisions": {"upLast7days": 0, "upLast30days": 0, "downLast30days": 0, "downLast90days": {}}}, {"maxAge": 1, "period": "0y", "endDate": "2019-03-31", "growth": {}, "earningsEstimate": {"avg": 0.0, "low": 0.0, "high": 0.0, "yearAgoEps": {}, "numberOfAnalysts": 0, "growth": {}}, "revenueEstimate": {"avg": 4662700000, "low": 4662700000, "high": 4662700000, "numberOfAnalysts": 1, "yearAgoRevenue": 3767030000, "growth": 0.23799999}, "epsTrend": {"current": 0.0, "7daysAgo": 9.08, "30daysAgo": 9.08, "60daysAgo": 9.08, "90daysAgo": 9.08}, "epsRevisions": {"upLast7days": 0, "upLast30days": 0, "downLast30days": 0, "downLast90days": {}}}, {"maxAge": 1, "period": "+1y", "endDate": "2020-03-31", "growth": {}, "earningsEstimate": {"avg": 0.0, "low": 0.0, "high": 0.0, "yearAgoEps": {}, "numberOfAnalysts": 0, "growth": {}}, "revenueEstimate": {"avg": 5408740000, "low": 5408740000, "high": 5408740000, "numberOfAnalysts": 1, "yearAgoRevenue": 4662700000, "growth": 0.16}, "epsTrend": {"current": 0.0, "7daysAgo": 11.06, "30daysAgo": 11.06, "60daysAgo": 11.06, "90daysAgo": 11.06}, "epsRevisions": {"upLast7days": 0, "upLast30days": 0, "downLast30days": 0, "downLast90days": {}}}, {"maxAge": 1, "period": "+5y", "endDate": null, "growth": {}, "earningsEstimate": {"avg": {}, "low": {}, "high": {}, "yearAgoEps": {}, "numberOfAnalysts": {}, "growth": {}}, "revenueEstimate": {"avg": {}, "low": {}, "high": {}, "numberOfAnalysts": {}, "yearAgoRevenue": {}, "growth": {}}, "epsTrend": {"current": {}, "7daysAgo": {}, "30daysAgo": {}, "60daysAgo": {}, "90daysAgo": {}}, "epsRevisions": {"upLast7days": {}, "upLast30days": {}, "downLast30days": {}, "downLast90days": {}}}, {"maxAge": 1, "period": "-5y", "endDate": null, "growth": {}, "earningsEstimate": {"avg": {}, "low": {}, "high": {}, "yearAgoEps": {}, "numberOfAnalysts": {}, "growth": {}}, "revenueEstimate": {"avg": {}, "low": {}, "high": {}, "numberOfAnalysts": {}, "yearAgoRevenue": {}, "growth": {}}, "epsTrend": {"current": {}, "7daysAgo": {}, "30daysAgo": {}, "60daysAgo": {}, "90daysAgo": {}}, "epsRevisions": {"upLast7days": {}, "upLast30days": {}, "downLast30days": {}, "downLast90days": {}}}], "maxAge": 1}, "institutionOwnership": {"ownershipList": [], "maxAge": 1}, "majorHoldersBreakdown": {"maxAge": 1, "insidersPercentHeld": 0.78244, "institutionsPercentHeld": 0.0, "institutionsFloatPercentHeld": 0.0, "institutionsCount": 0}, "balanceSheetHistoryQuarterly": {"balanceSheetStatements": [{"maxAge": 1, "endDate": "2020-12-31", "totalStockholderEquity": 901632000, "netTangibleAssets": 901564000}, {"maxAge": 1, "endDate": "2020-09-30", "cash": 162549000, "netReceivables": 575793000, "inventory": 460308000, "otherCurrentAssets": 262132000, "totalCurrentAssets": 1460782000, "longTermInvestments": 172017000, "propertyPlantEquipment": 478116000, "intangibleAssets": 68000, "otherAssets": 48101000, "totalAssets": 2159084000, "accountsPayable": 383273000, "shortLongTermDebt": 34202000, "otherCurrentLiab": 58902000, "longTermDebt": 217191000, "otherLiab": 13446000, "totalCurrentLiabilities": 1026815000, "totalLiab": 1257452000, "commonStock": 83970000, "treasuryStock": 817662000, "otherStockholderEquity": 817662000, "totalStockholderEquity": 901632000, "netTangibleAssets": 901564000}, {"maxAge": 1, "endDate": "2020-06-30", "totalStockholderEquity": 885645000, "netTangibleAssets": 885578000}, {"maxAge": 1, "endDate": "2020-03-31", "cash": 131165000, "netReceivables": 723922000, "inventory": 539390000, "otherCurrentAssets": 343167000, "totalCurrentAssets": 1737644000, "longTermInvestments": 75936000, "propertyPlantEquipment": 439248000, "intangibleAssets": 67000, "otherAssets": 129761000, "totalAssets": 2382656000, "accountsPayable": 592628000, "shortLongTermDebt": 34202000, "otherCurrentLiab": 31942000, "longTermDebt": 181537000, "otherLiab": 23492000, "deferredLongTermLiab": 4475000, "totalCurrentLiabilities": 1291982000, "totalLiab": 1497011000, "commonStock": 83970000, "retainedEarnings": 578465000, "treasuryStock": 5590000, "capitalSurplus": 217620000, "otherStockholderEquity": 5590000, "totalStockholderEquity": 885645000, "netTangibleAssets": 885578000}], "maxAge": 86400}, "earningsHistory": {"history": [{"maxAge": 1, "epsActual": 2.06, "epsEstimate": 1.78, "epsDifference": 0.28, "surprisePercent": 0.157, "quarter": "2017-09-30", "period": "-4q"}, {"maxAge": 1, "epsActual": 2.33, "epsEstimate": 1.65, "epsDifference": 0.68, "surprisePercent": 0.412, "quarter": "2018-03-31", "period": "-3q"}, {"maxAge": 1, "epsActual": 2.4, "epsEstimate": 1.93, "epsDifference": 0.47, "surprisePercent": 0.244, "quarter": "2018-06-30", "period": "-2q"}, {"maxAge": 1, "epsActual": 0.69, "epsEstimate": 2.44, "epsDifference": -1.75, "surprisePercent": -0.71699995, "quarter": "2018-09-30", "period": "-1q"}], "maxAge": 86400}, "summaryProfile": {"address1": "B-5, Main Road", "address2": "3rd Floor", "city": "New Delhi", "zip": "110096", "country": "India", "phone": "91 11 4344 6600", "fax": "91 11 4365 6699", "website": "http://www.ramasteel.com", "industry": "Steel", "sector": "Basic Materials", "longBusinessSummary": "Rama Steel Tubes Limited manufactures and trades steel pipes and tubes, and rigid poly vinyl chloride and galvanised iron pipes worldwide. It offers ERW galvanized steel pipes and tubes, ERW black steel pipes and tubes, scaffolding pipes and tubes, pre grooved pipes, swaged poles, telecommunication transmission towers and substation structures, hollow sections, cold rolled coils/sheets, galvanized plain coils/sheets, galvanized corrugated sheets, and color coated coils/sheets. The company also exports its products to the United Kingdom, the United Arab Emirates, Sri Lanka, Ethiopia, Kenya, Uganda, Ghana, Kuwait, the Republic of Congo, Yemen, Guyana, Germany, the United States, South Africa, Zambia, Malta, etc. Rama Steel Tubes Limited was founded in 1974 and is based in New Delhi, India.", "fullTimeEmployees": 112, "companyOfficers": [], "maxAge": 86400}, "netSharePurchaseActivity": {"maxAge": 1, "period": "6m", "buyInfoCount": 0, "buyInfoShares": 0, "sellInfoCount": 0, "netInfoCount": 0, "netInfoShares": 0, "netPercentInsiderShares": 0.0, "totalInsiderShares": 14632600}, "insiderTransactions": {"transactions": [{"maxAge": 1, "shares": 25387, "value": 16549, "filerUrl": "", "transactionText": "Acquisition at price 0.65 per share.", "filerName": "Bansal (Naresh Kumar)", "filerRelation": "Executive Chairman", "moneyText": "", "startDate": "2020-12-07", "ownership": "D"}, {"maxAge": 1, "shares": 23204, "value": 14537, "filerUrl": "", "transactionText": "Acquisition at price 0.63 per share.", "filerName": "Bansal (Naresh Kumar)", "filerRelation": "Director", "moneyText": "", "startDate": "2020-11-23", "ownership": "D"}, {"maxAge": 1, "shares": 36095, "value": 20588, "filerUrl": "", "transactionText": "Acquisition at price 0.57 per share.", "filerName": "Bansal (Naresh Kumar)", "filerRelation": "Executive Chairman", "moneyText": "", "startDate": "2020-09-30", "ownership": "D"}, {"maxAge": 1, "shares": 35370, "value": 18809, "filerUrl": "", "transactionText": "Acquisition at price 0.53 per share.", "filerName": "Bansal (Naresh Kumar)", "filerRelation": "Promoter", "moneyText": "", "startDate": "2020-09-21", "ownership": "D"}, {"maxAge": 1, "shares": 74605, "value": 35608, "filerUrl": "", "transactionText": "Acquisition at price 0.48 per share.", "filerName": "Bansal (Naresh Kumar)", "filerRelation": "Executive Chairman", "moneyText": "", "startDate": "2020-09-01", "ownership": "D"}, {"maxAge": 1, "shares": 18160, "filerUrl": "", "transactionText": "", "filerName": "Bansal (Naresh Kumar)", "filerRelation": "Executive Chairman", "moneyText": "", "startDate": "2019-09-20", "ownership": "D"}, {"maxAge": 1, "shares": 26289, "filerUrl": "", "transactionText": "", "filerName": "Bansal (Richi)", "filerRelation": "Director (Executive)", "moneyText": "", "startDate": "2019-09-11", "ownership": "D"}, {"maxAge": 1, "shares": 36625, "filerUrl": "", "transactionText": "", "filerName": "Bansal (Naresh Kumar)", "filerRelation": "Executive Chairman", "moneyText": "", "startDate": "2019-09-09", "ownership": "D"}, {"maxAge": 1, "shares": 22288, "filerUrl": "", "transactionText": "", "filerName": "Bansal (Naresh Kumar)", "filerRelation": "Executive Chairman", "moneyText": "", "startDate": "2019-08-30", "ownership": "D"}, {"maxAge": 1, "shares": 20000, "filerUrl": "", "transactionText": "", "filerName": "Bansal (Naresh Kumar)", "filerRelation": "Chairman of the Board", "moneyText": "", "startDate": "2019-03-22", "ownership": "D"}, {"maxAge": 1, "shares": 180000, "filerUrl": "", "transactionText": "", "filerName": "Naresh Kumar & Sons", "filerRelation": "Promoter", "moneyText": "", "startDate": "2018-01-08", "ownership": "D"}, {"maxAge": 1, "shares": 160000, "filerUrl": "", "transactionText": "", "filerName": "Bansal (Naresh Kumar)", "filerRelation": "Chairman of the Board", "moneyText": "", "startDate": "2017-05-27", "ownership": "D"}, {"maxAge": 1, "shares": 75000, "filerUrl": "", "transactionText": "", "filerName": "Bansal (Kanika)", "filerRelation": "Promoter", "moneyText": "", "startDate": "2017-05-12", "ownership": "D"}, {"maxAge": 1, "shares": 150000, "filerUrl": "", "transactionText": "", "filerName": "Bansal (Krati)", "filerRelation": "Promoter", "moneyText": "", "startDate": "2017-05-12", "ownership": "D"}, {"maxAge": 1, "shares": 150000, "filerUrl": "", "transactionText": "", "filerName": "Bansal (Richi)", "filerRelation": "Director (Executive)", "moneyText": "", "startDate": "2017-05-12", "ownership": "D"}, {"maxAge": 1, "shares": 150000, "filerUrl": "", "transactionText": "", "filerName": "Bansal (Kumud)", "filerRelation": "Promoter", "moneyText": "", "startDate": "2017-05-12", "ownership": "D"}, {"maxAge": 1, "shares": 75000, "filerUrl": "", "transactionText": "", "filerName": "Bansal (Nikhil Naresh)", "filerRelation": "Executive Chairman", "moneyText": "", "startDate": "2017-05-12", "ownership": "D"}, {"maxAge": 1, "shares": 1500000, "filerUrl": "", "transactionText": "", "filerName": "Bansal (Naresh Kumar)", "filerRelation": "Executive Chairman", "moneyText": "", "startDate": "2016-07-15", "ownership": "D"}], "maxAge": 1}, "sectorTrend": {"maxAge": 1, "symbol": null, "estimates": []}, "incomeStatementHistoryQuarterly": {"incomeStatementHistory": [{"maxAge": 1, "endDate": "2020-12-31", "totalRevenue": 1539270000, "costOfRevenue": 1428134000, "grossProfit": 111136000, "researchDevelopment": {}, "sellingGeneralAdministrative": 22303000, "nonRecurring": {}, "otherOperatingExpenses": 31497000, "totalOperatingExpenses": 1494390000, "operatingIncome": 44880000, "totalOtherIncomeExpenseNet": -8295000, "ebit": 44880000, "interestExpense": -18223000, "incomeBeforeTax": 36585000, "incomeTaxExpense": 6476000, "minorityInterest": {}, "netIncomeFromContinuingOps": 30109000, "discontinuedOperations": {}, "extraordinaryItems": {}, "effectOfAccountingCharges": {}, "otherItems": {}, "netIncome": 30109000, "netIncomeApplicableToCommonShares": 30109000}, {"maxAge": 1, "endDate": "2020-09-30", "totalRevenue": 1299012000, "costOfRevenue": 1178609000, "grossProfit": 120403000, "researchDevelopment": {}, "sellingGeneralAdministrative": 19789000, "nonRecurring": {}, "otherOperatingExpenses": 46192000, "totalOperatingExpenses": 1252915000, "operatingIncome": 46097000, "totalOtherIncomeExpenseNet": -12672000, "ebit": 46097000, "interestExpense": -21504000, "incomeBeforeTax": 33425000, "incomeTaxExpense": -1123000, "minorityInterest": {}, "netIncomeFromContinuingOps": 34548000, "discontinuedOperations": {}, "extraordinaryItems": {}, "effectOfAccountingCharges": {}, "otherItems": {}, "netIncome": 34548000, "netIncomeApplicableToCommonShares": 34548000}, {"maxAge": 1, "endDate": "2020-06-30", "totalRevenue": 474472000, "costOfRevenue": 448613000, "grossProfit": 25859000, "researchDevelopment": {}, "sellingGeneralAdministrative": 13563000, "nonRecurring": {}, "otherOperatingExpenses": 17133000, "totalOperatingExpenses": 487387000, "operatingIncome": -12915000, "totalOtherIncomeExpenseNet": -8406000, "ebit": -12915000, "interestExpense": -19544000, "incomeBeforeTax": -21321000, "incomeTaxExpense": -2091000, "minorityInterest": {}, "netIncomeFromContinuingOps": -19230000, "discontinuedOperations": {}, "extraordinaryItems": {}, "effectOfAccountingCharges": {}, "otherItems": {}, "netIncome": -19230000, "netIncomeApplicableToCommonShares": -19230000}, {"maxAge": 1, "endDate": "2020-03-31", "totalRevenue": 842814000, "costOfRevenue": 760483000, "grossProfit": 82331000, "researchDevelopment": {}, "sellingGeneralAdministrative": 29437000, "nonRecurring": {}, "otherOperatingExpenses": 30454000, "totalOperatingExpenses": 828126000, "operatingIncome": 14688000, "totalOtherIncomeExpenseNet": 9274000, "ebit": 14688000, "interestExpense": -21557000, "incomeBeforeTax": 23962000, "incomeTaxExpense": 19530000, "minorityInterest": {}, "netIncomeFromContinuingOps": 4432000, "discontinuedOperations": {}, "extraordinaryItems": {}, "effectOfAccountingCharges": {}, "otherItems": {}, "netIncome": 4432000, "netIncomeApplicableToCommonShares": 4432000}], "maxAge": 86400}, "cashflowStatementHistoryQuarterly": {"cashflowStatements": [{"maxAge": 1, "endDate": "2020-12-31", "netIncome": 30109000, "changeToLiabilities": 0}, {"maxAge": 1, "endDate": "2020-09-30", "netIncome": 34548000, "changeToLiabilities": 0}, {"maxAge": 1, "endDate": "2020-06-30", "netIncome": -19230000, "changeToLiabilities": 0}, {"maxAge": 1, "endDate": "2020-03-31", "netIncome": 4432000, "changeToLiabilities": 0}], "maxAge": 86400}, "earnings": {"maxAge": 86400, "earningsChart": {"quarterly": [{"date": "3Q2017", "actual": 2.06, "estimate": 1.78}, {"date": "1Q2018", "actual": 2.33, "estimate": 1.65}, {"date": "2Q2018", "actual": 2.4, "estimate": 1.93}, {"date": "3Q2018", "actual": 0.69, "estimate": 2.44}], "currentQuarterEstimateDate": "4Q", "currentQuarterEstimateYear": 2018, "earningsDate": []}, "financialsChart": {"yearly": [{"date": 2017, "revenue": 2597258000, "earnings": 94630000}, {"date": 2018, "revenue": 3767028000, "earnings": 127155000}, {"date": 2019, "revenue": 5041461000, "earnings": 83718000}, {"date": 2020, "revenue": 3528090000, "earnings": 11627000}], "quarterly": [{"date": "1Q2020", "revenue": 842814000, "earnings": 4432000}, {"date": "2Q2020", "revenue": 474472000, "earnings": -19230000}, {"date": "3Q2020", "revenue": 1299012000, "earnings": 34548000}, {"date": "4Q2020", "revenue": 1539270000, "earnings": 30109000}]}, "financialCurrency": "INR"}, "financialData": {"maxAge": 86400, "currentPrice": 84.15, "targetHighPrice": 135.0, "targetLowPrice": 135.0, "targetMeanPrice": 135.0, "targetMedianPrice": 135.0, "recommendationKey": "none", "numberOfAnalystOpinions": 1, "totalCash": 162548992, "totalCashPerShare": 8.692, "ebitda": 145235744, "totalDebt": 798835968, "totalRevenue": 4155568128, "debtToEquity": 88.599, "revenuePerShare": 195.497, "grossProfits": 283458000, "earningsGrowth": 3.879, "revenueGrowth": 0.766, "grossMargins": 0.081750005, "ebitdaMargins": 0.03495, "operatingMargins": 0.028380001, "profitMargins": 0.012, "financialCurrency": "INR"}}}