{"RAMANEWS.NS": {"assetProfile": {"address1": "10, Abhishree Corporate Park", "address2": "Near Swagat Bunglows BRTS BusStand Ambali \u00e2\u0080\u0093 Bopal Road Ambali", "city": "Ahmedabad", "zip": "380058", "country": "India", "phone": "91 27 1729 8600", "website": "http://www.ramanewsprint.com", "industry": "Paper & Paper Products", "sector": "Basic Materials", "longBusinessSummary": "Shree Rama Newsprint Limited manufactures and sells newsprint, and writing and printing papers in India. The company also offers photocopier paper; and packaged drinking water. It also exports its products. The company was formerly known as Rama Newsprint and Papers Limited and changed its name to Shree Rama Newsprint Limited in June 2013. Shree Rama Newsprint Limited was incorporated in 1991 and is based in Ahmedabad, India.", "fullTimeEmployees": 417, "companyOfficers": [{"maxAge": 1, "name": "Mr. Siddharth Ganpatraj Chowdhary", "age": 36, "title": "Whole Time Director", "yearBorn": 1984, "fiscalYear": 2020, "totalPay": 7981000, "exercisedValue": 0, "unexercisedValue": 0}, {"maxAge": 1, "name": "Mr. Praveen Kumar Mundra", "title": "Pres of Fin., CFO, Compliance Officer & Company Sec.", "fiscalYear": 2020, "totalPay": 6314000, "exercisedValue": 0, "unexercisedValue": 0}, {"maxAge": 1, "name": "Mr. Utkarsh Bhikhoobhai Shah", "age": 60, "title": "Independent Non-Exec. Director", "yearBorn": 1960, "fiscalYear": 2020, "totalPay": 45000, "exercisedValue": 0, "unexercisedValue": 0}, {"maxAge": 1, "name": "Mr. Shyam Sunder Adak", "age": 68, "title": "Assistant VP of Technical", "yearBorn": 1952, "exercisedValue": 0, "unexercisedValue": 0}, {"maxAge": 1, "name": "Mr. Shashi Kanth Jain", "age": 61, "title": "Gen. Mang. of Sales & Marketing", "yearBorn": 1959, "exercisedValue": 0, "unexercisedValue": 0}, {"maxAge": 1, "name": "Mr. C. S. Venugopal", "age": 76, "title": "Gen. Mang. of Corp. Devel.", "yearBorn": 1944, "exercisedValue": 0, "unexercisedValue": 0}, {"maxAge": 1, "name": "Mr. Binay Kumar Surana", "age": 67, "title": "Sr. VP of Commercial", "yearBorn": 1953, "exercisedValue": 0, "unexercisedValue": 0}, {"maxAge": 1, "name": "Mr. Dinesh Chandra Agrawal", "age": 67, "title": "Joint Pres of Works", "yearBorn": 1953, "exercisedValue": 0, "unexercisedValue": 0}, {"maxAge": 1, "name": "Mr. Ashok Kumar Bhatia", "title": "Joint Pres of Works", "exercisedValue": 0, "unexercisedValue": 0}], "compensationAsOfEpochDate": "2020-12-31 05:30:00", "maxAge": 86400}, "recommendationTrend": {"trend": [{"period": "0m", "strongBuy": 0, "buy": 0, "hold": 0, "sell": 0, "strongSell": 0}, {"period": "-1m", "strongBuy": 0, "buy": 0, "hold": 0, "sell": 0, "strongSell": 0}, {"period": "-2m", "strongBuy": 0, "buy": 0, "hold": 0, "sell": 0, "strongSell": 0}, {"period": "-3m", "strongBuy": 0, "buy": 0, "hold": 0, "sell": 0, "strongSell": 0}], "maxAge": 86400}, "cashflowStatementHistory": {"cashflowStatements": [{"maxAge": 1, "endDate": "2020-03-31", "netIncome": -446371000, "depreciation": 247543000, "changeToNetincome": 321455000, "changeToAccountReceivables": -27462000, "changeToLiabilities": 51473000, "changeToInventory": 102838000, "changeToOperatingActivities": 111038000, "totalCashFromOperatingActivities": 362575000, "capitalExpenditures": -683278000, "otherCashflowsFromInvestingActivities": 31264000, "totalCashflowsFromInvestingActivities": -652014000, "netBorrowings": 571324000, "otherCashflowsFromFinancingActivities": -277657000, "totalCashFromFinancingActivities": 293667000, "changeInCash": 4228000}, {"maxAge": 1, "endDate": "2019-03-31", "netIncome": 382274000, "depreciation": 232683000, "changeToNetincome": 283113000, "changeToAccountReceivables": -56249000, "changeToLiabilities": 6461000, "changeToInventory": -295273000, "changeToOperatingActivities": -76721000, "totalCashFromOperatingActivities": 476288000, "capitalExpenditures": -426960000, "otherCashflowsFromInvestingActivities": -30233000, "totalCashflowsFromInvestingActivities": -457193000, "netBorrowings": 225659000, "otherCashflowsFromFinancingActivities": -245133000, "totalCashFromFinancingActivities": -19474000, "changeInCash": -381000}, {"maxAge": 1, "endDate": "2018-03-31", "netIncome": -299136000, "depreciation": 229882000, "changeToNetincome": 251173000, "changeToAccountReceivables": 15261000, "changeToLiabilities": -349641000, "changeToInventory": 107896000, "changeToOperatingActivities": -109425000, "totalCashFromOperatingActivities": -153990000, "capitalExpenditures": -207568000, "otherCashflowsFromInvestingActivities": 1817000, "totalCashflowsFromInvestingActivities": -205751000, "netBorrowings": 564519000, "otherCashflowsFromFinancingActivities": -209851000, "totalCashFromFinancingActivities": 354668000, "changeInCash": -5073000}, {"maxAge": 1, "endDate": "2017-03-31", "netIncome": -89039000, "depreciation": 226622000, "changeToNetincome": 88228000, "changeToAccountReceivables": 150936000, "changeToLiabilities": 80689000, "changeToInventory": -318097000, "changeToOperatingActivities": -32601000, "totalCashFromOperatingActivities": 106738000, "capitalExpenditures": -61565000, "otherCashflowsFromInvestingActivities": 32358000, "totalCashflowsFromInvestingActivities": -29207000, "netBorrowings": 98758000, "otherCashflowsFromFinancingActivities": -184289000, "totalCashFromFinancingActivities": -85531000, "changeInCash": -8000000}], "maxAge": 86400}, "indexTrend": {"maxAge": 1, "symbol": "SP5", "peRatio": 19.7411, "pegRatio": 1.34172, "estimates": [{"period": "0q", "growth": 0.549}, {"period": "+1q", "growth": 0.431}, {"period": "0y", "growth": 0.305}, {"period": "+1y", "growth": 0.109}, {"period": "+5y", "growth": 0.120865}, {"period": "-5y"}]}, "defaultKeyStatistics": {"maxAge": 1, "priceHint": 2, "enterpriseValue": 6073498112, "profitMargins": -0.40739, "floatShares": 24249684, "sharesOutstanding": 147522000, "heldPercentInsiders": 0.75762004, "heldPercentInstitutions": 0.015310001, "beta": 0.408862, "category": null, "bookValue": 24.043, "priceToBook": 0.6072454, "fundFamily": null, "legalType": null, "lastFiscalYearEnd": "2020-03-31 05:30:00", "nextFiscalYearEnd": "2022-03-31 05:30:00", "mostRecentQuarter": "2020-12-31 05:30:00", "netIncomeToCommon": -891304000, "trailingEps": -6.05, "lastSplitFactor": null, "enterpriseToRevenue": 2.776, "enterpriseToEbitda": -20.631}, "industryTrend": {"maxAge": 1, "symbol": null, "estimates": []}, "quoteType": {"exchange": "NSI", "quoteType": "EQUITY", "symbol": "RAMANEWS.NS", "underlyingSymbol": "RAMANEWS.NS", "shortName": "SHREE RAMA NEWSPRI", "longName": "Shree Rama Newsprint Limited", "firstTradeDateEpochUtc": "2002-07-01 09:15:00", "timeZoneFullName": "Asia/Kolkata", "timeZoneShortName": "IST", "uuid": "ebd4bb2a-1bbb-3faa-b70c-edecdd76dee6", "gmtOffSetMilliseconds": 19800000, "maxAge": 1}, "incomeStatementHistory": {"incomeStatementHistory": [{"maxAge": 1, "endDate": "2020-03-31", "totalRevenue": 3365327000, "costOfRevenue": 2213523000, "grossProfit": 1151804000, "researchDevelopment": {}, "sellingGeneralAdministrative": 193881000, "nonRecurring": {}, "otherOperatingExpenses": 869775000, "totalOperatingExpenses": 3526783000, "operatingIncome": -161456000, "totalOtherIncomeExpenseNet": -284915000, "ebit": -161456000, "interestExpense": -319446000, "incomeBeforeTax": -446371000, "incomeTaxExpense": 0, "minorityInterest": {}, "netIncomeFromContinuingOps": -446371000, "discontinuedOperations": {}, "extraordinaryItems": {}, "effectOfAccountingCharges": {}, "otherItems": {}, "netIncome": -446371000, "netIncomeApplicableToCommonShares": -446371000}, {"maxAge": 1, "endDate": "2019-03-31", "totalRevenue": 5038276000, "costOfRevenue": 2645769000, "grossProfit": 2392507000, "researchDevelopment": {}, "sellingGeneralAdministrative": 204910000, "nonRecurring": {}, "otherOperatingExpenses": 1211764000, "totalOperatingExpenses": 4295126000, "operatingIncome": 743150000, "totalOtherIncomeExpenseNet": -360876000, "ebit": 743150000, "interestExpense": -282372000, "incomeBeforeTax": 382274000, "incomeTaxExpense": 0, "minorityInterest": {}, "netIncomeFromContinuingOps": 382274000, "discontinuedOperations": {}, "extraordinaryItems": {}, "effectOfAccountingCharges": {}, "otherItems": {}, "netIncome": 382274000, "netIncomeApplicableToCommonShares": 382274000}, {"maxAge": 1, "endDate": "2018-03-31", "totalRevenue": 4348998000, "costOfRevenue": 2878718000, "grossProfit": 1470280000, "researchDevelopment": {}, "sellingGeneralAdministrative": 181959000, "nonRecurring": {}, "otherOperatingExpenses": 1176913000, "totalOperatingExpenses": 4467472000, "operatingIncome": -118474000, "totalOtherIncomeExpenseNet": -200963000, "ebit": -118474000, "interestExpense": -238658000, "incomeBeforeTax": -319437000, "incomeTaxExpense": -20301000, "minorityInterest": {}, "netIncomeFromContinuingOps": -299136000, "discontinuedOperations": {}, "extraordinaryItems": {}, "effectOfAccountingCharges": {}, "otherItems": {}, "netIncome": -299136000, "netIncomeApplicableToCommonShares": -299136000}, {"maxAge": 1, "endDate": "2017-03-31", "totalRevenue": 3902689000, "costOfRevenue": 2418501000, "grossProfit": 1484188000, "researchDevelopment": {}, "sellingGeneralAdministrative": 188265000, "nonRecurring": {}, "otherOperatingExpenses": 1138861000, "totalOperatingExpenses": 3972249000, "operatingIncome": -69560000, "totalOtherIncomeExpenseNet": -78552000, "ebit": -69560000, "interestExpense": -237143000, "incomeBeforeTax": -148112000, "incomeTaxExpense": -59073000, "minorityInterest": {}, "netIncomeFromContinuingOps": -89039000, "discontinuedOperations": {}, "extraordinaryItems": {}, "effectOfAccountingCharges": {}, "otherItems": {}, "netIncome": -89039000, "netIncomeApplicableToCommonShares": -89039000}], "maxAge": 86400}, "fundOwnership": {"ownershipList": [], "maxAge": 1}, "summaryDetail": {"maxAge": 1, "priceHint": 2, "previousClose": 14.8, "open": 14.95, "dayLow": 14.5, "dayHigh": 15.0, "regularMarketPreviousClose": 14.8, "regularMarketOpen": 14.95, "regularMarketDayLow": 14.5, "regularMarketDayHigh": 15.0, "payoutRatio": 0.0, "beta": 0.408862, "volume": 50391, "regularMarketVolume": 50391, "averageVolume": 163077, "averageVolume10days": 54591, "averageDailyVolume10Day": 54591, "bid": 0.0, "ask": 0.0, "bidSize": 0, "askSize": 0, "marketCap": 2146550400, "fiftyTwoWeekLow": 10.35, "fiftyTwoWeekHigh": 20.4, "priceToSalesTrailing12Months": 0.98113173, "fiftyDayAverage": 15.847059, "twoHundredDayAverage": 14.492199, "currency": "INR", "fromCurrency": null, "lastMarket": null, "algorithm": null, "tradeable": false}, "insiderHolders": {"holders": [{"maxAge": 1, "name": "Bangur (Shashi Devi)", "relation": "Promoter", "url": "", "transactionDescription": "Sale", "latestTransDate": "2015-05-21", "positionDirect": 0, "positionDirectDate": "2015-05-21"}, {"maxAge": 1, "name": "Bangur (Shree Kumar)", "relation": "Promoter", "url": "", "transactionDescription": "Sale", "latestTransDate": "2015-05-21", "positionDirect": 0, "positionDirectDate": "2015-05-21"}, {"maxAge": 1, "name": "Bangur (Virendra)", "relation": "Promoter", "url": "", "transactionDescription": "Sale", "latestTransDate": "2015-05-21", "positionDirect": 0, "positionDirectDate": "2015-05-21"}, {"maxAge": 1, "name": "Diamond Company Ltd", "relation": "Promoter", "url": "", "transactionDescription": "Sale", "latestTransDate": "2015-05-21", "positionDirect": 0, "positionDirectDate": "2015-05-21"}, {"maxAge": 1, "name": "Indo Gulf Enterprises Ltd", "relation": "Promoter", "url": "", "transactionDescription": "Sale", "latestTransDate": "2015-05-21", "positionDirect": 0, "positionDirectDate": "2015-05-21"}, {"maxAge": 1, "name": "Riddhi Siddhi Gluco Biols, Ltd.", "relation": "Promoter", "url": "", "transactionDescription": "Other", "latestTransDate": "2020-06-24", "positionDirect": 110290547, "positionDirectDate": "2020-06-24"}, {"maxAge": 1, "name": "Shree Satyanarayan Investments Company Ltd", "relation": "Promoter", "url": "", "transactionDescription": "Sale", "latestTransDate": "2015-05-21", "positionDirect": 0, "positionDirectDate": "2015-05-21"}, {"maxAge": 1, "name": "Soumya Trade & Fiscal Services Pvt Ltd", "relation": "Promoter", "url": "", "transactionDescription": "Sale", "latestTransDate": "2015-05-21", "positionDirect": 0, "positionDirectDate": "2015-05-21"}, {"maxAge": 1, "name": "Veer Enterprises Ltd", "relation": "Promoter", "url": "", "transactionDescription": "Sale", "latestTransDate": "2015-05-21", "positionDirect": 0, "positionDirectDate": "2015-05-21"}, {"maxAge": 1, "name": "West Coast Paper Mills Ltd", "relation": "Promoter", "url": "", "transactionDescription": "Sale", "latestTransDate": "2015-05-21", "positionDirect": 0, "positionDirectDate": "2015-05-21"}], "maxAge": 1}, "calendarEvents": {"maxAge": 1, "earnings": {"earningsDate": []}}, "upgradeDowngradeHistory": {"history": [], "maxAge": 86400}, "price": {"maxAge": 1, "regularMarketChangePercent": -0.013513501, "regularMarketChange": -0.19999981, "regularMarketTime": "2021-04-30 15:29:50", "priceHint": 2, "regularMarketPrice": 14.6, "regularMarketDayHigh": 15.0, "regularMarketDayLow": 14.5, "regularMarketVolume": 50391, "averageDailyVolume10Day": 54591, "averageDailyVolume3Month": 163077, "regularMarketPreviousClose": 14.8, "regularMarketSource": "FREE_REALTIME", "regularMarketOpen": 14.95, "exchange": "NSI", "exchangeName": "NSE", "exchangeDataDelayedBy": 15, "marketState": "CLOSED", "quoteType": "EQUITY", "symbol": "RAMANEWS.NS", "underlyingSymbol": null, "shortName": "SHREE RAMA NEWSPRI", "longName": "Shree Rama Newsprint Limited", "currency": "INR", "quoteSourceName": "Delayed Quote", "currencySymbol": "\u20b9", "fromCurrency": null, "lastMarket": null, "marketCap": 2146550400}, "balanceSheetHistory": {"balanceSheetStatements": [{"maxAge": 1, "endDate": "2020-03-31", "cash": 6022000, "netReceivables": 840467000, "inventory": 723545000, "otherCurrentAssets": 10742000, "totalCurrentAssets": 1589353000, "longTermInvestments": 201000, "propertyPlantEquipment": 7252552000, "intangibleAssets": 3620000, "otherAssets": 66916000, "totalAssets": 8912642000, "accountsPayable": 673411000, "shortLongTermDebt": 161822000, "otherCurrentLiab": 155294000, "longTermDebt": 1015650000, "otherLiab": 59532000, "totalCurrentLiabilities": 3785526000, "totalLiab": 4860708000, "commonStock": 1475220000, "retainedEarnings": 1481329000, "treasuryStock": 1095385000, "otherStockholderEquity": 1095385000, "totalStockholderEquity": 4051934000, "netTangibleAssets": 4048314000}, {"maxAge": 1, "endDate": "2019-03-31", "cash": 1794000, "shortTermInvestments": 461000, "netReceivables": 760701000, "inventory": 826384000, "otherCurrentAssets": 39566000, "totalCurrentAssets": 1644446000, "longTermInvestments": 410000, "propertyPlantEquipment": 6816816000, "intangibleAssets": 5681000, "otherAssets": 165475000, "totalAssets": 8632828000, "accountsPayable": 621937000, "shortLongTermDebt": 127052000, "otherCurrentLiab": 108381000, "longTermDebt": 1102340000, "otherLiab": 49036000, "totalCurrentLiabilities": 2980195000, "totalLiab": 4131571000, "commonStock": 1475220000, "retainedEarnings": 1930652000, "treasuryStock": 1095385000, "otherStockholderEquity": 1095385000, "totalStockholderEquity": 4501257000, "netTangibleAssets": 4495576000}, {"maxAge": 1, "endDate": "2018-03-31", "cash": 2175000, "netReceivables": 654421000, "inventory": 531111000, "otherCurrentAssets": 19710000, "totalCurrentAssets": 1213894000, "longTermInvestments": 585000, "propertyPlantEquipment": 6620483000, "intangibleAssets": 7736000, "otherAssets": 82909000, "totalAssets": 7925607000, "accountsPayable": 618165000, "shortLongTermDebt": 126081000, "otherCurrentLiab": 64020000, "longTermDebt": 1189661000, "otherLiab": 47339000, "totalCurrentLiabilities": 2567826000, "totalLiab": 3804826000, "commonStock": 1475220000, "retainedEarnings": 1550176000, "treasuryStock": 1095385000, "otherStockholderEquity": 1095385000, "totalStockholderEquity": 4120781000, "netTangibleAssets": 4113045000}, {"maxAge": 1, "endDate": "2017-03-31", "cash": 7248000, "netReceivables": 587497000, "inventory": 641433000, "otherCurrentAssets": 31857000, "totalCurrentAssets": 1279641000, "longTermInvestments": 585000, "propertyPlantEquipment": 6640743000, "intangibleAssets": 9791000, "otherAssets": 50498000, "totalAssets": 7981258000, "accountsPayable": 955966000, "shortLongTermDebt": 118981000, "otherCurrentLiab": 70208000, "longTermDebt": 1279539000, "otherLiab": 68635000, "totalCurrentLiabilities": 2214771000, "totalLiab": 3562945000, "commonStock": 1475220000, "retainedEarnings": 1847708000, "treasuryStock": 1095385000, "otherStockholderEquity": 1095385000, "totalStockholderEquity": 4418313000, "netTangibleAssets": 4408522000}], "maxAge": 86400}, "earningsTrend": {"trend": [{"maxAge": 1, "period": "0q", "endDate": null, "growth": {}, "earningsEstimate": {"avg": 0.0, "low": 0.0, "high": 0.0, "yearAgoEps": {}, "numberOfAnalysts": 0, "growth": {}}, "revenueEstimate": {"avg": 0, "low": 0, "high": 0, "numberOfAnalysts": 0, "yearAgoRevenue": {}, "growth": {}}, "epsTrend": {"current": 0.0, "7daysAgo": 0.0, "30daysAgo": 0.0, "60daysAgo": 0.0, "90daysAgo": 0.0}, "epsRevisions": {"upLast7days": 0, "upLast30days": 0, "downLast30days": 0, "downLast90days": {}}}, {"maxAge": 1, "period": "+1q", "endDate": null, "growth": {}, "earningsEstimate": {"avg": 0.0, "low": 0.0, "high": 0.0, "yearAgoEps": {}, "numberOfAnalysts": 0, "growth": {}}, "revenueEstimate": {"avg": 0, "low": 0, "high": 0, "numberOfAnalysts": 0, "yearAgoRevenue": {}, "growth": {}}, "epsTrend": {"current": 0.0, "7daysAgo": 0.0, "30daysAgo": 0.0, "60daysAgo": 0.0, "90daysAgo": 0.0}, "epsRevisions": {"upLast7days": 0, "upLast30days": 0, "downLast30days": 0, "downLast90days": {}}}, {"maxAge": 1, "period": "0y", "endDate": null, "growth": {}, "earningsEstimate": {"avg": 0.0, "low": 0.0, "high": 0.0, "yearAgoEps": {}, "numberOfAnalysts": 0, "growth": {}}, "revenueEstimate": {"avg": 0, "low": 0, "high": 0, "numberOfAnalysts": 0, "yearAgoRevenue": {}, "growth": {}}, "epsTrend": {"current": 0.0, "7daysAgo": 0.0, "30daysAgo": 0.0, "60daysAgo": 0.0, "90daysAgo": 0.0}, "epsRevisions": {"upLast7days": 0, "upLast30days": 0, "downLast30days": 0, "downLast90days": {}}}, {"maxAge": 1, "period": "+1y", "endDate": null, "growth": {}, "earningsEstimate": {"avg": 0.0, "low": 0.0, "high": 0.0, "yearAgoEps": {}, "numberOfAnalysts": 0, "growth": {}}, "revenueEstimate": {"avg": 0, "low": 0, "high": 0, "numberOfAnalysts": 0, "yearAgoRevenue": {}, "growth": {}}, "epsTrend": {"current": 0.0, "7daysAgo": 0.0, "30daysAgo": 0.0, "60daysAgo": 0.0, "90daysAgo": 0.0}, "epsRevisions": {"upLast7days": 0, "upLast30days": 0, "downLast30days": 0, "downLast90days": {}}}, {"maxAge": 1, "period": "+5y", "endDate": null, "growth": {}, "earningsEstimate": {"avg": {}, "low": {}, "high": {}, "yearAgoEps": {}, "numberOfAnalysts": {}, "growth": {}}, "revenueEstimate": {"avg": {}, "low": {}, "high": {}, "numberOfAnalysts": {}, "yearAgoRevenue": {}, "growth": {}}, "epsTrend": {"current": {}, "7daysAgo": {}, "30daysAgo": {}, "60daysAgo": {}, "90daysAgo": {}}, "epsRevisions": {"upLast7days": {}, "upLast30days": {}, "downLast30days": {}, "downLast90days": {}}}, {"maxAge": 1, "period": "-5y", "endDate": null, "growth": {}, "earningsEstimate": {"avg": {}, "low": {}, "high": {}, "yearAgoEps": {}, "numberOfAnalysts": {}, "growth": {}}, "revenueEstimate": {"avg": {}, "low": {}, "high": {}, "numberOfAnalysts": {}, "yearAgoRevenue": {}, "growth": {}}, "epsTrend": {"current": {}, "7daysAgo": {}, "30daysAgo": {}, "60daysAgo": {}, "90daysAgo": {}}, "epsRevisions": {"upLast7days": {}, "upLast30days": {}, "downLast30days": {}, "downLast90days": {}}}], "maxAge": 1}, "institutionOwnership": {"ownershipList": [], "maxAge": 1}, "majorHoldersBreakdown": {"maxAge": 1, "insidersPercentHeld": 0.75762004, "institutionsPercentHeld": 0.015310001, "institutionsFloatPercentHeld": 0.06316, "institutionsCount": 2}, "balanceSheetHistoryQuarterly": {"balanceSheetStatements": [{"maxAge": 1, "endDate": "2020-12-31", "totalStockholderEquity": 3553242000, "netTangibleAssets": 3550652000}, {"maxAge": 1, "endDate": "2020-09-30", "cash": 1553000, "netReceivables": 186419000, "inventory": 752936000, "otherCurrentAssets": 511587000, "totalCurrentAssets": 1452495000, "longTermInvestments": 241000, "propertyPlantEquipment": 7182767000, "intangibleAssets": 2590000, "otherAssets": 39028000, "totalAssets": 8677121000, "accountsPayable": 686178000, "otherCurrentLiab": 480274000, "longTermDebt": 1007313000, "otherLiab": 62091000, "totalCurrentLiabilities": 4054475000, "totalLiab": 5123879000, "commonStock": 1475220000, "treasuryStock": 2078022000, "otherStockholderEquity": 2078022000, "totalStockholderEquity": 3553242000, "netTangibleAssets": 3550652000}, {"maxAge": 1, "endDate": "2020-06-30", "totalStockholderEquity": 4051934000, "netTangibleAssets": 4048314000}, {"maxAge": 1, "endDate": "2020-03-31", "cash": 6022000, "netReceivables": 840467000, "inventory": 723545000, "otherCurrentAssets": 10742000, "totalCurrentAssets": 1589353000, "longTermInvestments": 201000, "propertyPlantEquipment": 7252552000, "intangibleAssets": 3620000, "otherAssets": 66916000, "totalAssets": 8912642000, "accountsPayable": 673411000, "shortLongTermDebt": 161822000, "otherCurrentLiab": 155294000, "longTermDebt": 1015650000, "otherLiab": 59532000, "totalCurrentLiabilities": 3785526000, "totalLiab": 4860708000, "commonStock": 1475220000, "retainedEarnings": 1481329000, "treasuryStock": 1095385000, "otherStockholderEquity": 1095385000, "totalStockholderEquity": 4051934000, "netTangibleAssets": 4048314000}], "maxAge": 86400}, "earningsHistory": {"history": [{"maxAge": 1, "epsActual": {}, "epsEstimate": {}, "epsDifference": {}, "surprisePercent": {}, "quarter": {}, "period": "-4q"}, {"maxAge": 1, "epsActual": {}, "epsEstimate": {}, "epsDifference": {}, "surprisePercent": {}, "quarter": {}, "period": "-3q"}, {"maxAge": 1, "epsActual": {}, "epsEstimate": {}, "epsDifference": {}, "surprisePercent": {}, "quarter": {}, "period": "-2q"}, {"maxAge": 1, "epsActual": {}, "epsEstimate": {}, "epsDifference": {}, "surprisePercent": {}, "quarter": {}, "period": "-1q"}], "maxAge": 86400}, "summaryProfile": {"address1": "10, Abhishree Corporate Park", "address2": "Near Swagat Bunglows BRTS BusStand Ambali \u00e2\u0080\u0093 Bopal Road Ambali", "city": "Ahmedabad", "zip": "380058", "country": "India", "phone": "91 27 1729 8600", "website": "http://www.ramanewsprint.com", "industry": "Paper & Paper Products", "sector": "Basic Materials", "longBusinessSummary": "Shree Rama Newsprint Limited manufactures and sells newsprint, and writing and printing papers in India. The company also offers photocopier paper; and packaged drinking water. It also exports its products. The company was formerly known as Rama Newsprint and Papers Limited and changed its name to Shree Rama Newsprint Limited in June 2013. Shree Rama Newsprint Limited was incorporated in 1991 and is based in Ahmedabad, India.", "fullTimeEmployees": 417, "companyOfficers": [], "maxAge": 86400}, "netSharePurchaseActivity": {"maxAge": 1, "period": "6m", "buyInfoCount": 0, "buyInfoShares": 0, "sellInfoCount": 0, "netInfoCount": 0, "netInfoShares": 0, "netPercentInsiderShares": 0.0, "totalInsiderShares": 112052000}, "insiderTransactions": {"transactions": [{"maxAge": 1, "shares": 7600000, "filerUrl": "", "transactionText": "", "filerName": "Riddhi Siddhi Gluco Biols, Ltd.", "filerRelation": "Promoter", "moneyText": "", "startDate": "2020-06-24", "ownership": "D"}, {"maxAge": 1, "shares": 300000, "filerUrl": "", "transactionText": "", "filerName": "Riddhi Siddhi Gluco Biols, Ltd.", "filerRelation": "Promoter", "moneyText": "", "startDate": "2019-09-27", "ownership": "D"}, {"maxAge": 1, "shares": 7330000, "filerUrl": "", "transactionText": "", "filerName": "Riddhi Siddhi Gluco Biols, Ltd.", "filerRelation": "Promoter", "moneyText": "", "startDate": "2019-09-27", "ownership": "D"}, {"maxAge": 1, "shares": 67382870, "filerUrl": "", "transactionText": "", "filerName": "Riddhi Siddhi Gluco Biols, Ltd.", "filerRelation": "Promoter", "moneyText": "", "startDate": "2018-10-16", "ownership": "D"}, {"maxAge": 1, "shares": 1583248, "filerUrl": "", "transactionText": "", "filerName": "Veer Enterprises Ltd", "filerRelation": "Promoter", "moneyText": "", "startDate": "2015-05-21", "ownership": "D"}, {"maxAge": 1, "shares": 715015, "filerUrl": "", "transactionText": "", "filerName": "Soumya Trade & Fiscal Services Pvt Ltd", "filerRelation": "Promoter", "moneyText": "", "startDate": "2015-05-21", "ownership": "D"}, {"maxAge": 1, "shares": 1327885, "filerUrl": "", "transactionText": "", "filerName": "Bangur (Shree Kumar)", "filerRelation": "Promoter", "moneyText": "", "startDate": "2015-05-21", "ownership": "D"}, {"maxAge": 1, "shares": 1492645, "filerUrl": "", "transactionText": "", "filerName": "Shree Satyanarayan Investments Company Ltd", "filerRelation": "Promoter", "moneyText": "", "startDate": "2015-05-21", "ownership": "D"}, {"maxAge": 1, "shares": 245352, "filerUrl": "", "transactionText": "", "filerName": "Bangur (Virendra)", "filerRelation": "Promoter", "moneyText": "", "startDate": "2015-05-21", "ownership": "D"}, {"maxAge": 1, "shares": 564850, "filerUrl": "", "transactionText": "", "filerName": "Indo Gulf Enterprises Ltd", "filerRelation": "Promoter", "moneyText": "", "startDate": "2015-05-21", "ownership": "D"}, {"maxAge": 1, "shares": 540348, "filerUrl": "", "transactionText": "", "filerName": "Diamond Company Ltd", "filerRelation": "Promoter", "moneyText": "", "startDate": "2015-05-21", "ownership": "D"}, {"maxAge": 1, "shares": 28277677, "filerUrl": "", "transactionText": "", "filerName": "Riddhi Siddhi Gluco Biols, Ltd.", "filerRelation": "Institution- Corporation", "moneyText": "", "startDate": "2015-05-21", "ownership": "D"}, {"maxAge": 1, "shares": 25015, "filerUrl": "", "transactionText": "", "filerName": "Bangur (Shashi Devi)", "filerRelation": "Promoter", "moneyText": "", "startDate": "2015-05-21", "ownership": "D"}, {"maxAge": 1, "shares": 21124791, "filerUrl": "", "transactionText": "", "filerName": "West Coast Paper Mills Ltd", "filerRelation": "Promoter", "moneyText": "", "startDate": "2015-05-21", "ownership": "D"}, {"maxAge": 1, "shares": 581326, "filerUrl": "", "transactionText": "", "filerName": "Orbit Udyog Pvt Ltd", "filerRelation": "Promoter", "moneyText": "", "startDate": "2015-05-21", "ownership": "D"}, {"maxAge": 1, "shares": 246839, "filerUrl": "", "transactionText": "", "filerName": "Narang (Ramesh Kumar Rochiram)", "filerRelation": "Promoter", "moneyText": "", "startDate": "2015-05-21", "ownership": "D"}, {"maxAge": 1, "shares": 52558, "filerUrl": "", "transactionText": "", "filerName": "Bangur (Saurabh)", "filerRelation": "Promoter", "moneyText": "", "startDate": "2015-05-21", "ownership": "D"}, {"maxAge": 1, "shares": 60725, "filerUrl": "", "transactionText": "", "filerName": "Kumar (Rangnath Shree)", "filerRelation": "Promoter", "moneyText": "", "startDate": "2015-05-21", "ownership": "D"}, {"maxAge": 1, "shares": 528769, "filerUrl": "", "transactionText": "", "filerName": "Indra Company Ltd", "filerRelation": "Promoter", "moneyText": "", "startDate": "2015-05-21", "ownership": "D"}, {"maxAge": 1, "shares": 20186, "filerUrl": "", "transactionText": "", "filerName": "Gold Mohore Investment Company Ltd", "filerRelation": "Promoter", "moneyText": "", "startDate": "2015-04-07", "ownership": "D"}, {"maxAge": 1, "shares": 29814, "filerUrl": "", "transactionText": "", "filerName": "Gold Mohore Investment Company Ltd", "filerRelation": "Promoter", "moneyText": "", "startDate": "2015-04-06", "ownership": "D"}, {"maxAge": 1, "shares": 56435, "filerUrl": "", "transactionText": "", "filerName": "Gold Mohore Investment Company Ltd", "filerRelation": "Promoter", "moneyText": "", "startDate": "2015-03-18", "ownership": "D"}, {"maxAge": 1, "shares": 100000, "filerUrl": "", "transactionText": "", "filerName": "Gold Mohore Investment Company Ltd", "filerRelation": "Promoter", "moneyText": "", "startDate": "2015-03-17", "ownership": "D"}, {"maxAge": 1, "shares": 100000, "filerUrl": "", "transactionText": "", "filerName": "Gold Mohore Investment Company Ltd", "filerRelation": "Promoter", "moneyText": "", "startDate": "2015-03-12", "ownership": "D"}, {"maxAge": 1, "shares": 194655, "filerUrl": "", "transactionText": "", "filerName": "Prism Impex Pvt Ltd", "filerRelation": "Institution- Corporation", "moneyText": "", "startDate": "2010-01-05", "ownership": "D"}], "maxAge": 1}, "sectorTrend": {"maxAge": 1, "symbol": null, "estimates": []}, "incomeStatementHistoryQuarterly": {"incomeStatementHistory": [{"maxAge": 1, "endDate": "2020-12-31", "totalRevenue": 539664000, "costOfRevenue": 389711000, "grossProfit": 149953000, "researchDevelopment": {}, "sellingGeneralAdministrative": 47878000, "nonRecurring": {}, "otherOperatingExpenses": 232842000, "totalOperatingExpenses": 740984000, "operatingIncome": -201320000, "totalOtherIncomeExpenseNet": -87085000, "ebit": -201320000, "interestExpense": -88607000, "incomeBeforeTax": -288405000, "incomeTaxExpense": 0, "minorityInterest": {}, "netIncomeFromContinuingOps": -288405000, "discontinuedOperations": {}, "extraordinaryItems": {}, "effectOfAccountingCharges": {}, "otherItems": {}, "netIncome": -288405000, "netIncomeApplicableToCommonShares": -288405000}, {"maxAge": 1, "endDate": "2020-09-30", "totalRevenue": 269565000, "costOfRevenue": 232065000, "grossProfit": 37500000, "researchDevelopment": {}, "sellingGeneralAdministrative": 43719000, "nonRecurring": {}, "otherOperatingExpenses": 131169000, "totalOperatingExpenses": 471938000, "operatingIncome": -202373000, "totalOtherIncomeExpenseNet": -87291000, "ebit": -202373000, "interestExpense": -89170000, "incomeBeforeTax": -289664000, "incomeTaxExpense": 0, "minorityInterest": {}, "netIncomeFromContinuingOps": -289664000, "discontinuedOperations": {}, "extraordinaryItems": {}, "effectOfAccountingCharges": {}, "otherItems": {}, "netIncome": -289664000, "netIncomeApplicableToCommonShares": -289664000}, {"maxAge": 1, "endDate": "2020-06-30", "totalRevenue": 447188000, "costOfRevenue": 258008000, "grossProfit": 189180000, "researchDevelopment": {}, "sellingGeneralAdministrative": 47567000, "nonRecurring": {}, "otherOperatingExpenses": 190278000, "totalOperatingExpenses": 560353000, "operatingIncome": -113165000, "totalOtherIncomeExpenseNet": -94530000, "ebit": -113165000, "interestExpense": -95035000, "incomeBeforeTax": -207695000, "incomeTaxExpense": 0, "minorityInterest": {}, "netIncomeFromContinuingOps": -207695000, "discontinuedOperations": {}, "extraordinaryItems": {}, "effectOfAccountingCharges": {}, "otherItems": {}, "netIncome": -207695000, "netIncomeApplicableToCommonShares": -207695000}, {"maxAge": 1, "endDate": "2020-03-31", "totalRevenue": 906917000, "costOfRevenue": 672771000, "grossProfit": 234146000, "researchDevelopment": {}, "sellingGeneralAdministrative": 39243000, "nonRecurring": {}, "otherOperatingExpenses": 191488000, "totalOperatingExpenses": 967615000, "operatingIncome": -60698000, "totalOtherIncomeExpenseNet": -44842000, "ebit": -60698000, "interestExpense": -79373000, "incomeBeforeTax": -105540000, "incomeTaxExpense": 0, "minorityInterest": {}, "netIncomeFromContinuingOps": -105540000, "discontinuedOperations": {}, "extraordinaryItems": {}, "effectOfAccountingCharges": {}, "otherItems": {}, "netIncome": -105540000, "netIncomeApplicableToCommonShares": -105540000}], "maxAge": 86400}, "cashflowStatementHistoryQuarterly": {"cashflowStatements": [{"maxAge": 1, "endDate": "2020-12-31", "netIncome": -288405000, "changeToLiabilities": 0}, {"maxAge": 1, "endDate": "2020-09-30", "netIncome": -289664000, "changeToLiabilities": 0}, {"maxAge": 1, "endDate": "2020-06-30", "netIncome": -207695000, "changeToLiabilities": 0}, {"maxAge": 1, "endDate": "2020-03-31", "netIncome": -105540000, "changeToLiabilities": 0}], "maxAge": 86400}, "earnings": {"maxAge": 86400, "earningsChart": {"quarterly": [], "earningsDate": []}, "financialsChart": {"yearly": [{"date": 2017, "revenue": 3902689000, "earnings": -89039000}, {"date": 2018, "revenue": 4348998000, "earnings": -299136000}, {"date": 2019, "revenue": 5038276000, "earnings": 382274000}, {"date": 2020, "revenue": 3365327000, "earnings": -446371000}], "quarterly": [{"date": "1Q2020", "revenue": 906917000, "earnings": -105540000}, {"date": "2Q2020", "revenue": 447188000, "earnings": -207695000}, {"date": "3Q2020", "revenue": 269565000, "earnings": -289664000}, {"date": "4Q2020", "revenue": 539664000, "earnings": -288405000}]}, "financialCurrency": "INR"}, "financialData": {"maxAge": 86400, "currentPrice": 14.6, "recommendationKey": "none", "totalCash": 1553000, "totalCashPerShare": 0.011, "ebitda": -294391008, "totalDebt": 3886130944, "totalRevenue": 2187831040, "debtToEquity": 109.368, "revenuePerShare": 14.84, "grossProfits": 1151804000, "revenueGrowth": -0.443, "grossMargins": 0.29037002, "ebitdaMargins": -0.13456, "operatingMargins": -0.25280002, "profitMargins": -0.40739, "financialCurrency": "INR"}}}