{"RAMAPHO.BO": {"recommendationTrend": {"trend": [{"period": "0m", "strongBuy": 0, "buy": 0, "hold": 0, "sell": 0, "strongSell": 0}, {"period": "-1m", "strongBuy": 0, "buy": 0, "hold": 0, "sell": 0, "strongSell": 0}, {"period": "-2m", "strongBuy": 0, "buy": 0, "hold": 0, "sell": 0, "strongSell": 0}, {"period": "-3m", "strongBuy": 0, "buy": 0, "hold": 0, "sell": 0, "strongSell": 0}], "maxAge": 86400}, "cashflowStatementHistory": {"cashflowStatements": [{"maxAge": 1, "endDate": "2020-03-31", "netIncome": 176721000, "depreciation": 37902000, "changeToNetincome": -1583000, "changeToAccountReceivables": 80943000, "changeToLiabilities": 29753000, "changeToInventory": -88521000, "changeToOperatingActivities": 23961000, "totalCashFromOperatingActivities": 260472000, "capitalExpenditures": -211860000, "otherCashflowsFromInvestingActivities": 5340000, "totalCashflowsFromInvestingActivities": -206137000, "dividendsPaid": -21304000, "otherCashflowsFromFinancingActivities": -29714000, "totalCashFromFinancingActivities": -51018000, "changeInCash": 3317000}, {"maxAge": 1, "endDate": "2019-03-31", "netIncome": 193899000, "depreciation": 31201000, "changeToNetincome": 94995000, "changeToAccountReceivables": -14827000, "changeToLiabilities": 70875000, "changeToInventory": -128837000, "changeToOperatingActivities": -40381000, "totalCashFromOperatingActivities": 206925000, "capitalExpenditures": -122054000, "otherCashflowsFromInvestingActivities": 6519000, "totalCashflowsFromInvestingActivities": -115492000, "dividendsPaid": -17683000, "otherCashflowsFromFinancingActivities": -74002000, "totalCashFromFinancingActivities": -91685000, "changeInCash": -252000}, {"maxAge": 1, "endDate": "2018-03-31", "netIncome": 53916000, "depreciation": 32309000, "changeToNetincome": 69865000, "changeToAccountReceivables": 175585000, "changeToLiabilities": -171508000, "changeToInventory": -199066000, "changeToOperatingActivities": 170968000, "totalCashFromOperatingActivities": 132069000, "capitalExpenditures": -32156000, "otherCashflowsFromInvestingActivities": 7014000, "totalCashflowsFromInvestingActivities": -25042000, "dividendsPaid": -21679000, "otherCashflowsFromFinancingActivities": -77445000, "totalCashFromFinancingActivities": -99124000, "changeInCash": 7903000}, {"maxAge": 1, "endDate": "2017-03-31", "netIncome": 85013000, "depreciation": 33828000, "changeToNetincome": 76617000, "changeToAccountReceivables": 36803000, "changeToLiabilities": 51134000, "changeToInventory": -110462000, "changeToOperatingActivities": -50848000, "totalCashFromOperatingActivities": 122085000, "capitalExpenditures": -21067000, "investments": -312000, "otherCashflowsFromInvestingActivities": 7473000, "totalCashflowsFromInvestingActivities": -13806000, "dividendsPaid": -16760000, "otherCashflowsFromFinancingActivities": -83189000, "totalCashFromFinancingActivities": -99949000, "changeInCash": 8330000}], "maxAge": 86400}, "institutionOwnership": {"ownershipList": [], "maxAge": 1}, "balanceSheetHistoryQuarterly": {"balanceSheetStatements": [{"maxAge": 1, "endDate": "2020-06-30", "totalStockholderEquity": 1660887000, "netTangibleAssets": 1660887000}, {"maxAge": 1, "endDate": "2020-03-31", "cash": 3528000, "netReceivables": 1024286000, "inventory": 1068075000, "otherCurrentAssets": 233367000, "totalCurrentAssets": 2335716000, "longTermInvestments": 5772000, "propertyPlantEquipment": 620473000, "intangibleAssets": 5186000, "otherAssets": 22612000, "totalAssets": 2989759000, "accountsPayable": 848760000, "shortLongTermDebt": 230000, "otherCurrentLiab": 176158000, "longTermDebt": 961000, "otherLiab": 31851000, "totalCurrentLiabilities": 1296060000, "totalLiab": 1328872000, "commonStock": 176743000, "retainedEarnings": 754599000, "treasuryStock": 317110000, "capitalSurplus": 412435000, "otherStockholderEquity": 317110000, "totalStockholderEquity": 1660887000, "netTangibleAssets": 1655701000}, {"maxAge": 1, "endDate": "2019-12-31", "totalStockholderEquity": 1592631000, "netTangibleAssets": 1592631000}, {"maxAge": 1, "endDate": "2019-09-30", "cash": 70796000, "shortTermInvestments": 63136000, "netReceivables": 1076872000, "inventory": 785287000, "otherCurrentAssets": 191040000, "totalCurrentAssets": 2187131000, "longTermInvestments": 35411000, "propertyPlantEquipment": 495825000, "otherAssets": 10523000, "totalAssets": 2728890000, "accountsPayable": 678830000, "otherCurrentLiab": 298044000, "otherLiab": 54831000, "totalCurrentLiabilities": 1081428000, "totalLiab": 1136259000, "commonStock": 176743000, "treasuryStock": 1415888000, "otherStockholderEquity": 1415888000, "totalStockholderEquity": 1592631000, "netTangibleAssets": 1592631000}], "maxAge": 86400}, "earningsHistory": {"history": [{"maxAge": 1, "epsActual": {}, "epsEstimate": {}, "epsDifference": {}, "surprisePercent": {}, "quarter": {}, "period": "-4q"}, {"maxAge": 1, "epsActual": {}, "epsEstimate": {}, "epsDifference": {}, "surprisePercent": {}, "quarter": {}, "period": "-3q"}, {"maxAge": 1, "epsActual": {}, "epsEstimate": {}, "epsDifference": {}, "surprisePercent": {}, "quarter": {}, "period": "-2q"}, {"maxAge": 1, "epsActual": {}, "epsEstimate": {}, "epsDifference": {}, "surprisePercent": {}, "quarter": {}, "period": "-1q"}], "maxAge": 86400}, "indexTrend": {"maxAge": 1, "symbol": "SP5", "peRatio": 19.7411, "pegRatio": 1.34172, "estimates": [{"period": "0q", "growth": 0.549}, {"period": "+1q", "growth": 0.431}, {"period": "0y", "growth": 0.305}, {"period": "+1y", "growth": 0.109}, {"period": "+5y", "growth": 0.120859005}, {"period": "-5y"}]}, "industryTrend": {"maxAge": 1, "symbol": null, "estimates": []}, "insiderTransactions": {"transactions": [{"maxAge": 1, "shares": 251300, "filerUrl": "", "transactionText": "", "filerName": "Indo Us Investments Inc", "filerRelation": "Promoter", "moneyText": "", "startDate": "2016-11-18", "ownership": "D"}, {"maxAge": 1, "shares": 254560, "filerUrl": "", "transactionText": "", "filerName": "Indus Investments Inc", "filerRelation": "Promoter", "moneyText": "", "startDate": "2016-11-18", "ownership": "D"}, {"maxAge": 1, "shares": 9543895, "filerUrl": "", "transactionText": "", "filerName": "NRI Investors Inc", "filerRelation": "Promoter", "moneyText": "", "startDate": "2016-11-18", "ownership": "D"}, {"maxAge": 1, "shares": 10049755, "filerUrl": "", "transactionText": "", "filerName": "Silver Eagle, Inc.", "filerRelation": "Promoter", "moneyText": "", "startDate": "2016-11-18", "ownership": "D"}, {"maxAge": 1, "shares": 937691, "filerUrl": "", "transactionText": "", "filerName": "Jupiter Corporate Services Pvt Ltd", "filerRelation": "UNREPORTED", "moneyText": "", "startDate": "2016-09-14", "ownership": "D"}, {"maxAge": 1, "shares": 937691, "filerUrl": "", "transactionText": "", "filerName": "Ramsinghani (Lajwanti D)", "filerRelation": "UNREPORTED", "moneyText": "", "startDate": "2016-09-14", "ownership": "D"}, {"maxAge": 1, "shares": 775000, "filerUrl": "", "transactionText": "", "filerName": "Jupiter Corporate Services Pvt Ltd", "filerRelation": "Institution- Corporation", "moneyText": "", "startDate": "2016-08-26", "ownership": "D"}, {"maxAge": 1, "shares": 775000, "filerUrl": "", "transactionText": "", "filerName": "Ramsinghani (Lajwanti D)", "filerRelation": "Promoter", "moneyText": "", "startDate": "2016-08-26", "ownership": "D"}, {"maxAge": 1, "shares": 1678269, "filerUrl": "", "transactionText": "", "filerName": "Ramsinghani (Lajwanti D)", "filerRelation": "Promoter", "moneyText": "", "startDate": "2014-09-09", "ownership": "D"}, {"maxAge": 1, "shares": 334658, "filerUrl": "", "transactionText": "", "filerName": "Ramsinghani (Nilanjana H)", "filerRelation": "Promoter", "moneyText": "", "startDate": "2014-09-09", "ownership": "D"}, {"maxAge": 1, "shares": 1343611, "filerUrl": "", "transactionText": "", "filerName": "Ramsinghani (Pooja)", "filerRelation": "Promoter", "moneyText": "", "startDate": "2014-09-09", "ownership": "D"}, {"maxAge": 1, "shares": 1143500, "filerUrl": "", "transactionText": "", "filerName": "Ramsinghani (Pooja)", "filerRelation": "Promoter", "moneyText": "", "startDate": "2013-06-03", "ownership": "D"}, {"maxAge": 1, "shares": 1506666, "filerUrl": "", "transactionText": "", "filerName": "Jupiter Corporate Services Pvt Ltd", "filerRelation": "Institution- Corporation", "moneyText": "", "startDate": "2010-09-04", "ownership": "D"}, {"maxAge": 1, "shares": 1505121, "filerUrl": "", "transactionText": "", "filerName": "NRI Investors Inc", "filerRelation": "Institution- Corporation", "moneyText": "", "startDate": "2010-09-04", "ownership": "D"}], "maxAge": 1}, "quoteType": {"exchange": "BSE", "quoteType": "EQUITY", "symbol": "RAMAPHO.BO", "underlyingSymbol": "RAMAPHO.BO", "shortName": "RAMA PHOSPHATES LTD.", "longName": "Rama Phosphates Limited", "firstTradeDateEpochUtc": "2000-01-03 09:15:00", "timeZoneFullName": "Asia/Kolkata", "timeZoneShortName": "IST", "uuid": "b68c616b-4741-3fa1-96a2-d3d25121dfc3", "gmtOffSetMilliseconds": 19800000, "maxAge": 1}, "incomeStatementHistory": {"incomeStatementHistory": [{"maxAge": 1, "endDate": "2020-03-31", "totalRevenue": 4484342000, "costOfRevenue": 3112185000, "grossProfit": 1372157000, "researchDevelopment": {}, "sellingGeneralAdministrative": 262560000, "nonRecurring": {}, "otherOperatingExpenses": 834714000, "totalOperatingExpenses": 4248583000, "operatingIncome": 235759000, "totalOtherIncomeExpenseNet": -17385000, "ebit": 235759000, "interestExpense": -21129000, "incomeBeforeTax": 218374000, "incomeTaxExpense": 41653000, "minorityInterest": {}, "netIncomeFromContinuingOps": 176721000, "discontinuedOperations": {}, "extraordinaryItems": {}, "effectOfAccountingCharges": {}, "otherItems": {}, "netIncome": 176721000, "netIncomeApplicableToCommonShares": 176721000}, {"maxAge": 1, "endDate": "2019-03-31", "totalRevenue": 6066621000, "costOfRevenue": 4492393000, "grossProfit": 1574228000, "researchDevelopment": {}, "sellingGeneralAdministrative": 232767000, "nonRecurring": {}, "otherOperatingExpenses": 914569000, "totalOperatingExpenses": 5670858000, "operatingIncome": 395763000, "totalOtherIncomeExpenseNet": -90511000, "ebit": 395763000, "interestExpense": -54424000, "incomeBeforeTax": 305252000, "incomeTaxExpense": 111353000, "minorityInterest": {}, "netIncomeFromContinuingOps": 193899000, "discontinuedOperations": {}, "extraordinaryItems": {}, "effectOfAccountingCharges": {}, "otherItems": {}, "netIncome": 193899000, "netIncomeApplicableToCommonShares": 193899000}, {"maxAge": 1, "endDate": "2018-03-31", "totalRevenue": 3728746000, "costOfRevenue": 2528050000, "grossProfit": 1200696000, "researchDevelopment": {}, "sellingGeneralAdministrative": 208186000, "nonRecurring": {}, "otherOperatingExpenses": 820767000, "totalOperatingExpenses": 3589312000, "operatingIncome": 139434000, "totalOtherIncomeExpenseNet": -58001000, "ebit": 139434000, "interestExpense": -62705000, "incomeBeforeTax": 81433000, "incomeTaxExpense": 27517000, "minorityInterest": {}, "netIncomeFromContinuingOps": 53916000, "discontinuedOperations": {}, "extraordinaryItems": {}, "effectOfAccountingCharges": {}, "otherItems": {}, "netIncome": 53916000, "netIncomeApplicableToCommonShares": 53916000}, {"maxAge": 1, "endDate": "2017-03-31", "totalRevenue": 3738809000, "costOfRevenue": 2498414000, "grossProfit": 1240395000, "researchDevelopment": {}, "sellingGeneralAdministrative": 193726000, "nonRecurring": {}, "otherOperatingExpenses": 840103000, "totalOperatingExpenses": 3566000000, "operatingIncome": 172809000, "totalOtherIncomeExpenseNet": -46885000, "ebit": 172809000, "interestExpense": -71587000, "incomeBeforeTax": 125924000, "incomeTaxExpense": 40911000, "minorityInterest": {}, "netIncomeFromContinuingOps": 85013000, "discontinuedOperations": {}, "extraordinaryItems": {}, "effectOfAccountingCharges": {}, "otherItems": {}, "netIncome": 85013000, "netIncomeApplicableToCommonShares": 85013000}], "maxAge": 86400}, "fundOwnership": {"ownershipList": [], "maxAge": 1}, "summaryDetail": {"maxAge": 1, "priceHint": 2, "previousClose": 131.3, "open": 130.45, "dayLow": 127.25, "dayHigh": 132.95, "regularMarketPreviousClose": 131.3, "regularMarketOpen": 130.45, "regularMarketDayLow": 127.25, "regularMarketDayHigh": 132.95, "trailingPE": 12.187233, "volume": 103239, "regularMarketVolume": 103239, "averageVolume": 23065, "averageVolume10days": 34339, "averageDailyVolume10Day": 34339, "bid": 128.2, "ask": 128.5, "bidSize": 0, "askSize": 0, "marketCap": 2266499072, "fiftyTwoWeekLow": 21.55, "fiftyTwoWeekHigh": 132.95, "fiftyDayAverage": 90.68485, "twoHundredDayAverage": 69.41691, "trailingAnnualDividendRate": 1.0, "trailingAnnualDividendYield": 0.007616146, "currency": "INR", "fromCurrency": null, "lastMarket": null, "algorithm": null, "tradeable": false}, "sectorTrend": {"maxAge": 1, "symbol": null, "estimates": []}, "incomeStatementHistoryQuarterly": {"incomeStatementHistory": [{"maxAge": 1, "endDate": "2020-06-30", "totalRevenue": 1052717000, "costOfRevenue": 644195000, "grossProfit": 408522000, "researchDevelopment": {}, "sellingGeneralAdministrative": 192609000, "nonRecurring": {}, "otherOperatingExpenses": 112250000, "totalOperatingExpenses": 959627000, "operatingIncome": 93090000, "totalOtherIncomeExpenseNet": -2906000, "ebit": 93090000, "interestExpense": -5240000, "incomeBeforeTax": 90184000, "incomeTaxExpense": 24498000, "minorityInterest": {}, "netIncomeFromContinuingOps": 65686000, "discontinuedOperations": {}, "extraordinaryItems": {}, "effectOfAccountingCharges": {}, "otherItems": {}, "netIncome": 65686000, "netIncomeApplicableToCommonShares": 65686000}, {"maxAge": 1, "endDate": "2020-03-31", "totalRevenue": 966174000, "costOfRevenue": 676719000, "grossProfit": 289455000, "researchDevelopment": {}, "sellingGeneralAdministrative": -231142000, "nonRecurring": {}, "otherOperatingExpenses": 448111000, "totalOperatingExpenses": 905084000, "operatingIncome": 61090000, "totalOtherIncomeExpenseNet": -26625000, "ebit": 61090000, "interestExpense": -5240000, "incomeBeforeTax": 34465000, "incomeTaxExpense": 9432000, "minorityInterest": {}, "netIncomeFromContinuingOps": 25033000, "discontinuedOperations": {}, "extraordinaryItems": {}, "effectOfAccountingCharges": {}, "otherItems": {}, "netIncome": 25033000, "netIncomeApplicableToCommonShares": 25033000}, {"maxAge": 1, "endDate": "2019-12-31", "totalRevenue": 1165751000, "costOfRevenue": 780100000, "grossProfit": 385651000, "researchDevelopment": {}, "sellingGeneralAdministrative": 160114000, "nonRecurring": {}, "otherOperatingExpenses": 142169000, "totalOperatingExpenses": 1091846000, "operatingIncome": 73905000, "totalOtherIncomeExpenseNet": -1504000, "ebit": 73905000, "interestExpense": -2694000, "incomeBeforeTax": 72401000, "incomeTaxExpense": 4245000, "minorityInterest": {}, "netIncomeFromContinuingOps": 68156000, "discontinuedOperations": {}, "extraordinaryItems": {}, "effectOfAccountingCharges": {}, "otherItems": {}, "netIncome": 68156000, "netIncomeApplicableToCommonShares": 68156000}, {"maxAge": 1, "endDate": "2019-09-30", "totalRevenue": 1241112000, "costOfRevenue": 881067000, "grossProfit": 360045000, "researchDevelopment": {}, "sellingGeneralAdministrative": 157254000, "nonRecurring": {}, "otherOperatingExpenses": 139248000, "totalOperatingExpenses": 1187112000, "operatingIncome": 54000000, "totalOtherIncomeExpenseNet": -8123000, "ebit": 54000000, "interestExpense": -9557000, "incomeBeforeTax": 45877000, "incomeTaxExpense": 18082000, "minorityInterest": {}, "netIncomeFromContinuingOps": 27795000, "discontinuedOperations": {}, "extraordinaryItems": {}, "effectOfAccountingCharges": {}, "otherItems": {}, "netIncome": 27795000, "netIncomeApplicableToCommonShares": 27795000}], "maxAge": 86400}, "cashflowStatementHistoryQuarterly": {"cashflowStatements": [{"maxAge": 1, "endDate": "2020-06-30", "netIncome": 65686000, "changeToLiabilities": 0}, {"maxAge": 1, "endDate": "2020-03-31", "netIncome": 25033000, "changeToLiabilities": 0}, {"maxAge": 1, "endDate": "2019-12-31", "netIncome": 68156000, "changeToLiabilities": 0}, {"maxAge": 1, "endDate": "2019-09-30", "netIncome": 27795000, "changeToLiabilities": 0}], "maxAge": 86400}, "insiderHolders": {"holders": [{"maxAge": 1, "name": "Indo Us Investments Inc", "relation": "Promoter", "url": "", "transactionDescription": "Other", "latestTransDate": "2016-11-18", "positionDirect": 0, "positionDirectDate": "2016-11-18"}, {"maxAge": 1, "name": "Indus Investments Inc", "relation": "Promoter", "url": "", "transactionDescription": "Other", "latestTransDate": "2016-11-18", "positionDirect": 0, "positionDirectDate": "2016-11-18"}, {"maxAge": 1, "name": "Jupiter Corporate Services Pvt Ltd", "relation": "UNREPORTED", "url": "", "transactionDescription": "Acquisition", "latestTransDate": "2016-09-14", "positionDirect": 3219387, "positionDirectDate": "2016-09-14"}, {"maxAge": 1, "name": "NRI Investors Inc", "relation": "Promoter", "url": "", "transactionDescription": "Other", "latestTransDate": "2016-11-18", "positionDirect": 0, "positionDirectDate": "2016-11-18"}, {"maxAge": 1, "name": "Ramsinghani (Lajwanti D)", "relation": "UNREPORTED", "url": "", "transactionDescription": "Sale", "latestTransDate": "2016-09-14", "positionDirectDate": "2016-09-14"}, {"maxAge": 1, "name": "Ramsinghani (Nilanjana H)", "relation": "Promoter", "url": "", "transactionDescription": "Other", "latestTransDate": "2014-09-09", "positionDirect": 0, "positionDirectDate": "2014-09-09"}, {"maxAge": 1, "name": "Ramsinghani (Pooja)", "relation": "Promoter", "url": "", "transactionDescription": "Other", "latestTransDate": "2014-09-09", "positionDirect": 0, "positionDirectDate": "2014-09-09"}, {"maxAge": 1, "name": "Silver Eagle, Inc.", "relation": "Promoter", "url": "", "transactionDescription": "Other", "latestTransDate": "2016-11-18", "positionDirect": 10049755, "positionDirectDate": "2016-11-18"}], "maxAge": 1}, "earnings": {"maxAge": 86400, "earningsChart": {"quarterly": [], "earningsDate": ["2020-08-08 05:30:S"]}, "financialsChart": {"yearly": [{"date": 2017, "revenue": 3738809000, "earnings": 85013000}, {"date": 2018, "revenue": 3728746000, "earnings": 53916000}, {"date": 2019, "revenue": 6066621000, "earnings": 193899000}, {"date": 2020, "revenue": 4484342000, "earnings": 176721000}], "quarterly": [{"date": "3Q2019", "revenue": 1241112000, "earnings": 27795000}, {"date": "4Q2019", "revenue": 1165751000, "earnings": 68156000}, {"date": "1Q2020", "revenue": 966174000, "earnings": 25033000}, {"date": "2Q2020", "revenue": 1052717000, "earnings": 65686000}]}, "financialCurrency": "INR"}, "calendarEvents": {"maxAge": 1, "earnings": {"earningsDate": ["2020-08-08 05:30:S"]}}, "upgradeDowngradeHistory": {"history": [], "maxAge": 86400}, "price": {"maxAge": 1, "regularMarketChangePercent": -0.024371646, "regularMarketChange": -3.199997, "regularMarketTime": "2021-04-30 15:29:52", "priceHint": 2, "regularMarketPrice": 128.1, "regularMarketDayHigh": 132.95, "regularMarketDayLow": 127.25, "regularMarketVolume": 103239, "averageDailyVolume10Day": 34339, "averageDailyVolume3Month": 23065, "regularMarketPreviousClose": 131.3, "regularMarketSource": "FREE_REALTIME", "regularMarketOpen": 130.45, "exchange": "BSE", "exchangeName": "BSE", "exchangeDataDelayedBy": 0, "marketState": "CLOSED", "quoteType": "EQUITY", "symbol": "RAMAPHO.BO", "underlyingSymbol": null, "shortName": "RAMA PHOSPHATES LTD.", "longName": "Rama Phosphates Limited", "currency": "INR", "quoteSourceName": "Delayed Quote", "currencySymbol": "\u20b9", "fromCurrency": null, "lastMarket": null, "marketCap": 2266499072}, "balanceSheetHistory": {"balanceSheetStatements": [{"maxAge": 1, "endDate": "2020-03-31", "cash": 3528000, "netReceivables": 1024286000, "inventory": 1068075000, "otherCurrentAssets": 233367000, "totalCurrentAssets": 2335716000, "longTermInvestments": 5772000, "propertyPlantEquipment": 620473000, "intangibleAssets": 5186000, "otherAssets": 22612000, "totalAssets": 2989759000, "accountsPayable": 848760000, "shortLongTermDebt": 230000, "otherCurrentLiab": 176158000, "longTermDebt": 961000, "otherLiab": 31851000, "totalCurrentLiabilities": 1296060000, "totalLiab": 1328872000, "commonStock": 176743000, "retainedEarnings": 754599000, "treasuryStock": 317110000, "capitalSurplus": 412435000, "otherStockholderEquity": 317110000, "totalStockholderEquity": 1660887000, "netTangibleAssets": 1655701000}, {"maxAge": 1, "endDate": "2019-03-31", "cash": 1669000, "shortTermInvestments": 87220000, "netReceivables": 1286864000, "inventory": 979554000, "otherCurrentAssets": 166910000, "totalCurrentAssets": 2438535000, "longTermInvestments": 3418000, "propertyPlantEquipment": 453151000, "otherAssets": 26565000, "totalAssets": 2921669000, "accountsPayable": 819007000, "shortLongTermDebt": 392000, "otherCurrentLiab": 244757000, "longTermDebt": 1172000, "otherLiab": 42180000, "totalCurrentLiabilities": 1365634000, "totalLiab": 1408986000, "commonStock": 176743000, "retainedEarnings": 599173000, "treasuryStock": 324332000, "capitalSurplus": 412435000, "otherStockholderEquity": 324332000, "totalStockholderEquity": 1512683000, "netTangibleAssets": 1512683000}, {"maxAge": 1, "endDate": "2018-03-31", "cash": 1651000, "netReceivables": 1388266000, "inventory": 850717000, "otherCurrentAssets": 157286000, "totalCurrentAssets": 2405388000, "longTermInvestments": 2385000, "propertyPlantEquipment": 362376000, "otherAssets": 21504000, "totalAssets": 2791653000, "accountsPayable": 748132000, "shortLongTermDebt": 1206000, "otherCurrentLiab": 155981000, "longTermDebt": 4568000, "otherLiab": 47358000, "totalCurrentLiabilities": 1398267000, "totalLiab": 1450193000, "commonStock": 176743000, "retainedEarnings": 424768000, "treasuryStock": 327514000, "capitalSurplus": 412435000, "otherStockholderEquity": 327514000, "totalStockholderEquity": 1341460000, "netTangibleAssets": 1341460000}, {"maxAge": 1, "endDate": "2017-03-31", "cash": 2510000, "netReceivables": 1869539000, "inventory": 651651000, "otherCurrentAssets": 78080000, "totalCurrentAssets": 2607194000, "longTermInvestments": 16654000, "propertyPlantEquipment": 362559000, "otherAssets": 24265000, "totalAssets": 3010672000, "accountsPayable": 919640000, "shortLongTermDebt": 5625000, "otherCurrentLiab": 170267000, "longTermDebt": 4192000, "otherLiab": 48939000, "totalCurrentLiabilities": 1655190000, "totalLiab": 1708321000, "commonStock": 176743000, "retainedEarnings": 391334000, "treasuryStock": 321839000, "capitalSurplus": 412435000, "otherStockholderEquity": 321839000, "totalStockholderEquity": 1302351000, "netTangibleAssets": 1302351000}], "maxAge": 86400}, "earningsTrend": {"trend": [{"maxAge": 1, "period": "0q", "endDate": null, "growth": {}, "earningsEstimate": {"avg": 0.0, "low": 0.0, "high": 0.0, "yearAgoEps": {}, "numberOfAnalysts": 0, "growth": {}}, "revenueEstimate": {"avg": 0, "low": 0, "high": 0, "numberOfAnalysts": 0, "yearAgoRevenue": {}, "growth": {}}, "epsTrend": {"current": 0.0, "7daysAgo": 0.0, "30daysAgo": 0.0, "60daysAgo": 0.0, "90daysAgo": 0.0}, "epsRevisions": {"upLast7days": 0, "upLast30days": 0, "downLast30days": 0, "downLast90days": {}}}, {"maxAge": 1, "period": "+1q", "endDate": null, "growth": {}, "earningsEstimate": {"avg": 0.0, "low": 0.0, "high": 0.0, "yearAgoEps": {}, "numberOfAnalysts": 0, "growth": {}}, "revenueEstimate": {"avg": 0, "low": 0, "high": 0, "numberOfAnalysts": 0, "yearAgoRevenue": {}, "growth": {}}, "epsTrend": {"current": 0.0, "7daysAgo": 0.0, "30daysAgo": 0.0, "60daysAgo": 0.0, "90daysAgo": 0.0}, "epsRevisions": {"upLast7days": 0, "upLast30days": 0, "downLast30days": 0, "downLast90days": {}}}, {"maxAge": 1, "period": "0y", "endDate": null, "growth": {}, "earningsEstimate": {"avg": 0.0, "low": 0.0, "high": 0.0, "yearAgoEps": {}, "numberOfAnalysts": 0, "growth": {}}, "revenueEstimate": {"avg": 0, "low": 0, "high": 0, "numberOfAnalysts": 0, "yearAgoRevenue": {}, "growth": {}}, "epsTrend": {"current": 0.0, "7daysAgo": 0.0, "30daysAgo": 0.0, "60daysAgo": 0.0, "90daysAgo": 0.0}, "epsRevisions": {"upLast7days": 0, "upLast30days": 0, "downLast30days": 0, "downLast90days": {}}}, {"maxAge": 1, "period": "+1y", "endDate": null, "growth": {}, "earningsEstimate": {"avg": 0.0, "low": 0.0, "high": 0.0, "yearAgoEps": {}, "numberOfAnalysts": 0, "growth": {}}, "revenueEstimate": {"avg": 0, "low": 0, "high": 0, "numberOfAnalysts": 0, "yearAgoRevenue": {}, "growth": {}}, "epsTrend": {"current": 0.0, "7daysAgo": 0.0, "30daysAgo": 0.0, "60daysAgo": 0.0, "90daysAgo": 0.0}, "epsRevisions": {"upLast7days": 0, "upLast30days": 0, "downLast30days": 0, "downLast90days": {}}}, {"maxAge": 1, "period": "+5y", "endDate": null, "growth": {}, "earningsEstimate": {"avg": {}, "low": {}, "high": {}, "yearAgoEps": {}, "numberOfAnalysts": {}, "growth": {}}, "revenueEstimate": {"avg": {}, "low": {}, "high": {}, "numberOfAnalysts": {}, "yearAgoRevenue": {}, "growth": {}}, "epsTrend": {"current": {}, "7daysAgo": {}, "30daysAgo": {}, "60daysAgo": {}, "90daysAgo": {}}, "epsRevisions": {"upLast7days": {}, "upLast30days": {}, "downLast30days": {}, "downLast90days": {}}}, {"maxAge": 1, "period": "-5y", "endDate": null, "growth": {}, "earningsEstimate": {"avg": {}, "low": {}, "high": {}, "yearAgoEps": {}, "numberOfAnalysts": {}, "growth": {}}, "revenueEstimate": {"avg": {}, "low": {}, "high": {}, "numberOfAnalysts": {}, "yearAgoRevenue": {}, "growth": {}}, "epsTrend": {"current": {}, "7daysAgo": {}, "30daysAgo": {}, "60daysAgo": {}, "90daysAgo": {}}, "epsRevisions": {"upLast7days": {}, "upLast30days": {}, "downLast30days": {}, "downLast90days": {}}}], "maxAge": 1}, "financialData": {"maxAge": 86400, "currentPrice": 128.1, "recommendationMean": 2.0, "recommendationKey": "buy", "grossProfits": 1372157000, "financialCurrency": "INR"}}}