{"RAMCOIND.NS": {"assetProfile": {"address1": "Auras Corporate Centre", "address2": "6th Floor 98-A, Dr. Radhakrishnan Road Mylapore", "city": "Chennai", "zip": "600004", "country": "India", "phone": "91 44 2847 8585", "fax": "91 44 2847 8597", "website": "http://www.ramcoindltd.com", "industry": "Building Products & Equipment", "sector": "Industrials", "longBusinessSummary": "Ramco Industries Limited engages in the building product, textile, and power generation businesses in India. It offers fiber cement roofing sheets and calcium silicate boards; and various accessories and metal framing products. The company also provides design and material consultancy, project execution, site quality assurance, and dry construction methods training services; and invests in securities. In addition, it operates 15 wind mills with an installed capacity of 16.73 MW in Tirunelveli and Coimbatore Districts of Tamil Nadu; Chitradurga and Hassan Districts in Karnataka; and Kutch District in Gujarat. Ramco Industries Limited was incorporated in 1965 and is headquartered in Chennai, India.", "fullTimeEmployees": 1293, "companyOfficers": [{"maxAge": 1, "name": "Mr. Prem G. Shanker B.Tech., M.S.", "age": 57, "title": "Chief Exec. Officer", "yearBorn": 1963, "fiscalYear": 2020, "totalPay": 23835875, "exercisedValue": 0, "unexercisedValue": 0}, {"maxAge": 1, "name": "Mr. Poosapadi Venketrama Raja Abinav Ramasubramaniam Raja B.Sc., (Indl. Engg.)", "age": 26, "title": "MD & Whole Time Director", "yearBorn": 1994, "fiscalYear": 2020, "totalPay": 200000, "exercisedValue": 0, "unexercisedValue": 0}, {"maxAge": 1, "name": "Mr. K.  Sankaranarayanan", "age": 53, "title": "Chief Financial Officer", "yearBorn": 1967, "fiscalYear": 2020, "totalPay": 6926621, "exercisedValue": 0, "unexercisedValue": 0}, {"maxAge": 1, "name": "Mr. S.  Balamurugasundaram", "title": "Compliance Officer, Legal Head & Company Sec.", "fiscalYear": 2020, "totalPay": 3084682, "exercisedValue": 0, "unexercisedValue": 0}, {"maxAge": 1, "name": "T. A. Ravichandran", "age": 49, "title": "Sr. Gen. Mang. of Taxation & Accounts", "yearBorn": 1971, "exercisedValue": 0, "unexercisedValue": 0}, {"maxAge": 1, "name": "G.  Rangarajan", "age": 60, "title": "VP of Technical", "yearBorn": 1960, "exercisedValue": 0, "unexercisedValue": 0}, {"maxAge": 1, "name": "P.  Narayanswamy B.Com., M.B.A.", "age": 51, "title": "VP of Marketing", "yearBorn": 1969, "exercisedValue": 0, "unexercisedValue": 0}, {"maxAge": 1, "name": "Sambasivam  Srinivas B.Sc.", "age": 54, "title": "VP of Marketing & Sales", "yearBorn": 1966, "exercisedValue": 0, "unexercisedValue": 0}], "compensationAsOfEpochDate": "2020-12-31 05:30:00", "maxAge": 86400}, "recommendationTrend": {"trend": [{"period": "0m", "strongBuy": 0, "buy": 0, "hold": 0, "sell": 0, "strongSell": 0}, {"period": "-1m", "strongBuy": 0, "buy": 0, "hold": 0, "sell": 0, "strongSell": 0}, {"period": "-2m", "strongBuy": 0, "buy": 0, "hold": 0, "sell": 0, "strongSell": 0}, {"period": "-3m", "strongBuy": 0, "buy": 0, "hold": 0, "sell": 0, "strongSell": 0}], "maxAge": 86400}, "cashflowStatementHistory": {"cashflowStatements": [{"maxAge": 1, "endDate": "2020-03-31", "netIncome": 1695298000, "depreciation": 288688000, "changeToNetincome": -1030746000, "changeToAccountReceivables": 106534000, "changeToLiabilities": 193845000, "changeToInventory": -703686000, "changeToOperatingActivities": -209263000, "totalCashFromOperatingActivities": 361332000, "capitalExpenditures": -730669000, "investments": -247128000, "otherCashflowsFromInvestingActivities": 279790000, "totalCashflowsFromInvestingActivities": -627555000, "dividendsPaid": -86664000, "netBorrowings": 502549000, "otherCashflowsFromFinancingActivities": -148575000, "totalCashFromFinancingActivities": 267310000, "changeInCash": 1087000}, {"maxAge": 1, "endDate": "2019-03-31", "netIncome": 1723505000, "depreciation": 275785000, "changeToNetincome": -662451000, "changeToAccountReceivables": -50929000, "changeToLiabilities": -11001000, "changeToInventory": -22767000, "changeToOperatingActivities": -386946000, "totalCashFromOperatingActivities": 884325000, "capitalExpenditures": -492425000, "investments": -99996000, "otherCashflowsFromInvestingActivities": 255922000, "totalCashflowsFromInvestingActivities": -329033000, "dividendsPaid": -43330000, "netBorrowings": -162359000, "otherCashflowsFromFinancingActivities": -151099000, "totalCashFromFinancingActivities": -356788000, "changeInCash": 198504000}, {"maxAge": 1, "endDate": "2018-03-31", "netIncome": 1760228000, "depreciation": 269089000, "changeToNetincome": -752804000, "changeToAccountReceivables": -178474000, "changeToLiabilities": -126751000, "changeToInventory": 573480000, "changeToOperatingActivities": -297289000, "totalCashFromOperatingActivities": 1258039000, "capitalExpenditures": -334134000, "investments": 265000, "otherCashflowsFromInvestingActivities": 267821000, "totalCashflowsFromInvestingActivities": 125669000, "dividendsPaid": -43330000, "netBorrowings": -1235961000, "otherCashflowsFromFinancingActivities": -219435000, "totalCashFromFinancingActivities": -1498726000, "changeInCash": -115018000}, {"maxAge": 1, "endDate": "2017-03-31", "netIncome": 2047596000, "depreciation": 259131000, "changeToNetincome": -1022460000, "changeToAccountReceivables": 5130000, "changeToLiabilities": -101450000, "changeToInventory": -482647000, "changeToOperatingActivities": -241887000, "totalCashFromOperatingActivities": 467594000, "capitalExpenditures": -430846000, "investments": 126547000, "otherCashflowsFromInvestingActivities": 206898000, "totalCashflowsFromInvestingActivities": -85608000, "dividendsPaid": -43330000, "netBorrowings": -115407000, "otherCashflowsFromFinancingActivities": -359991000, "totalCashFromFinancingActivities": -475398000, "changeInCash": -93412000}], "maxAge": 86400}, "indexTrend": {"maxAge": 1, "symbol": "SP5", "peRatio": 19.7411, "pegRatio": 1.34172, "estimates": [{"period": "0q", "growth": 0.549}, {"period": "+1q", "growth": 0.431}, {"period": "0y", "growth": 0.305}, {"period": "+1y", "growth": 0.109}, {"period": "+5y", "growth": 0.120865}, {"period": "-5y"}]}, "defaultKeyStatistics": {"maxAge": 1, "priceHint": 2, "enterpriseValue": 22078957568, "profitMargins": 0.2226, "floatShares": 29765603, "sharesOutstanding": 86663104, "heldPercentInsiders": 0.55151004, "heldPercentInstitutions": 0.06111, "beta": 1.255824, "category": null, "bookValue": 401.102, "priceToBook": 0.70430964, "fundFamily": null, "legalType": null, "lastFiscalYearEnd": "2020-03-31 05:30:00", "nextFiscalYearEnd": "2022-03-31 05:30:00", "mostRecentQuarter": "2020-12-31 05:30:00", "earningsQuarterlyGrowth": 1.862, "netIncomeToCommon": 2451697920, "trailingEps": 29.355, "forwardEps": 32.3, "lastSplitFactor": "2:1", "lastSplitDate": "2009-09-14 05:30:00", "enterpriseToRevenue": 2.005, "enterpriseToEbitda": 13.113}, "industryTrend": {"maxAge": 1, "symbol": null, "estimates": []}, "quoteType": {"exchange": "NSI", "quoteType": "EQUITY", "symbol": "RAMCOIND.NS", "underlyingSymbol": "RAMCOIND.NS", "shortName": "RAMCO INDUSTRIES", "longName": "Ramco Industries Limited", "firstTradeDateEpochUtc": "2002-07-01 09:15:00", "timeZoneFullName": "Asia/Kolkata", "timeZoneShortName": "IST", "uuid": "7b598c0b-e166-344d-b1e8-3913708ec3a0", "gmtOffSetMilliseconds": 19800000, "maxAge": 1}, "incomeStatementHistory": {"incomeStatementHistory": [{"maxAge": 1, "endDate": "2020-03-31", "totalRevenue": 9740507000, "costOfRevenue": 5464155000, "grossProfit": 4276352000, "researchDevelopment": {}, "sellingGeneralAdministrative": 1164188000, "nonRecurring": {}, "otherOperatingExpenses": 2076749000, "totalOperatingExpenses": 9012440000, "operatingIncome": 728067000, "totalOtherIncomeExpenseNet": 1311397000, "ebit": 728067000, "interestExpense": -114302000, "incomeBeforeTax": 2039464000, "incomeTaxExpense": 344166000, "minorityInterest": {}, "netIncomeFromContinuingOps": 1695298000, "discontinuedOperations": {}, "extraordinaryItems": {}, "effectOfAccountingCharges": {}, "otherItems": {}, "netIncome": 1695298000, "netIncomeApplicableToCommonShares": 1695298000}, {"maxAge": 1, "endDate": "2019-03-31", "totalRevenue": 10364955000, "costOfRevenue": 5891872000, "grossProfit": 4473083000, "researchDevelopment": {}, "sellingGeneralAdministrative": 1095920000, "nonRecurring": {}, "otherOperatingExpenses": 2094094000, "totalOperatingExpenses": 9375228000, "operatingIncome": 989727000, "totalOtherIncomeExpenseNet": 1060542000, "ebit": 989727000, "interestExpense": -124310000, "incomeBeforeTax": 2050269000, "incomeTaxExpense": 326764000, "minorityInterest": {}, "netIncomeFromContinuingOps": 1723505000, "discontinuedOperations": {}, "extraordinaryItems": {}, "effectOfAccountingCharges": {}, "otherItems": {}, "netIncome": 1723505000, "netIncomeApplicableToCommonShares": 1723505000}, {"maxAge": 1, "endDate": "2018-03-31", "totalRevenue": 9320503000, "costOfRevenue": 5427713000, "grossProfit": 3892790000, "researchDevelopment": {}, "sellingGeneralAdministrative": 890678000, "nonRecurring": {}, "otherOperatingExpenses": 1824857000, "totalOperatingExpenses": 8420696000, "operatingIncome": 899807000, "totalOtherIncomeExpenseNet": 1192373000, "ebit": 899807000, "interestExpense": -190478000, "incomeBeforeTax": 2092180000, "incomeTaxExpense": 331952000, "minorityInterest": {}, "netIncomeFromContinuingOps": 1760228000, "discontinuedOperations": {}, "extraordinaryItems": {}, "effectOfAccountingCharges": {}, "otherItems": {}, "netIncome": 1760228000, "netIncomeApplicableToCommonShares": 1760228000}, {"maxAge": 1, "endDate": "2017-03-31", "totalRevenue": 8807515000, "costOfRevenue": 5252162000, "grossProfit": 3555353000, "researchDevelopment": {}, "sellingGeneralAdministrative": 865577000, "nonRecurring": {}, "otherOperatingExpenses": 1501948000, "totalOperatingExpenses": 7881425000, "operatingIncome": 926090000, "totalOtherIncomeExpenseNet": 1362901000, "ebit": 926090000, "interestExpense": -212272000, "incomeBeforeTax": 2288991000, "incomeTaxExpense": 241395000, "minorityInterest": {}, "netIncomeFromContinuingOps": 2047596000, "discontinuedOperations": {}, "extraordinaryItems": {}, "effectOfAccountingCharges": {}, "otherItems": {}, "netIncome": 2047596000, "netIncomeApplicableToCommonShares": 2047596000}], "maxAge": 86400}, "fundOwnership": {"ownershipList": [{"maxAge": 1, "reportDate": "2021-01-31", "organization": "DFA Emerging Markets Core Equity Portfolio", "pctHeld": 0.002, "position": 170553, "value": 38988415}, {"maxAge": 1, "reportDate": "2021-01-31", "organization": "DFA Emerging Markets Small Cap Series", "pctHeld": 0.0018000001, "position": 158036, "value": 36127029}, {"maxAge": 1, "reportDate": "2021-01-31", "organization": "DFA Investment Dimensions-DFA Emerging Mkts Value", "pctHeld": 0.0014, "position": 118646, "value": 27122475}, {"maxAge": 1, "reportDate": "2021-01-31", "organization": "DFA Investment Dimensions-Emerging Markets Social Core Equity", "pctHeld": 0.0002, "position": 17140, "value": 3918204}, {"maxAge": 1, "reportDate": "2021-01-31", "organization": "DFA Investment Dimensions-World Ex U.S. Core Equity Port", "pctHeld": 0.0002, "position": 13704, "value": 3132734}, {"maxAge": 1, "reportDate": "2021-01-31", "organization": "DFA Investment Dimensions-DFA Emerging Markets Targeted Value Port", "pctHeld": 0.0001, "position": 6510, "value": 1488186}], "maxAge": 1}, "summaryDetail": {"maxAge": 1, "priceHint": 2, "previousClose": 262.4, "open": 262.95, "dayLow": 260.0, "dayHigh": 286.0, "regularMarketPreviousClose": 262.4, "regularMarketOpen": 262.95, "regularMarketDayLow": 260.0, "regularMarketDayHigh": 286.0, "dividendRate": 1.5, "dividendYield": 0.0057, "exDividendDate": "2021-03-22 05:30:00", "payoutRatio": 0.017, "beta": 1.255824, "trailingPE": 9.623573, "forwardPE": 8.74613, "volume": 559612, "regularMarketVolume": 559612, "averageVolume": 132415, "averageVolume10days": 29358, "averageDailyVolume10Day": 29358, "bid": 0.0, "ask": 0.0, "bidSize": 0, "askSize": 0, "marketCap": 24468314112, "fiftyTwoWeekLow": 104.6, "fiftyTwoWeekHigh": 286.0, "priceToSalesTrailing12Months": 2.2216036, "fiftyDayAverage": 256.7897, "twoHundredDayAverage": 220.37234, "trailingAnnualDividendRate": 0.5, "trailingAnnualDividendYield": 0.0019054879, "currency": "INR", "fromCurrency": null, "lastMarket": null, "algorithm": null, "tradeable": false}, "insiderHolders": {"holders": [{"maxAge": 1, "name": "Deepa (Saradha)", "relation": "Promoter", "url": "", "transactionDescription": "Gift", "latestTransDate": "2019-06-17", "positionDirect": 5263655, "positionDirectDate": "2019-06-17"}, {"maxAge": 1, "name": "Githalakshmi (N S)", "relation": "UNREPORTED", "url": "", "transactionDescription": "Sale", "latestTransDate": "2019-06-17", "positionDirect": 20000, "positionDirectDate": "2019-06-17"}, {"maxAge": 1, "name": "Nirmala (P V)", "relation": "Promoter", "url": "", "transactionDescription": "Gift", "latestTransDate": "2019-06-17", "positionDirect": 310000, "positionDirectDate": "2019-06-17"}, {"maxAge": 1, "name": "Raja (Krishnamma N S)", "relation": "UNREPORTED", "url": "", "transactionDescription": "Sale", "latestTransDate": "2019-06-17", "positionDirect": 5500, "positionDirectDate": "2019-06-17"}, {"maxAge": 1, "name": "Raja (Shrikantan N K)", "relation": "Non-Independent Executive Director", "url": "", "transactionDescription": "Sale", "latestTransDate": "2019-06-17", "positionDirect": 55140, "positionDirectDate": "2019-06-17"}, {"maxAge": 1, "name": "Raja (Venkatrama P R)", "relation": "Executive Vice Chairman", "url": "", "transactionDescription": "Other", "latestTransDate": "2017-06-02", "positionDirect": 6220655, "positionDirectDate": "2017-06-02"}, {"maxAge": 1, "name": "Rajha (Ramasubrahmaneya P R)", "relation": "Non Executive Chairman", "url": "", "transactionDescription": "Acquisition", "latestTransDate": "2012-06-13", "positionDirect": 2882621, "positionDirectDate": "2012-06-13"}, {"maxAge": 1, "name": "Ramachandran (K. T.)", "relation": "Director", "url": "", "transactionDescription": "Acquisition", "latestTransDate": "2015-11-20", "positionDirect": 447171, "positionDirectDate": "2015-11-20"}, {"maxAge": 1, "name": "Sudarsanam (R)", "relation": "Promoter", "url": "", "transactionDescription": "Other", "latestTransDate": "2017-06-02", "positionDirect": 3077276, "positionDirectDate": "2017-06-02"}], "maxAge": 1}, "calendarEvents": {"maxAge": 1, "earnings": {"earningsDate": []}, "exDividendDate": "2021-03-22 05:30:00"}, "upgradeDowngradeHistory": {"history": [], "maxAge": 86400}, "price": {"maxAge": 1, "regularMarketChangePercent": 0.07660063, "regularMarketChange": 20.100006, "regularMarketTime": "2021-04-30 15:30:01", "priceHint": 2, "regularMarketPrice": 282.5, "regularMarketDayHigh": 286.0, "regularMarketDayLow": 260.0, "regularMarketVolume": 559612, "averageDailyVolume10Day": 29358, "averageDailyVolume3Month": 132415, "regularMarketPreviousClose": 262.4, "regularMarketSource": "FREE_REALTIME", "regularMarketOpen": 262.95, "exchange": "NSI", "exchangeName": "NSE", "exchangeDataDelayedBy": 15, "marketState": "CLOSED", "quoteType": "EQUITY", "symbol": "RAMCOIND.NS", "underlyingSymbol": null, "shortName": "RAMCO INDUSTRIES", "longName": "Ramco Industries Limited", "currency": "INR", "quoteSourceName": "Delayed Quote", "currencySymbol": "\u20b9", "fromCurrency": null, "lastMarket": null, "marketCap": 24468314112}, "balanceSheetHistory": {"balanceSheetStatements": [{"maxAge": 1, "endDate": "2020-03-31", "cash": 636238000, "netReceivables": 1588698000, "inventory": 3571544000, "otherCurrentAssets": 271292000, "totalCurrentAssets": 6105620000, "longTermInvestments": 26015291000, "propertyPlantEquipment": 4813657000, "intangibleAssets": 57504000, "otherAssets": 140233000, "totalAssets": 37132305000, "accountsPayable": 676113000, "shortLongTermDebt": 302537000, "otherCurrentLiab": 1513155000, "longTermDebt": 257376000, "otherLiab": 244114000, "totalCurrentLiabilities": 4515394000, "totalLiab": 5038251000, "commonStock": 86663000, "retainedEarnings": 14089140000, "treasuryStock": 17897298000, "capitalSurplus": 20953000, "otherStockholderEquity": 17897298000, "totalStockholderEquity": 32094054000, "netTangibleAssets": 32036550000}, {"maxAge": 1, "endDate": "2019-03-31", "cash": 635151000, "netReceivables": 1632107000, "inventory": 2867858000, "otherCurrentAssets": 129247000, "totalCurrentAssets": 5300276000, "longTermInvestments": 24771836000, "propertyPlantEquipment": 4397410000, "intangibleAssets": 75061000, "otherAssets": 94580000, "totalAssets": 34639163000, "accountsPayable": 482268000, "shortLongTermDebt": 300952000, "otherCurrentLiab": 1405888000, "longTermDebt": 256092000, "otherLiab": 150081000, "totalCurrentLiabilities": 3711276000, "totalLiab": 4117449000, "commonStock": 86663000, "retainedEarnings": 12460590000, "treasuryStock": 17953508000, "capitalSurplus": 20953000, "otherStockholderEquity": 17953508000, "totalStockholderEquity": 30521714000, "netTangibleAssets": 30446653000}, {"maxAge": 1, "endDate": "2018-03-31", "cash": 436647000, "netReceivables": 1647577000, "inventory": 2845091000, "otherCurrentAssets": 121698000, "totalCurrentAssets": 5073954000, "longTermInvestments": 23656587000, "propertyPlantEquipment": 4275013000, "intangibleAssets": 60216000, "otherAssets": 87636000, "totalAssets": 33153406000, "accountsPayable": 493269000, "shortLongTermDebt": 267999000, "otherCurrentLiab": 1119074000, "longTermDebt": 557044000, "otherLiab": 351493000, "totalCurrentLiabilities": 3389970000, "totalLiab": 4298507000, "commonStock": 86663000, "retainedEarnings": 10821253000, "treasuryStock": 17926030000, "capitalSurplus": 20953000, "otherStockholderEquity": 17926030000, "totalStockholderEquity": 28854899000, "netTangibleAssets": 28794683000}, {"maxAge": 1, "endDate": "2017-03-31", "cash": 551665000, "netReceivables": 1263970000, "inventory": 3418571000, "otherCurrentAssets": 242606000, "totalCurrentAssets": 5498461000, "longTermInvestments": 22699287000, "propertyPlantEquipment": 4293355000, "intangibleAssets": 54616000, "otherAssets": 88807000, "totalAssets": 32634526000, "accountsPayable": 620020000, "shortLongTermDebt": 375000000, "otherCurrentLiab": 1104477000, "longTermDebt": 645249000, "otherLiab": 157397000, "totalCurrentLiabilities": 4671777000, "totalLiab": 5474423000, "commonStock": 86663000, "retainedEarnings": 9128698000, "treasuryStock": 17923789000, "capitalSurplus": 20953000, "otherStockholderEquity": 17923789000, "totalStockholderEquity": 27160103000, "netTangibleAssets": 27105487000}], "maxAge": 86400}, "earningsTrend": {"trend": [{"maxAge": 1, "period": "0q", "endDate": "2018-12-31", "growth": {}, "earningsEstimate": {"avg": 0.0, "low": 0.0, "high": 0.0, "yearAgoEps": {}, "numberOfAnalysts": 0, "growth": {}}, "revenueEstimate": {"avg": 0, "low": 0, "high": 0, "numberOfAnalysts": 0, "yearAgoRevenue": {}, "growth": {}}, "epsTrend": {"current": 0.0, "7daysAgo": 0.0, "30daysAgo": 0.0, "60daysAgo": 0.0, "90daysAgo": 0.0}, "epsRevisions": {"upLast7days": 0, "upLast30days": 0, "downLast30days": 0, "downLast90days": {}}}, {"maxAge": 1, "period": "+1q", "endDate": "2019-03-31", "growth": {}, "earningsEstimate": {"avg": 0.0, "low": 0.0, "high": 0.0, "yearAgoEps": 1.63, "numberOfAnalysts": 0, "growth": {}}, "revenueEstimate": {"avg": 0, "low": 0, "high": 0, "numberOfAnalysts": 0, "yearAgoRevenue": {}, "growth": {}}, "epsTrend": {"current": 0.0, "7daysAgo": 0.0, "30daysAgo": 0.0, "60daysAgo": 0.0, "90daysAgo": 0.0}, "epsRevisions": {"upLast7days": 0, "upLast30days": 0, "downLast30days": 0, "downLast90days": {}}}, {"maxAge": 1, "period": "0y", "endDate": "2019-03-31", "growth": {}, "earningsEstimate": {"avg": 0.0, "low": 0.0, "high": 0.0, "yearAgoEps": {}, "numberOfAnalysts": 0, "growth": {}}, "revenueEstimate": {"avg": 9492330000, "low": 9492330000, "high": 9492330000, "numberOfAnalysts": 1, "yearAgoRevenue": 8669500000, "growth": 0.095}, "epsTrend": {"current": 0.0, "7daysAgo": 10.01, "30daysAgo": 10.01, "60daysAgo": 10.01, "90daysAgo": 10.01}, "epsRevisions": {"upLast7days": 0, "upLast30days": 0, "downLast30days": 0, "downLast90days": {}}}, {"maxAge": 1, "period": "+1y", "endDate": "2020-03-31", "growth": {}, "earningsEstimate": {"avg": 0.0, "low": 0.0, "high": 0.0, "yearAgoEps": {}, "numberOfAnalysts": 0, "growth": {}}, "revenueEstimate": {"avg": 10726300000, "low": 10726300000, "high": 10726300000, "numberOfAnalysts": 1, "yearAgoRevenue": 9492330000, "growth": 0.13}, "epsTrend": {"current": 0.0, "7daysAgo": 11.52, "30daysAgo": 11.52, "60daysAgo": 11.52, "90daysAgo": 11.52}, "epsRevisions": {"upLast7days": 0, "upLast30days": 0, "downLast30days": 0, "downLast90days": {}}}, {"maxAge": 1, "period": "+5y", "endDate": null, "growth": 0.174, "earningsEstimate": {"avg": {}, "low": {}, "high": {}, "yearAgoEps": {}, "numberOfAnalysts": {}, "growth": {}}, "revenueEstimate": {"avg": {}, "low": {}, "high": {}, "numberOfAnalysts": {}, "yearAgoRevenue": {}, "growth": {}}, "epsTrend": {"current": {}, "7daysAgo": {}, "30daysAgo": {}, "60daysAgo": {}, "90daysAgo": {}}, "epsRevisions": {"upLast7days": {}, "upLast30days": {}, "downLast30days": {}, "downLast90days": {}}}, {"maxAge": 1, "period": "-5y", "endDate": null, "growth": {}, "earningsEstimate": {"avg": {}, "low": {}, "high": {}, "yearAgoEps": {}, "numberOfAnalysts": {}, "growth": {}}, "revenueEstimate": {"avg": {}, "low": {}, "high": {}, "numberOfAnalysts": {}, "yearAgoRevenue": {}, "growth": {}}, "epsTrend": {"current": {}, "7daysAgo": {}, "30daysAgo": {}, "60daysAgo": {}, "90daysAgo": {}}, "epsRevisions": {"upLast7days": {}, "upLast30days": {}, "downLast30days": {}, "downLast90days": {}}}], "maxAge": 1}, "institutionOwnership": {"ownershipList": [], "maxAge": 1}, "majorHoldersBreakdown": {"maxAge": 1, "insidersPercentHeld": 0.55151004, "institutionsPercentHeld": 0.06111, "institutionsFloatPercentHeld": 0.13626, "institutionsCount": 7}, "balanceSheetHistoryQuarterly": {"balanceSheetStatements": [{"maxAge": 1, "endDate": "2020-12-31", "totalStockholderEquity": 33494600000, "netTangibleAssets": 33447600000}, {"maxAge": 1, "endDate": "2020-09-30", "cash": 711200000, "shortTermInvestments": 19900000, "netReceivables": 1485600000, "inventory": 2828800000, "otherCurrentAssets": 530100000, "totalCurrentAssets": 5575600000, "longTermInvestments": 26901300000, "propertyPlantEquipment": 4861600000, "intangibleAssets": 47000000, "otherAssets": 88600000, "totalAssets": 37474100000, "accountsPayable": 447700000, "otherCurrentLiab": 2280300000, "longTermDebt": 287000000, "otherLiab": 360100000, "totalCurrentLiabilities": 3310400000, "totalLiab": 3979500000, "commonStock": 86700000, "treasuryStock": 33407900000, "otherStockholderEquity": 33407900000, "totalStockholderEquity": 33494600000, "netTangibleAssets": 33447600000}, {"maxAge": 1, "endDate": "2020-06-30", "totalStockholderEquity": 32094100000, "netTangibleAssets": 32036600000}, {"maxAge": 1, "endDate": "2020-03-31", "cash": 636238000, "netReceivables": 1588698000, "inventory": 3571544000, "otherCurrentAssets": 271292000, "totalCurrentAssets": 6105620000, "longTermInvestments": 26015291000, "propertyPlantEquipment": 4813657000, "intangibleAssets": 57504000, "otherAssets": 140233000, "totalAssets": 37132305000, "accountsPayable": 676113000, "shortLongTermDebt": 302537000, "otherCurrentLiab": 1513155000, "longTermDebt": 257376000, "otherLiab": 244114000, "totalCurrentLiabilities": 4515394000, "totalLiab": 5038251000, "commonStock": 86663000, "retainedEarnings": 14089140000, "treasuryStock": 17897298000, "capitalSurplus": 20953000, "otherStockholderEquity": 17897298000, "totalStockholderEquity": 32094054000, "netTangibleAssets": 32036550000}], "maxAge": 86400}, "earningsHistory": {"history": [{"maxAge": 1, "epsActual": {}, "epsEstimate": {}, "epsDifference": {}, "surprisePercent": {}, "quarter": {}, "period": "-4q"}, {"maxAge": 1, "epsActual": 1.63, "epsEstimate": 1.79, "epsDifference": -0.16, "surprisePercent": -0.088999994, "quarter": "2017-03-31", "period": "-3q"}, {"maxAge": 1, "epsActual": 2.49, "epsEstimate": 2.31, "epsDifference": 0.18, "surprisePercent": 0.078, "quarter": "2018-06-30", "period": "-2q"}, {"maxAge": 1, "epsActual": 3.03, "epsEstimate": 1.52, "epsDifference": 1.51, "surprisePercent": 0.99300003, "quarter": "2018-09-30", "period": "-1q"}], "maxAge": 86400}, "summaryProfile": {"address1": "Auras Corporate Centre", "address2": "6th Floor 98-A, Dr. Radhakrishnan Road Mylapore", "city": "Chennai", "zip": "600004", "country": "India", "phone": "91 44 2847 8585", "fax": "91 44 2847 8597", "website": "http://www.ramcoindltd.com", "industry": "Building Products & Equipment", "sector": "Industrials", "longBusinessSummary": "Ramco Industries Limited engages in the building product, textile, and power generation businesses in India. It offers fiber cement roofing sheets and calcium silicate boards; and various accessories and metal framing products. The company also provides design and material consultancy, project execution, site quality assurance, and dry construction methods training services; and invests in securities. In addition, it operates 15 wind mills with an installed capacity of 16.73 MW in Tirunelveli and Coimbatore Districts of Tamil Nadu; Chitradurga and Hassan Districts in Karnataka; and Kutch District in Gujarat. Ramco Industries Limited was incorporated in 1965 and is headquartered in Chennai, India.", "fullTimeEmployees": 1293, "companyOfficers": [], "maxAge": 86400}, "netSharePurchaseActivity": {"maxAge": 1, "period": "6m", "buyInfoCount": 0, "buyInfoShares": 0, "sellInfoCount": 0, "netInfoCount": 0, "netInfoShares": 0, "netPercentInsiderShares": 0.0, "totalInsiderShares": 46068444}, "insiderTransactions": {"transactions": [{"maxAge": 1, "shares": 15000, "filerUrl": "", "transactionText": "", "filerName": "Raja (Krishnamma N S)", "filerRelation": "UNREPORTED", "moneyText": "", "startDate": "2019-06-17", "ownership": "D"}, {"maxAge": 1, "shares": 10000, "filerUrl": "", "transactionText": "", "filerName": "Githalakshmi (N S)", "filerRelation": "UNREPORTED", "moneyText": "", "startDate": "2019-06-17", "ownership": "D"}, {"maxAge": 1, "shares": 250000, "filerUrl": "", "transactionText": "", "filerName": "Deepa (Saradha)", "filerRelation": "Promoter", "moneyText": "", "startDate": "2019-06-17", "ownership": "D"}, {"maxAge": 1, "shares": 65000, "filerUrl": "", "transactionText": "", "filerName": "Raja (Shrikantan N K)", "filerRelation": "Non-Independent Executive Director", "moneyText": "", "startDate": "2019-06-17", "ownership": "D"}, {"maxAge": 1, "shares": 250000, "filerUrl": "", "transactionText": "", "filerName": "Nirmala (P V)", "filerRelation": "Promoter", "moneyText": "", "startDate": "2019-06-17", "ownership": "D"}, {"maxAge": 1, "shares": 90000, "filerUrl": "", "transactionText": "", "filerName": "Nirmala (P V)", "filerRelation": "Promoter", "moneyText": "", "startDate": "2019-06-17", "ownership": "D"}, {"maxAge": 1, "shares": 43000, "filerUrl": "", "transactionText": "", "filerName": "Deepa (Saradha)", "filerRelation": "Promoter", "moneyText": "", "startDate": "2018-12-12", "ownership": "D"}, {"maxAge": 1, "shares": 34000, "filerUrl": "", "transactionText": "", "filerName": "Deepa (Saradha)", "filerRelation": "Promoter", "moneyText": "", "startDate": "2018-11-19", "ownership": "D"}, {"maxAge": 1, "shares": 90000, "filerUrl": "", "transactionText": "", "filerName": "Deepa (Saradha)", "filerRelation": "Promoter", "moneyText": "", "startDate": "2018-11-19", "ownership": "D"}, {"maxAge": 1, "shares": 4850655, "filerUrl": "", "transactionText": "", "filerName": "Deepa (Saradha)", "filerRelation": "Promoter", "moneyText": "", "startDate": "2018-09-24", "ownership": "D"}, {"maxAge": 1, "shares": 720656, "filerUrl": "", "transactionText": "", "filerName": "Sudarsanam (R)", "filerRelation": "Promoter", "moneyText": "", "startDate": "2017-06-02", "ownership": "D"}, {"maxAge": 1, "shares": 720655, "filerUrl": "", "transactionText": "", "filerName": "Deepa (Saradha)", "filerRelation": "Promoter", "moneyText": "", "startDate": "2017-06-02", "ownership": "D"}, {"maxAge": 1, "shares": 720655, "filerUrl": "", "transactionText": "", "filerName": "Raja (Venkatrama P R)", "filerRelation": "Executive Vice Chairman", "moneyText": "", "startDate": "2017-06-02", "ownership": "D"}, {"maxAge": 1, "shares": 227171, "filerUrl": "", "transactionText": "", "filerName": "Ramachandran (K. T.)", "filerRelation": "Director", "moneyText": "", "startDate": "2015-11-20", "ownership": "D"}, {"maxAge": 1, "shares": 32322, "filerUrl": "", "transactionText": "", "filerName": "Rajha (Ramasubrahmaneya P R)", "filerRelation": "Non Executive Chairman", "moneyText": "", "startDate": "2012-06-13", "ownership": "D"}, {"maxAge": 1, "shares": 1577, "filerUrl": "", "transactionText": "", "filerName": "Rajha (Ramasubrahmaneya P R)", "filerRelation": "Non Executive Chairman", "moneyText": "", "startDate": "2012-06-12", "ownership": "D"}, {"maxAge": 1, "shares": 11963, "filerUrl": "", "transactionText": "", "filerName": "Rajha (Ramasubrahmaneya P R)", "filerRelation": "Non Executive Chairman", "moneyText": "", "startDate": "2012-06-11", "ownership": "D"}, {"maxAge": 1, "shares": 826, "filerUrl": "", "transactionText": "", "filerName": "Rajha (Ramasubrahmaneya P R)", "filerRelation": "Non Executive Chairman", "moneyText": "", "startDate": "2012-06-08", "ownership": "D"}, {"maxAge": 1, "shares": 97533, "filerUrl": "", "transactionText": "", "filerName": "Rajha (Ramasubrahmaneya P R)", "filerRelation": "Non Executive Chairman", "moneyText": "", "startDate": "2012-06-07", "ownership": "D"}, {"maxAge": 1, "shares": 2568320, "filerUrl": "", "transactionText": "", "filerName": "Deepa (Saradha)", "filerRelation": "Promoter", "moneyText": "", "startDate": "2012-06-01", "ownership": "D"}, {"maxAge": 1, "shares": 5341640, "filerUrl": "", "transactionText": "", "filerName": "Rajha (Ramasubrahmaneya P R)", "filerRelation": "Non Executive Chairman", "moneyText": "", "startDate": "2012-06-01", "ownership": "D"}, {"maxAge": 1, "shares": 4177870, "filerUrl": "", "transactionText": "", "filerName": "Raja (Venkatrama P R)", "filerRelation": "Vice Chairman", "moneyText": "", "startDate": "2012-06-01", "ownership": "D"}, {"maxAge": 1, "shares": 7159, "filerUrl": "", "transactionText": "", "filerName": "Rajha (Ramasubrahmaneya P R)", "filerRelation": "Non Executive Chairman", "moneyText": "", "startDate": "2011-11-28", "ownership": "D"}, {"maxAge": 1, "shares": 124195, "filerUrl": "", "transactionText": "", "filerName": "Rajha (Ramasubrahmaneya P R)", "filerRelation": "Non Executive Chairman", "moneyText": "", "startDate": "2011-11-24", "ownership": "D"}, {"maxAge": 1, "shares": 46284, "filerUrl": "", "transactionText": "", "filerName": "Rajha (Ramasubrahmaneya P R)", "filerRelation": "Non Executive Chairman", "moneyText": "", "startDate": "2011-11-22", "ownership": "D"}, {"maxAge": 1, "shares": 32948, "filerUrl": "", "transactionText": "", "filerName": "Raja (Venkatrama P R)", "filerRelation": "Vice Chairman", "moneyText": "", "startDate": "2011-11-22", "ownership": "D"}, {"maxAge": 1, "shares": 32641, "filerUrl": "", "transactionText": "", "filerName": "Rajha (Ramasubrahmaneya P R)", "filerRelation": "Non Executive Chairman", "moneyText": "", "startDate": "2011-11-18", "ownership": "D"}, {"maxAge": 1, "shares": 37788, "filerUrl": "", "transactionText": "", "filerName": "Rajha (Ramasubrahmaneya P R)", "filerRelation": "Non Executive Chairman", "moneyText": "", "startDate": "2011-11-16", "ownership": "D"}, {"maxAge": 1, "shares": 29760, "filerUrl": "", "transactionText": "", "filerName": "Rajha (Ramasubrahmaneya P R)", "filerRelation": "Non Executive Chairman", "moneyText": "", "startDate": "2011-11-14", "ownership": "D"}, {"maxAge": 1, "shares": 19076, "filerUrl": "", "transactionText": "", "filerName": "Rajha (Ramasubrahmaneya P R)", "filerRelation": "Non Executive Chairman", "moneyText": "", "startDate": "2011-10-28", "ownership": "D"}, {"maxAge": 1, "shares": 13329, "filerUrl": "", "transactionText": "", "filerName": "Rajha (Ramasubrahmaneya P R)", "filerRelation": "Non Executive Chairman", "moneyText": "", "startDate": "2011-10-25", "ownership": "D"}, {"maxAge": 1, "shares": 13592, "filerUrl": "", "transactionText": "", "filerName": "Rajha (Ramasubrahmaneya P R)", "filerRelation": "Non Executive Chairman", "moneyText": "", "startDate": "2011-10-12", "ownership": "D"}, {"maxAge": 1, "shares": 4021, "filerUrl": "", "transactionText": "", "filerName": "Rajha (Ramasubrahmaneya P R)", "filerRelation": "Non Executive Chairman", "moneyText": "", "startDate": "2011-10-11", "ownership": "D"}, {"maxAge": 1, "shares": 129755, "filerUrl": "", "transactionText": "", "filerName": "Rajha (Ramasubrahmaneya P R)", "filerRelation": "Non Executive Chairman", "moneyText": "", "startDate": "2011-10-07", "ownership": "D"}, {"maxAge": 1, "shares": 1307900, "filerUrl": "", "transactionText": "", "filerName": "Rajha (Ramasubrahmaneya P R)", "filerRelation": "Non Executive Chairman", "moneyText": "", "startDate": "2011-05-20", "ownership": "D"}], "maxAge": 1}, "sectorTrend": {"maxAge": 1, "symbol": null, "estimates": []}, "incomeStatementHistoryQuarterly": {"incomeStatementHistory": [{"maxAge": 1, "endDate": "2020-12-31", "totalRevenue": 3037800000, "costOfRevenue": 1524500000, "grossProfit": 1513300000, "researchDevelopment": {}, "sellingGeneralAdministrative": 323100000, "nonRecurring": {}, "otherOperatingExpenses": 707000000, "totalOperatingExpenses": 2637800000, "operatingIncome": 400000000, "totalOtherIncomeExpenseNet": 480800000, "ebit": 400000000, "interestExpense": -20200000, "incomeBeforeTax": 880800000, "incomeTaxExpense": 164100000, "minorityInterest": {}, "netIncomeFromContinuingOps": 716700000, "discontinuedOperations": {}, "extraordinaryItems": {}, "effectOfAccountingCharges": {}, "otherItems": {}, "netIncome": 716700000, "netIncomeApplicableToCommonShares": 716700000}, {"maxAge": 1, "endDate": "2020-09-30", "totalRevenue": 2614400000, "costOfRevenue": 1322200000, "grossProfit": 1292200000, "researchDevelopment": {}, "sellingGeneralAdministrative": 259800000, "nonRecurring": {}, "otherOperatingExpenses": 600200000, "totalOperatingExpenses": 2264500000, "operatingIncome": 349900000, "totalOtherIncomeExpenseNet": 574800000, "ebit": 349900000, "interestExpense": -21100000, "incomeBeforeTax": 924700000, "incomeTaxExpense": 136400000, "minorityInterest": {}, "netIncomeFromContinuingOps": 788300000, "discontinuedOperations": {}, "extraordinaryItems": {}, "effectOfAccountingCharges": {}, "otherItems": {}, "netIncome": 788300000, "netIncomeApplicableToCommonShares": 788300000}, {"maxAge": 1, "endDate": "2020-06-30", "totalRevenue": 3046000000, "costOfRevenue": 1694300000, "grossProfit": 1351700000, "researchDevelopment": {}, "sellingGeneralAdministrative": 241400000, "nonRecurring": {}, "otherOperatingExpenses": 493700000, "totalOperatingExpenses": 2510700000, "operatingIncome": 535300000, "totalOtherIncomeExpenseNet": 251500000, "ebit": 535300000, "interestExpense": -34600000, "incomeBeforeTax": 786800000, "incomeTaxExpense": 168500000, "minorityInterest": {}, "netIncomeFromContinuingOps": 618300000, "discontinuedOperations": {}, "extraordinaryItems": {}, "effectOfAccountingCharges": {}, "otherItems": {}, "netIncome": 618300000, "netIncomeApplicableToCommonShares": 618300000}, {"maxAge": 1, "endDate": "2020-03-31", "totalRevenue": 2315607000, "costOfRevenue": 1715455000, "grossProfit": 600152000, "researchDevelopment": {}, "sellingGeneralAdministrative": 411988000, "nonRecurring": {}, "otherOperatingExpenses": 11349000, "totalOperatingExpenses": 2215440000, "operatingIncome": 100167000, "totalOtherIncomeExpenseNet": 262997000, "ebit": 100167000, "interestExpense": -3102000, "incomeBeforeTax": 363164000, "incomeTaxExpense": 34666000, "minorityInterest": {}, "netIncomeFromContinuingOps": 328498000, "discontinuedOperations": {}, "extraordinaryItems": {}, "effectOfAccountingCharges": {}, "otherItems": {}, "netIncome": 328498000, "netIncomeApplicableToCommonShares": 328498000}], "maxAge": 86400}, "cashflowStatementHistoryQuarterly": {"cashflowStatements": [{"maxAge": 1, "endDate": "2020-12-31", "netIncome": 716700000, "changeToLiabilities": 0}, {"maxAge": 1, "endDate": "2020-09-30", "netIncome": 788300000, "changeToLiabilities": 0}, {"maxAge": 1, "endDate": "2020-06-30", "netIncome": 618300000, "changeToLiabilities": 0}, {"maxAge": 1, "endDate": "2020-03-31", "netIncome": 328498000, "changeToLiabilities": 0}], "maxAge": 86400}, "earnings": {"maxAge": 86400, "earningsChart": {"quarterly": [{"date": "1Q2017", "actual": 1.63, "estimate": 1.79}, {"date": "2Q2018", "actual": 2.49, "estimate": 2.31}, {"date": "3Q2018", "actual": 3.03, "estimate": 1.52}], "currentQuarterEstimateDate": "4Q", "currentQuarterEstimateYear": 2018, "earningsDate": []}, "financialsChart": {"yearly": [{"date": 2017, "revenue": 8807515000, "earnings": 2047596000}, {"date": 2018, "revenue": 9320503000, "earnings": 1760228000}, {"date": 2019, "revenue": 10364955000, "earnings": 1723505000}, {"date": 2020, "revenue": 9740507000, "earnings": 1695298000}], "quarterly": [{"date": "1Q2020", "revenue": 2315607000, "earnings": 328498000}, {"date": "2Q2020", "revenue": 3046000000, "earnings": 618300000}, {"date": "3Q2020", "revenue": 2614400000, "earnings": 788300000}, {"date": "4Q2020", "revenue": 3037800000, "earnings": 716700000}]}, "financialCurrency": "INR"}, "financialData": {"maxAge": 86400, "currentPrice": 282.5, "targetHighPrice": 635.0, "targetLowPrice": 635.0, "targetMeanPrice": 635.0, "targetMedianPrice": 635.0, "recommendationKey": "none", "numberOfAnalystOpinions": 1, "totalCash": 731100032, "totalCashPerShare": 8.752, "ebitda": 1683732224, "totalDebt": 891400000, "totalRevenue": 11013807104, "debtToEquity": 2.661, "revenuePerShare": 131.872, "grossProfits": 4276352000, "earningsGrowth": 1.86, "revenueGrowth": 0.525, "grossMargins": 0.43194, "ebitdaMargins": 0.15287, "operatingMargins": 0.12578, "profitMargins": 0.2226, "financialCurrency": "INR"}}}