{"RAMCOCEM.NS": {"assetProfile": {"address1": "Auras Corporate Centre", "address2": "V Floor 98-A, Dr. Radhakrishnan Salai Mylapore", "city": "Chennai", "zip": "600004", "country": "India", "phone": "91 44 2847 8666", "fax": "91 44 2847 8676", "website": "http://www.ramcocements.in", "industry": "Building Materials", "sector": "Basic Materials", "longBusinessSummary": "The Ramco Cements Limited manufactures and sells cement and cementious materials in India. It offers Portland Pozzolana, OPC, sulphate resisting, sleeper grade, and rapid hardening Portland cement, as well as ready mix concrete and dry mortar products under the RAMCO brand. The company is also involved in the generation and sale of electricity from wind mills and thermal power plants. As of March 31, 2019, it operated a wind farm with an installed capacity of 125.95 MW comprising 108 wind electric generators. The Ramco Cements Limited also exports its products. The company was formerly known as Madras Cements Ltd. and changed its name to The Ramco Cements Limited in July 2013. The Ramco Cements Limited was incorporated in 1957 and is headquartered in Chennai, India.", "fullTimeEmployees": 3327, "companyOfficers": [{"maxAge": 1, "name": "Mr. Poosapadi Ramasubrahmaneya Rajha Venketrama Raja M.B.A., B.Tech., MBA", "age": 61, "title": "Chairman & MD", "yearBorn": 1959, "fiscalYear": 2020, "totalPay": 410112000, "exercisedValue": 0, "unexercisedValue": 0}, {"maxAge": 1, "name": "Mr. Arrakundal Velayutha Raja Dharmakrishnan A.C.A., ACA., B.Com.", "age": 63, "title": "Chief Exec. Officer", "yearBorn": 1957, "fiscalYear": 2020, "totalPay": 143794481, "exercisedValue": 0, "unexercisedValue": 0}, {"maxAge": 1, "name": "Mr. S.  Vaithiyanathan A.C.A., B.Sc.", "age": 55, "title": "Chief Financial Officer", "yearBorn": 1965, "fiscalYear": 2020, "totalPay": 15358631, "exercisedValue": 0, "unexercisedValue": 0}, {"maxAge": 1, "name": "Mr. Raghuram  Devarakonda B.Tech., Ph.D.", "age": 52, "title": "Chief Operating Officer", "yearBorn": 1968, "exercisedValue": 0, "unexercisedValue": 0}, {"maxAge": 1, "name": "Mr. K.  Selvanayagam", "age": 61, "title": "Compliance Officer & Company Sec.", "yearBorn": 1959, "fiscalYear": 2020, "totalPay": 11380873, "exercisedValue": 0, "unexercisedValue": 0}, {"maxAge": 1, "name": "Mr. Balaji Krishna Moorthy", "age": 69, "title": "Exec. Pres of Marketing", "yearBorn": 1951, "exercisedValue": 0, "unexercisedValue": 0}, {"maxAge": 1, "name": "Mr. R.  Ramakrishnan A.C.A., B.Com.", "age": 62, "title": "Pres of Marketing", "yearBorn": 1958, "exercisedValue": 0, "unexercisedValue": 0}, {"maxAge": 1, "name": "Mr. M. J. Saikumar", "age": 60, "title": "Sr. VP of HRD", "yearBorn": 1960, "exercisedValue": 0, "unexercisedValue": 0}, {"maxAge": 1, "name": "Mr. Ravi Shankar Natarajan B.Tech.", "age": 60, "title": "Pres of Manufacturing", "yearBorn": 1960, "exercisedValue": 0, "unexercisedValue": 0}, {"maxAge": 1, "name": "Mr. Prabhu  Nambiappan", "title": "Sr. VP of HR Ramco Group", "exercisedValue": 0, "unexercisedValue": 0}], "compensationAsOfEpochDate": "2020-12-31 05:30:00", "maxAge": 86400}, "recommendationTrend": {"trend": [{"period": "0m", "strongBuy": 0, "buy": 0, "hold": 0, "sell": 0, "strongSell": 0}, {"period": "-1m", "strongBuy": 0, "buy": 0, "hold": 0, "sell": 0, "strongSell": 0}, {"period": "-2m", "strongBuy": 0, "buy": 0, "hold": 0, "sell": 0, "strongSell": 0}, {"period": "-3m", "strongBuy": 0, "buy": 0, "hold": 0, "sell": 0, "strongSell": 0}], "maxAge": 86400}, "cashflowStatementHistory": {"cashflowStatements": [{"maxAge": 1, "endDate": "2020-03-31", "netIncome": 6041400000, "depreciation": 3061900000, "changeToNetincome": 1208300000, "changeToAccountReceivables": -1121400000, "changeToLiabilities": -954700000, "changeToInventory": -858000000, "totalCashFromOperatingActivities": 7481000000, "capitalExpenditures": -19201000000, "investments": -150000000, "otherCashflowsFromInvestingActivities": 136100000, "totalCashflowsFromInvestingActivities": -19208500000, "dividendsPaid": -1296900000, "netBorrowings": 14087900000, "otherCashflowsFromFinancingActivities": -855200000, "totalCashFromFinancingActivities": 11935800000, "changeInCash": 208300000}, {"maxAge": 1, "endDate": "2019-03-31", "netIncome": 5107200000, "depreciation": 2909800000, "changeToNetincome": 794200000, "changeToAccountReceivables": -1148400000, "changeToLiabilities": 172000000, "changeToInventory": 1700000, "totalCashFromOperatingActivities": 7926300000, "capitalExpenditures": -12069900000, "investments": -134400000, "otherCashflowsFromInvestingActivities": 137900000, "totalCashflowsFromInvestingActivities": -12021000000, "dividendsPaid": -707400000, "netBorrowings": 7862900000, "otherCashflowsFromFinancingActivities": -626800000, "totalCashFromFinancingActivities": 6528700000, "changeInCash": 2434000000}, {"maxAge": 1, "endDate": "2018-03-31", "netIncome": 5641800000, "depreciation": 2822400000, "changeToNetincome": 1104500000, "changeToAccountReceivables": 1211800000, "changeToLiabilities": 194100000, "changeToInventory": 153200000, "totalCashFromOperatingActivities": 11242200000, "capitalExpenditures": -4961000000, "investments": -101100000, "otherCashflowsFromInvestingActivities": 146800000, "totalCashflowsFromInvestingActivities": -4899600000, "dividendsPaid": -707500000, "netBorrowings": -4731400000, "otherCashflowsFromFinancingActivities": -809700000, "totalCashFromFinancingActivities": -7929800000, "changeInCash": -1587200000, "repurchaseOfStock": -1681200000}, {"maxAge": 1, "endDate": "2017-03-31", "netIncome": 6627400000, "depreciation": 2750000000, "changeToNetincome": 837700000, "changeToAccountReceivables": -347400000, "changeToLiabilities": 1462100000, "changeToInventory": -264000000, "totalCashFromOperatingActivities": 11174100000, "capitalExpenditures": -3071300000, "investments": -30000000, "otherCashflowsFromInvestingActivities": 276100000, "totalCashflowsFromInvestingActivities": -2801700000, "dividendsPaid": -707500000, "netBorrowings": -5545400000, "otherCashflowsFromFinancingActivities": -1104200000, "totalCashFromFinancingActivities": -6649600000, "changeInCash": 1722800000, "repurchaseOfStock": -1681200000}], "maxAge": 86400}, "indexTrend": {"maxAge": 1, "symbol": "SP5", "peRatio": 19.7411, "pegRatio": 1.34172, "estimates": [{"period": "0q", "growth": 0.549}, {"period": "+1q", "growth": 0.431}, {"period": "0y", "growth": 0.305}, {"period": "+1y", "growth": 0.109}, {"period": "+5y", "growth": 0.120865}, {"period": "-5y"}]}, "defaultKeyStatistics": {"maxAge": 1, "priceHint": 2, "enterpriseValue": 260801462272, "profitMargins": 0.14071, "floatShares": 125935678, "sharesOutstanding": 235890000, "heldPercentInsiders": 0.47842997, "heldPercentInstitutions": 0.34691003, "beta": 0.671539, "category": null, "bookValue": 227.974, "priceToBook": 4.322861, "fundFamily": null, "legalType": null, "lastFiscalYearEnd": "2020-03-31 05:30:00", "nextFiscalYearEnd": "2022-03-31 05:30:00", "mostRecentQuarter": "2020-12-31 05:30:00", "earningsQuarterlyGrowth": 1.185, "netIncomeToCommon": 7105600000, "trailingEps": 31.018, "forwardEps": 29.41, "lastSplitFactor": "2:1", "lastSplitDate": "2008-10-01 05:30:00", "enterpriseToRevenue": 5.165, "enterpriseToEbitda": 19.008}, "industryTrend": {"maxAge": 1, "symbol": null, "estimates": []}, "quoteType": {"exchange": "NSI", "quoteType": "EQUITY", "symbol": "RAMCOCEM.NS", "underlyingSymbol": "RAMCOCEM.NS", "shortName": "RAMCO CEMENTS(THE)", "longName": "The Ramco Cements Limited", "firstTradeDateEpochUtc": "2002-07-01 09:15:00", "timeZoneFullName": "Asia/Kolkata", "timeZoneShortName": "IST", "uuid": "06172070-3e5b-3634-b3f7-e78c40ac92f5", "gmtOffSetMilliseconds": 19800000, "maxAge": 1}, "incomeStatementHistory": {"incomeStatementHistory": [{"maxAge": 1, "endDate": "2020-03-31", "totalRevenue": 53893000000, "costOfRevenue": 20276600000, "grossProfit": 33616400000, "researchDevelopment": {}, "sellingGeneralAdministrative": 17027200000, "nonRecurring": {}, "otherOperatingExpenses": 5009900000, "totalOperatingExpenses": 45479100000, "operatingIncome": 8413900000, "totalOtherIncomeExpenseNet": -484700000, "ebit": 8413900000, "interestExpense": -661700000, "incomeBeforeTax": 7929200000, "incomeTaxExpense": 1878500000, "minorityInterest": 56400000, "netIncomeFromContinuingOps": 6050700000, "discontinuedOperations": {}, "extraordinaryItems": {}, "effectOfAccountingCharges": {}, "otherItems": {}, "netIncome": 6041400000, "netIncomeApplicableToCommonShares": 6041400000}, {"maxAge": 1, "endDate": "2019-03-31", "totalRevenue": 51623400000, "costOfRevenue": 19931400000, "grossProfit": 31692000000, "researchDevelopment": {}, "sellingGeneralAdministrative": 16359800000, "nonRecurring": {}, "otherOperatingExpenses": 4793200000, "totalOperatingExpenses": 44084000000, "operatingIncome": 7539400000, "totalOtherIncomeExpenseNet": -319000000, "ebit": 7539400000, "interestExpense": -488700000, "incomeBeforeTax": 7220400000, "incomeTaxExpense": 2106100000, "minorityInterest": 47000000, "netIncomeFromContinuingOps": 5114300000, "discontinuedOperations": {}, "extraordinaryItems": {}, "effectOfAccountingCharges": {}, "otherItems": {}, "netIncome": 5107200000, "netIncomeApplicableToCommonShares": 5107200000}, {"maxAge": 1, "endDate": "2018-03-31", "totalRevenue": 44250700000, "costOfRevenue": 15677200000, "grossProfit": 28573500000, "researchDevelopment": {}, "sellingGeneralAdministrative": 13316900000, "nonRecurring": {}, "otherOperatingExpenses": 3932200000, "totalOperatingExpenses": 35867300000, "operatingIncome": 8383400000, "totalOtherIncomeExpenseNet": -416500000, "ebit": 8383400000, "interestExpense": -577100000, "incomeBeforeTax": 7966900000, "incomeTaxExpense": 2311900000, "minorityInterest": 39900000, "netIncomeFromContinuingOps": 5655000000, "discontinuedOperations": {}, "extraordinaryItems": {}, "effectOfAccountingCharges": {}, "otherItems": {}, "netIncome": 5641800000, "netIncomeApplicableToCommonShares": 5641800000}, {"maxAge": 1, "endDate": "2017-03-31", "totalRevenue": 39732000000, "costOfRevenue": 12623400000, "grossProfit": 27108600000, "researchDevelopment": {}, "sellingGeneralAdministrative": 11008400000, "nonRecurring": {}, "otherOperatingExpenses": 3800400000, "totalOperatingExpenses": 30297700000, "operatingIncome": 9434300000, "totalOtherIncomeExpenseNet": -767500000, "ebit": 9434300000, "interestExpense": -1038400000, "incomeBeforeTax": 8666800000, "incomeTaxExpense": 2027000000, "minorityInterest": 19400000, "netIncomeFromContinuingOps": 6639800000, "discontinuedOperations": {}, "extraordinaryItems": {}, "effectOfAccountingCharges": {}, "otherItems": {}, "netIncome": 6627400000, "netIncomeApplicableToCommonShares": 6627400000}], "maxAge": 86400}, "fundOwnership": {"ownershipList": [{"maxAge": 1, "reportDate": "2021-01-31", "organization": "Vanguard International Stock Index-Emerging Markets Stk", "pctHeld": 0.0047999998, "position": 1129427, "value": 882082487}, {"maxAge": 1, "reportDate": "2021-03-31", "organization": "iShares Core MSCI Emerging Markets ETF", "pctHeld": 0.0044, "position": 1040661, "value": 1043314685}, {"maxAge": 1, "reportDate": "2021-01-31", "organization": "Vanguard International Stock Index-Total Intl Stock Indx", "pctHeld": 0.0042, "position": 999079, "value": 780280699}, {"maxAge": 1, "reportDate": "2020-12-31", "organization": "Morgan Stanley India Investment Fund", "pctHeld": 0.0018000001, "position": 421578, "value": 335744719}, {"maxAge": 1, "reportDate": "2021-01-31", "organization": "DFA Emerging Markets Core Equity Portfolio", "pctHeld": 0.0017, "position": 406349, "value": 317358569}, {"maxAge": 1, "reportDate": "2021-01-31", "organization": "Financial Investors Tr-ALPS/Kotak India Growth Fund", "pctHeld": 0.0016, "position": 382479, "value": 298716099}, {"maxAge": 1, "reportDate": "2021-01-31", "organization": "DFA Emerging Markets Small Cap Series", "pctHeld": 0.0011999999, "position": 282898, "value": 220943338}, {"maxAge": 1, "reportDate": "2021-01-31", "organization": "Vanguard Intl Equity Index Fds-FTSE All World ex U.S.Small Cap Index", "pctHeld": 0.0011, "position": 256332, "value": 200195292}, {"maxAge": 1, "reportDate": "2021-03-31", "organization": "iShares MSCI India Small Cap ETF", "pctHeld": 0.00090000004, "position": 220228, "value": 220789581}, {"maxAge": 1, "reportDate": "2021-02-28", "organization": "Fidelity Emerging Markets Discovery Fund", "pctHeld": 0.0005, "position": 125111, "value": 121151236}], "maxAge": 1}, "summaryDetail": {"maxAge": 1, "priceHint": 2, "previousClose": 989.65, "open": 987.0, "dayLow": 955.75, "dayHigh": 1003.55, "regularMarketPreviousClose": 989.65, "regularMarketOpen": 987.0, "regularMarketDayLow": 955.75, "regularMarketDayHigh": 1003.55, "dividendRate": 3.0, "dividendYield": 0.003, "exDividendDate": "2021-03-22 05:30:00", "payoutRatio": 0.0806, "beta": 0.671539, "trailingPE": 31.771875, "forwardPE": 33.50901, "volume": 918564, "regularMarketVolume": 918564, "averageVolume": 737201, "averageVolume10days": 443111, "averageDailyVolume10Day": 443111, "bid": 0.0, "ask": 0.0, "bidSize": 0, "askSize": 0, "marketCap": 232469594112, "fiftyTwoWeekLow": 455.0, "fiftyTwoWeekHigh": 1043.2, "priceToSalesTrailing12Months": 4.6035314, "fiftyDayAverage": 984.7162, "twoHundredDayAverage": 857.7933, "trailingAnnualDividendRate": 2.5, "trailingAnnualDividendYield": 0.0025261454, "currency": "INR", "fromCurrency": null, "lastMarket": null, "algorithm": null, "tradeable": false}, "insiderHolders": {"holders": [{"maxAge": 1, "name": "Deepa (Saradha)", "relation": "Promoter", "url": "", "transactionDescription": "Gift", "latestTransDate": "2017-07-24", "positionDirect": 1946460, "positionDirectDate": "2017-07-24"}, {"maxAge": 1, "name": "Dharmakrishnan (A V)", "relation": "UNREPORTED", "url": "", "transactionDescription": "Other", "latestTransDate": "2020-10-14", "positionDirect": 240000, "positionDirectDate": "2020-10-14"}, {"maxAge": 1, "name": "Moorthy (Balaji K.)", "relation": "UNREPORTED", "url": "", "transactionDescription": "Other", "latestTransDate": "2020-09-09", "positionDirect": 4833, "positionDirectDate": "2020-09-09"}, {"maxAge": 1, "name": "Raja (Venketrama P R)", "relation": "Director (Non-Executive)", "url": "", "transactionDescription": "Gift", "latestTransDate": "2017-07-24", "positionDirect": 1946460, "positionDirectDate": "2017-07-24"}, {"maxAge": 1, "name": "Rajha (Ramasubrahmaneya P R)", "relation": "Chairman of the Board", "url": "", "transactionDescription": "Sale", "latestTransDate": "2012-06-01", "positionDirect": 3784340, "positionDirectDate": "2012-06-01"}, {"maxAge": 1, "name": "Selvanayagam (K.)", "relation": "UNREPORTED", "url": "", "transactionDescription": "Other", "latestTransDate": "2020-09-09", "positionDirect": 4833, "positionDirectDate": "2020-09-09"}, {"maxAge": 1, "name": "Sri Vishnu Shankar Mill Ltd", "relation": "Promoter", "url": "", "transactionDescription": "Sale", "latestTransDate": "2021-02-10", "positionDirect": 3094200, "positionDirectDate": "2021-02-10"}, {"maxAge": 1, "name": "Srinivasan (M.)", "relation": "UNREPORTED", "url": "", "transactionDescription": "Other", "latestTransDate": "2020-09-09", "positionDirect": 20000, "positionDirectDate": "2020-09-09"}, {"maxAge": 1, "name": "Sudarsanam (R)", "relation": "Promoter", "url": "", "transactionDescription": "Gift", "latestTransDate": "2017-07-24", "positionDirect": 1286960, "positionDirectDate": "2017-07-24"}, {"maxAge": 1, "name": "Vaithiyanathan (S.)", "relation": "UNREPORTED", "url": "", "transactionDescription": "Other", "latestTransDate": "2020-09-09", "positionDirect": 6666, "positionDirectDate": "2020-09-09"}], "maxAge": 1}, "calendarEvents": {"maxAge": 1, "earnings": {"earningsDate": [], "revenueAverage": 11777000000, "revenueLow": 11777000000, "revenueHigh": 11777000000}, "exDividendDate": "2021-03-22 05:30:00"}, "upgradeDowngradeHistory": {"history": [], "maxAge": 86400}, "price": {"maxAge": 1, "regularMarketChangePercent": -0.004193426, "regularMarketChange": -4.1500244, "regularMarketTime": "2021-04-30 15:29:57", "priceHint": 2, "regularMarketPrice": 985.5, "regularMarketDayHigh": 1003.55, "regularMarketDayLow": 955.75, "regularMarketVolume": 918564, "averageDailyVolume10Day": 443111, "averageDailyVolume3Month": 737201, "regularMarketPreviousClose": 989.65, "regularMarketSource": "FREE_REALTIME", "regularMarketOpen": 987.0, "exchange": "NSI", "exchangeName": "NSE", "exchangeDataDelayedBy": 15, "marketState": "CLOSED", "quoteType": "EQUITY", "symbol": "RAMCOCEM.NS", "underlyingSymbol": null, "shortName": "RAMCO CEMENTS(THE)", "longName": "The Ramco Cements Limited", "currency": "INR", "quoteSourceName": "Delayed Quote", "currencySymbol": "\u20b9", "fromCurrency": null, "lastMarket": null, "marketCap": 232469594112}, "balanceSheetHistory": {"balanceSheetStatements": [{"maxAge": 1, "endDate": "2020-03-31", "cash": 639300000, "netReceivables": 7429000000, "inventory": 6468800000, "otherCurrentAssets": 1059200000, "totalCurrentAssets": 15757100000, "longTermInvestments": 2775900000, "propertyPlantEquipment": 76606500000, "intangibleAssets": 821400000, "otherAssets": 5366700000, "deferredLongTermAssetCharges": 4000000, "totalAssets": 101327600000, "accountsPayable": 3429800000, "shortLongTermDebt": 3916900000, "otherCurrentLiab": 6925400000, "longTermDebt": 18323400000, "otherLiab": 9490500000, "minorityInterest": 56400000, "totalCurrentLiabilities": 23363200000, "totalLiab": 51257700000, "commonStock": 235600000, "retainedEarnings": 48931700000, "treasuryStock": 846200000, "otherStockholderEquity": 846200000, "totalStockholderEquity": 50013500000, "netTangibleAssets": 49192100000}, {"maxAge": 1, "endDate": "2019-03-31", "cash": 596300000, "shortTermInvestments": 60000000, "netReceivables": 6045300000, "inventory": 5610800000, "otherCurrentAssets": 1232300000, "totalCurrentAssets": 13805100000, "longTermInvestments": 2607400000, "propertyPlantEquipment": 60141400000, "intangibleAssets": 764900000, "otherAssets": 4719100000, "deferredLongTermAssetCharges": 4200000, "totalAssets": 82037900000, "accountsPayable": 2583600000, "shortLongTermDebt": 2064100000, "otherCurrentLiab": 6870200000, "longTermDebt": 7011800000, "otherLiab": 8933600000, "minorityInterest": 47000000, "totalCurrentLiabilities": 20675500000, "totalLiab": 36620900000, "commonStock": 235600000, "retainedEarnings": 44523600000, "treasuryStock": 610800000, "otherStockholderEquity": 610800000, "totalStockholderEquity": 45370000000, "netTangibleAssets": 44605100000}, {"maxAge": 1, "endDate": "2018-03-31", "cash": 890400000, "netReceivables": 5074400000, "inventory": 5612500000, "otherCurrentAssets": 1300500000, "totalCurrentAssets": 12985900000, "longTermInvestments": 2416800000, "propertyPlantEquipment": 52776900000, "intangibleAssets": 766500000, "otherAssets": 2748400000, "totalAssets": 71694500000, "accountsPayable": 2683300000, "shortLongTermDebt": 1191600000, "otherCurrentLiab": 6914900000, "longTermDebt": 4187800000, "otherLiab": 8100100000, "minorityInterest": 39900000, "totalCurrentLiabilities": 18240300000, "totalLiab": 30528200000, "commonStock": 235600000, "retainedEarnings": 40294900000, "treasuryStock": 595900000, "otherStockholderEquity": 595900000, "totalStockholderEquity": 41126400000, "netTangibleAssets": 40359900000}, {"maxAge": 1, "endDate": "2017-03-31", "cash": 833400000, "netReceivables": 6219000000, "inventory": 5765700000, "otherCurrentAssets": 1342900000, "totalCurrentAssets": 14217800000, "longTermInvestments": 2104500000, "propertyPlantEquipment": 50979000000, "intangibleAssets": 872300000, "otherAssets": 2531500000, "totalAssets": 70705100000, "accountsPayable": 2562200000, "shortLongTermDebt": 2916100000, "otherCurrentLiab": 7136800000, "longTermDebt": 5110400000, "otherLiab": 7365900000, "minorityInterest": 19400000, "totalCurrentLiabilities": 20254800000, "totalLiab": 32731100000, "commonStock": 238100000, "retainedEarnings": 36678900000, "treasuryStock": 1037600000, "otherStockholderEquity": 1037600000, "totalStockholderEquity": 37954600000, "netTangibleAssets": 37082300000}], "maxAge": 86400}, "earningsTrend": {"trend": [{"maxAge": 1, "period": "0q", "endDate": "2018-12-31", "growth": {}, "earningsEstimate": {"avg": 0.0, "low": 0.0, "high": 0.0, "yearAgoEps": 5.0, "numberOfAnalysts": 0, "growth": {}}, "revenueEstimate": {"avg": 11777000000, "low": 11777000000, "high": 11777000000, "numberOfAnalysts": 1, "yearAgoRevenue": 10563600000, "growth": 0.115}, "epsTrend": {"current": 0.0, "7daysAgo": 0.0, "30daysAgo": 0.0, "60daysAgo": 0.0, "90daysAgo": 0.0}, "epsRevisions": {"upLast7days": 0, "upLast30days": 0, "downLast30days": 0, "downLast90days": {}}}, {"maxAge": 1, "period": "+1q", "endDate": "2019-03-31", "growth": {}, "earningsEstimate": {"avg": 0.0, "low": 0.0, "high": 0.0, "yearAgoEps": 5.0, "numberOfAnalysts": 0, "growth": {}}, "revenueEstimate": {"avg": 14531000000, "low": 14531000000, "high": 14531000000, "numberOfAnalysts": 1, "yearAgoRevenue": 12507600000, "growth": 0.162}, "epsTrend": {"current": 0.0, "7daysAgo": 0.0, "30daysAgo": 0.0, "60daysAgo": 0.0, "90daysAgo": 0.0}, "epsRevisions": {"upLast7days": 0, "upLast30days": 0, "downLast30days": 0, "downLast90days": {}}}, {"maxAge": 1, "period": "0y", "endDate": "2019-03-31", "growth": {}, "earningsEstimate": {"avg": 0.0, "low": 0.0, "high": 0.0, "yearAgoEps": {}, "numberOfAnalysts": 0, "growth": {}}, "revenueEstimate": {"avg": 49913000000, "low": 46819000000, "high": 52078000000, "numberOfAnalysts": 17, "yearAgoRevenue": 44063600000, "growth": 0.133}, "epsTrend": {"current": 0.0, "7daysAgo": 22.81, "30daysAgo": 22.81, "60daysAgo": 22.81, "90daysAgo": 22.81}, "epsRevisions": {"upLast7days": 0, "upLast30days": 0, "downLast30days": 0, "downLast90days": {}}}, {"maxAge": 1, "period": "+1y", "endDate": "2020-03-31", "growth": {}, "earningsEstimate": {"avg": 0.0, "low": 0.0, "high": 0.0, "yearAgoEps": {}, "numberOfAnalysts": 0, "growth": {}}, "revenueEstimate": {"avg": 57514200000, "low": 54050000000, "high": 61579000000, "numberOfAnalysts": 17, "yearAgoRevenue": 49913000000, "growth": 0.152}, "epsTrend": {"current": 0.0, "7daysAgo": 29.41, "30daysAgo": 29.41, "60daysAgo": 29.41, "90daysAgo": 29.41}, "epsRevisions": {"upLast7days": 1, "upLast30days": 1, "downLast30days": 0, "downLast90days": {}}}, {"maxAge": 1, "period": "+5y", "endDate": null, "growth": 0.18360001, "earningsEstimate": {"avg": {}, "low": {}, "high": {}, "yearAgoEps": {}, "numberOfAnalysts": {}, "growth": {}}, "revenueEstimate": {"avg": {}, "low": {}, "high": {}, "numberOfAnalysts": {}, "yearAgoRevenue": {}, "growth": {}}, "epsTrend": {"current": {}, "7daysAgo": {}, "30daysAgo": {}, "60daysAgo": {}, "90daysAgo": {}}, "epsRevisions": {"upLast7days": {}, "upLast30days": {}, "downLast30days": {}, "downLast90days": {}}}, {"maxAge": 1, "period": "-5y", "endDate": null, "growth": {}, "earningsEstimate": {"avg": {}, "low": {}, "high": {}, "yearAgoEps": {}, "numberOfAnalysts": {}, "growth": {}}, "revenueEstimate": {"avg": {}, "low": {}, "high": {}, "numberOfAnalysts": {}, "yearAgoRevenue": {}, "growth": {}}, "epsTrend": {"current": {}, "7daysAgo": {}, "30daysAgo": {}, "60daysAgo": {}, "90daysAgo": {}}, "epsRevisions": {"upLast7days": {}, "upLast30days": {}, "downLast30days": {}, "downLast90days": {}}}], "maxAge": 1}, "institutionOwnership": {"ownershipList": [], "maxAge": 1}, "majorHoldersBreakdown": {"maxAge": 1, "insidersPercentHeld": 0.47842997, "institutionsPercentHeld": 0.34691003, "institutionsFloatPercentHeld": 0.66514, "institutionsCount": 61}, "balanceSheetHistoryQuarterly": {"balanceSheetStatements": [{"maxAge": 1, "endDate": "2020-12-31", "totalStockholderEquity": 53756000000, "netTangibleAssets": 52649800000}, {"maxAge": 1, "endDate": "2020-09-30", "cash": 526200000, "shortTermInvestments": 1372800000, "netReceivables": 4998800000, "inventory": 6523800000, "otherCurrentAssets": 1639400000, "totalCurrentAssets": 15061000000, "longTermInvestments": 3150400000, "propertyPlantEquipment": 81191400000, "intangibleAssets": 1106200000, "otherAssets": 5167200000, "deferredLongTermAssetCharges": 3200000, "totalAssets": 105676200000, "accountsPayable": 3958300000, "shortLongTermDebt": 5668400000, "otherCurrentLiab": 8466600000, "longTermDebt": 17497700000, "otherLiab": 10153600000, "minorityInterest": 65900000, "totalCurrentLiabilities": 24124000000, "totalLiab": 51854300000, "commonStock": 235800000, "treasuryStock": 53520200000, "otherStockholderEquity": 53520200000, "totalStockholderEquity": 53756000000, "netTangibleAssets": 52649800000}, {"maxAge": 1, "endDate": "2020-06-30", "totalStockholderEquity": 50013500000, "netTangibleAssets": 49192100000}, {"maxAge": 1, "endDate": "2020-03-31", "cash": 639300000, "netReceivables": 7429000000, "inventory": 6468800000, "otherCurrentAssets": 1059200000, "totalCurrentAssets": 15757100000, "longTermInvestments": 2775900000, "propertyPlantEquipment": 76606500000, "intangibleAssets": 821400000, "otherAssets": 5366700000, "deferredLongTermAssetCharges": 4000000, "totalAssets": 101327600000, "accountsPayable": 3429800000, "shortLongTermDebt": 3916900000, "otherCurrentLiab": 6925400000, "longTermDebt": 18323400000, "otherLiab": 9490500000, "minorityInterest": 56400000, "totalCurrentLiabilities": 23363200000, "totalLiab": 51257700000, "commonStock": 235600000, "retainedEarnings": 48931700000, "treasuryStock": 846200000, "otherStockholderEquity": 846200000, "totalStockholderEquity": 50013500000, "netTangibleAssets": 49192100000}], "maxAge": 86400}, "earningsHistory": {"history": [{"maxAge": 1, "epsActual": 5.0, "epsEstimate": 6.6, "epsDifference": -1.6, "surprisePercent": -0.24200001, "quarter": "2017-12-31", "period": "-4q"}, {"maxAge": 1, "epsActual": 5.0, "epsEstimate": 6.2, "epsDifference": -1.2, "surprisePercent": -0.19399999, "quarter": "2018-03-31", "period": "-3q"}, {"maxAge": 1, "epsActual": 5.0, "epsEstimate": 4.27, "epsDifference": 0.73, "surprisePercent": 0.171, "quarter": "2018-06-30", "period": "-2q"}, {"maxAge": 1, "epsActual": 5.0, "epsEstimate": 3.15, "epsDifference": 1.85, "surprisePercent": 0.587, "quarter": "2018-09-30", "period": "-1q"}], "maxAge": 86400}, "summaryProfile": {"address1": "Auras Corporate Centre", "address2": "V Floor 98-A, Dr. Radhakrishnan Salai Mylapore", "city": "Chennai", "zip": "600004", "country": "India", "phone": "91 44 2847 8666", "fax": "91 44 2847 8676", "website": "http://www.ramcocements.in", "industry": "Building Materials", "sector": "Basic Materials", "longBusinessSummary": "The Ramco Cements Limited manufactures and sells cement and cementious materials in India. It offers Portland Pozzolana, OPC, sulphate resisting, sleeper grade, and rapid hardening Portland cement, as well as ready mix concrete and dry mortar products under the RAMCO brand. The company is also involved in the generation and sale of electricity from wind mills and thermal power plants. As of March 31, 2019, it operated a wind farm with an installed capacity of 125.95 MW comprising 108 wind electric generators. The Ramco Cements Limited also exports its products. The company was formerly known as Madras Cements Ltd. and changed its name to The Ramco Cements Limited in July 2013. The Ramco Cements Limited was incorporated in 1957 and is headquartered in Chennai, India.", "fullTimeEmployees": 3327, "companyOfficers": [], "maxAge": 86400}, "netSharePurchaseActivity": {"maxAge": 1, "period": "6m", "buyInfoCount": 0, "buyInfoShares": 0, "sellInfoCount": 0, "netInfoCount": 0, "netInfoShares": 0, "netPercentInsiderShares": 0.0, "totalInsiderShares": 112813440}, "insiderTransactions": {"transactions": [{"maxAge": 1, "shares": 154000, "value": 1970938, "filerUrl": "", "transactionText": "Sale at price 12.80 per share.", "filerName": "Sri Vishnu Shankar Mill Ltd", "filerRelation": "Promoter", "moneyText": "", "startDate": "2021-02-10", "ownership": "D"}, {"maxAge": 1, "shares": 60000, "value": 81918, "filerUrl": "", "transactionText": "Other at price 1.37 per share.", "filerName": "Dharmakrishnan (A V)", "filerRelation": "UNREPORTED", "moneyText": "", "startDate": "2020-10-14", "ownership": "D"}, {"maxAge": 1, "shares": 6666, "value": 9093, "filerUrl": "", "transactionText": "Other at price 1.36 per share.", "filerName": "Vaithiyanathan (S.)", "filerRelation": "UNREPORTED", "moneyText": "", "startDate": "2020-09-09", "ownership": "D"}, {"maxAge": 1, "shares": 20000, "value": 13778, "filerUrl": "", "transactionText": "Other at price 0.69 per share.", "filerName": "Srinivasan (M.)", "filerRelation": "UNREPORTED", "moneyText": "", "startDate": "2020-09-09", "ownership": "D"}, {"maxAge": 1, "shares": 140000, "value": 55930, "filerUrl": "", "transactionText": "Other at price 0.40 per share.", "filerName": "Dharmakrishnan (A V)", "filerRelation": "UNREPORTED", "moneyText": "", "startDate": "2020-09-09", "ownership": "D"}, {"maxAge": 1, "shares": 4833, "value": 65, "filerUrl": "", "transactionText": "Other at price 0.01 per share.", "filerName": "Moorthy (Balaji K.)", "filerRelation": "UNREPORTED", "moneyText": "", "startDate": "2020-09-09", "ownership": "D"}, {"maxAge": 1, "shares": 4833, "value": 65, "filerUrl": "", "transactionText": "Other at price 0.01 per share.", "filerName": "Selvanayagam (K.)", "filerRelation": "UNREPORTED", "moneyText": "", "startDate": "2020-09-09", "ownership": "D"}, {"maxAge": 1, "shares": 7900, "value": 74054, "filerUrl": "", "transactionText": "Sale at price 9.37 per share.", "filerName": "Vaithiyanathan (S.)", "filerRelation": "UNREPORTED", "moneyText": "", "startDate": "2020-08-19", "ownership": "D"}, {"maxAge": 1, "shares": 327000, "filerUrl": "", "transactionText": "", "filerName": "Sri Vishnu Shankar Mill Ltd", "filerRelation": "Promoter", "moneyText": "", "startDate": "2019-11-11", "ownership": "D"}, {"maxAge": 1, "shares": 308000, "filerUrl": "", "transactionText": "", "filerName": "Sri Vishnu Shankar Mill Ltd", "filerRelation": "Promoter", "moneyText": "", "startDate": "2018-08-28", "ownership": "D"}, {"maxAge": 1, "shares": 507500, "filerUrl": "", "transactionText": "", "filerName": "Raja (Venketrama P R)", "filerRelation": "Director (Non-Executive)", "moneyText": "", "startDate": "2017-07-24", "ownership": "D"}, {"maxAge": 1, "shares": 507500, "filerUrl": "", "transactionText": "", "filerName": "Deepa (Saradha)", "filerRelation": "Promoter", "moneyText": "", "startDate": "2017-07-24", "ownership": "D"}, {"maxAge": 1, "shares": 507500, "filerUrl": "", "transactionText": "", "filerName": "Sudarsanam (R)", "filerRelation": "Promoter", "moneyText": "", "startDate": "2017-07-24", "ownership": "D"}, {"maxAge": 1, "shares": 438960, "filerUrl": "", "transactionText": "", "filerName": "Raja (Venketrama P R)", "filerRelation": "Director", "moneyText": "", "startDate": "2017-06-02", "ownership": "D"}, {"maxAge": 1, "shares": 438960, "filerUrl": "", "transactionText": "", "filerName": "Sudarsanam (R)", "filerRelation": "Promoter", "moneyText": "", "startDate": "2017-06-02", "ownership": "D"}, {"maxAge": 1, "shares": 438960, "filerUrl": "", "transactionText": "", "filerName": "Deepa (Saradha)", "filerRelation": "Promoter", "moneyText": "", "startDate": "2017-06-02", "ownership": "D"}, {"maxAge": 1, "shares": 263000, "filerUrl": "", "transactionText": "", "filerName": "Rajha (Ramasubrahmaneya P R)", "filerRelation": "Chairman of the Board", "moneyText": "", "startDate": "2012-06-01", "ownership": "D"}, {"maxAge": 1, "shares": 71200, "filerUrl": "", "transactionText": "", "filerName": "Raja (Venketrama P R)", "filerRelation": "Promoter", "moneyText": "", "startDate": "2012-06-01", "ownership": "D"}, {"maxAge": 1, "shares": 93400, "filerUrl": "", "transactionText": "", "filerName": "Deepa (Saradha)", "filerRelation": "Promoter", "moneyText": "", "startDate": "2012-06-01", "ownership": "D"}, {"maxAge": 1, "shares": 5242588, "filerUrl": "", "transactionText": "", "filerName": "Platinum Investment Management Ltd A/c Plat", "filerRelation": "Investment Advisor", "moneyText": "", "startDate": "2012-03-26", "ownership": "D"}, {"maxAge": 1, "shares": 1100000, "filerUrl": "", "transactionText": "", "filerName": "Platinum Investment Management Ltd A/c Plat", "filerRelation": "Investment Advisor", "moneyText": "", "startDate": "2009-11-09", "ownership": "D"}], "maxAge": 1}, "sectorTrend": {"maxAge": 1, "symbol": null, "estimates": []}, "incomeStatementHistoryQuarterly": {"incomeStatementHistory": [{"maxAge": 1, "endDate": "2020-12-31", "totalRevenue": 13357800000, "costOfRevenue": 3893100000, "grossProfit": 9464700000, "researchDevelopment": {}, "sellingGeneralAdministrative": 4070400000, "nonRecurring": {}, "otherOperatingExpenses": 1412800000, "totalOperatingExpenses": 10275800000, "operatingIncome": 3082000000, "totalOtherIncomeExpenseNet": -50800000, "ebit": 3082000000, "interestExpense": -159900000, "incomeBeforeTax": 3031200000, "incomeTaxExpense": 964300000, "minorityInterest": {}, "netIncomeFromContinuingOps": 2066900000, "discontinuedOperations": {}, "extraordinaryItems": {}, "effectOfAccountingCharges": {}, "otherItems": {}, "netIncome": 2067100000, "netIncomeApplicableToCommonShares": 2067100000}, {"maxAge": 1, "endDate": "2020-09-30", "totalRevenue": 12513100000, "costOfRevenue": 3163900000, "grossProfit": 9349200000, "researchDevelopment": {}, "sellingGeneralAdministrative": 3579400000, "nonRecurring": {}, "otherOperatingExpenses": 1297000000, "totalOperatingExpenses": 8897800000, "operatingIncome": 3615300000, "totalOtherIncomeExpenseNet": -136100000, "ebit": 3615300000, "interestExpense": -265200000, "incomeBeforeTax": 3479200000, "incomeTaxExpense": 1037000000, "minorityInterest": 65900000, "netIncomeFromContinuingOps": 2442200000, "discontinuedOperations": {}, "extraordinaryItems": {}, "effectOfAccountingCharges": {}, "otherItems": {}, "netIncome": 2435200000, "netIncomeApplicableToCommonShares": 2435200000}, {"maxAge": 1, "endDate": "2020-06-30", "totalRevenue": 10435200000, "costOfRevenue": 3111300000, "grossProfit": 7323900000, "researchDevelopment": {}, "sellingGeneralAdministrative": 3310100000, "nonRecurring": {}, "otherOperatingExpenses": 1384700000, "totalOperatingExpenses": 8653600000, "operatingIncome": 1781600000, "totalOtherIncomeExpenseNet": -140800000, "ebit": 1781600000, "interestExpense": -299300000, "incomeBeforeTax": 1640800000, "incomeTaxExpense": 465800000, "minorityInterest": 65900000, "netIncomeFromContinuingOps": 1175000000, "discontinuedOperations": {}, "extraordinaryItems": {}, "effectOfAccountingCharges": {}, "otherItems": {}, "netIncome": 1172500000, "netIncomeApplicableToCommonShares": 1172500000}, {"maxAge": 1, "endDate": "2020-03-31", "totalRevenue": 13940000000, "costOfRevenue": 7448600000, "grossProfit": 6491400000, "researchDevelopment": {}, "sellingGeneralAdministrative": 4258600000, "nonRecurring": {}, "otherOperatingExpenses": -473500000, "totalOperatingExpenses": 12068600000, "operatingIncome": 1871400000, "totalOtherIncomeExpenseNet": -47000000, "ebit": 1871400000, "interestExpense": -156400000, "incomeBeforeTax": 1824400000, "incomeTaxExpense": 395400000, "minorityInterest": 56400000, "netIncomeFromContinuingOps": 1429000000, "discontinuedOperations": {}, "extraordinaryItems": {}, "effectOfAccountingCharges": {}, "otherItems": {}, "netIncome": 1430800000, "netIncomeApplicableToCommonShares": 1430800000}], "maxAge": 86400}, "cashflowStatementHistoryQuarterly": {"cashflowStatements": [{"maxAge": 1, "endDate": "2020-12-31", "netIncome": 2067100000, "changeToLiabilities": 0}, {"maxAge": 1, "endDate": "2020-09-30", "netIncome": 2435200000, "changeToLiabilities": 0}, {"maxAge": 1, "endDate": "2020-06-30", "netIncome": 1172500000, "changeToLiabilities": 0}, {"maxAge": 1, "endDate": "2020-03-31", "netIncome": 1430800000, "changeToLiabilities": 0}], "maxAge": 86400}, "earnings": {"maxAge": 86400, "earningsChart": {"quarterly": [{"date": "4Q2017", "actual": 5.0, "estimate": 6.6}, {"date": "1Q2018", "actual": 5.0, "estimate": 6.2}, {"date": "2Q2018", "actual": 5.0, "estimate": 4.27}, {"date": "3Q2018", "actual": 5.0, "estimate": 3.15}], "currentQuarterEstimateDate": "4Q", "currentQuarterEstimateYear": 2018, "earningsDate": []}, "financialsChart": {"yearly": [{"date": 2017, "revenue": 39732000000, "earnings": 6627400000}, {"date": 2018, "revenue": 44250700000, "earnings": 5641800000}, {"date": 2019, "revenue": 51623400000, "earnings": 5107200000}, {"date": 2020, "revenue": 53893000000, "earnings": 6041400000}], "quarterly": [{"date": "1Q2020", "revenue": 13940000000, "earnings": 1430800000}, {"date": "2Q2020", "revenue": 10435200000, "earnings": 1172500000}, {"date": "3Q2020", "revenue": 12513100000, "earnings": 2435200000}, {"date": "4Q2020", "revenue": 13357800000, "earnings": 2067100000}]}, "financialCurrency": "INR"}, "financialData": {"maxAge": 86400, "currentPrice": 985.5, "targetHighPrice": 850.0, "targetLowPrice": 520.0, "targetMeanPrice": 669.86, "targetMedianPrice": 690.0, "recommendationKey": "none", "numberOfAnalystOpinions": 22, "totalCash": 1899000064, "totalCashPerShare": 8.053, "ebitda": 13720949760, "totalDebt": 29275799552, "totalRevenue": 50498101248, "debtToEquity": 54.394, "revenuePerShare": 224.091, "grossProfits": 33616400000, "earningsGrowth": 1.25, "revenueGrowth": 0.042, "grossMargins": 0.65114, "ebitdaMargins": 0.27171, "operatingMargins": 0.20898001, "profitMargins": 0.14071, "financialCurrency": "INR"}}}