{"RAMGOPOLY.BO": {"cashflowStatementHistory": {"cashflowStatements": [{"maxAge": 1, "endDate": "2020-03-31", "netIncome": -1935000, "depreciation": 790000, "changeToNetincome": -9785000, "changeToAccountReceivables": -12970000, "changeToLiabilities": 23363000, "changeToInventory": -11374000, "totalCashFromOperatingActivities": -11911000, "capitalExpenditures": -316000, "otherCashflowsFromInvestingActivities": 7676000, "totalCashflowsFromInvestingActivities": 7680000, "netBorrowings": 4666000, "otherCashflowsFromFinancingActivities": -682000, "totalCashFromFinancingActivities": 3984000, "changeInCash": -247000}, {"maxAge": 1, "endDate": "2019-03-31", "netIncome": -4793000, "depreciation": 755000, "changeToNetincome": -8543000, "changeToAccountReceivables": -5570000, "changeToLiabilities": 671000, "changeToInventory": -11374000, "totalCashFromOperatingActivities": -17480000, "capitalExpenditures": -267000, "otherCashflowsFromInvestingActivities": 3608000, "totalCashflowsFromInvestingActivities": 13804000, "netBorrowings": 4464000, "otherCashflowsFromFinancingActivities": -1356000, "totalCashFromFinancingActivities": 3108000, "changeInCash": -568000}, {"maxAge": 1, "endDate": "2018-03-31", "netIncome": -4359000, "depreciation": 921000, "changeToNetincome": -11882000, "changeToAccountReceivables": 2178000, "changeToLiabilities": 223000, "changeToInventory": 17119000, "totalCashFromOperatingActivities": 4200000, "capitalExpenditures": -1472000, "otherCashflowsFromInvestingActivities": 9635000, "totalCashflowsFromInvestingActivities": -4037000, "netBorrowings": 322000, "otherCashflowsFromFinancingActivities": -369000, "totalCashFromFinancingActivities": -47000, "changeInCash": 116000}, {"maxAge": 1, "endDate": "2017-03-31", "netIncome": -17384000, "depreciation": 847000, "changeToNetincome": 9583000, "changeToAccountReceivables": 9761000, "changeToLiabilities": 126000, "changeToInventory": -17119000, "totalCashFromOperatingActivities": -14186000, "capitalExpenditures": -3980000, "otherCashflowsFromInvestingActivities": 11429000, "totalCashflowsFromInvestingActivities": 7699000, "netBorrowings": 2583000, "otherCashflowsFromFinancingActivities": -2339000, "totalCashFromFinancingActivities": 244000, "changeInCash": -6243000}], "maxAge": 86400}, "institutionOwnership": {"ownershipList": [], "maxAge": 1}, "balanceSheetHistoryQuarterly": {"balanceSheetStatements": [{"maxAge": 1, "endDate": "2020-06-30", "totalStockholderEquity": 181579000, "netTangibleAssets": 181579000}, {"maxAge": 1, "endDate": "2020-03-31", "cash": 246000, "netReceivables": 117032000, "inventory": 11374000, "otherCurrentAssets": 7481000, "totalCurrentAssets": 136197000, "longTermInvestments": 88447000, "propertyPlantEquipment": 3550000, "otherAssets": 5407000, "totalAssets": 233601000, "accountsPayable": 24987000, "shortLongTermDebt": 729000, "longTermDebt": 137000, "otherLiab": 14238000, "totalCurrentLiabilities": 37647000, "totalLiab": 52022000, "commonStock": 143963000, "retainedEarnings": -116449000, "treasuryStock": 50095000, "capitalSurplus": 103970000, "otherStockholderEquity": 50095000, "totalStockholderEquity": 181579000, "netTangibleAssets": 181579000}, {"maxAge": 1, "endDate": "2019-12-31", "totalStockholderEquity": 179991000, "netTangibleAssets": 179991000}, {"maxAge": 1, "endDate": "2019-09-30", "cash": 7243000, "netReceivables": 100961000, "inventory": 4130000, "otherCurrentAssets": 3134000, "totalCurrentAssets": 115468000, "longTermInvestments": 85820000, "propertyPlantEquipment": 3926000, "otherAssets": 4506000, "totalAssets": 209720000, "accountsPayable": 13731000, "shortLongTermDebt": 921000, "longTermDebt": 506000, "otherLiab": 13526000, "totalCurrentLiabilities": 15697000, "totalLiab": 29729000, "commonStock": 143963000, "treasuryStock": 36028000, "otherStockholderEquity": 36028000, "totalStockholderEquity": 179991000, "netTangibleAssets": 179991000}], "maxAge": 86400}, "indexTrend": {"maxAge": 1, "symbol": "SP5", "peRatio": 19.7411, "pegRatio": 1.34172, "estimates": [{"period": "0q", "growth": 0.549}, {"period": "+1q", "growth": 0.431}, {"period": "0y", "growth": 0.305}, {"period": "+1y", "growth": 0.109}, {"period": "+5y", "growth": 0.120859005}, {"period": "-5y"}]}, "insiderTransactions": {"transactions": [{"maxAge": 1, "shares": 203500, "filerUrl": "", "transactionText": "", "filerName": "Ramgopal & Sons HUF", "filerRelation": "UNREPORTED", "moneyText": "", "startDate": "2019-03-13", "ownership": "D"}, {"maxAge": 1, "shares": 455000, "filerUrl": "", "transactionText": "", "filerName": "J M Trading Corp.", "filerRelation": "Institution- Corporation", "moneyText": "", "startDate": "2019-03-12", "ownership": "D"}, {"maxAge": 1, "shares": 45000, "filerUrl": "", "transactionText": "", "filerName": "Jatia (Sanjay M)", "filerRelation": "Promoter", "moneyText": "", "startDate": "2018-06-18", "ownership": "D"}, {"maxAge": 1, "shares": 45000, "filerUrl": "", "transactionText": "", "filerName": "Jatia (Sudhir)", "filerRelation": "Promoter", "moneyText": "", "startDate": "2018-06-18", "ownership": "D"}, {"maxAge": 1, "shares": 50000, "filerUrl": "", "transactionText": "", "filerName": "Tarapur Vastra Udyog Pvt. Ltd.", "filerRelation": "Promoter", "moneyText": "", "startDate": "2015-07-06", "ownership": "D"}, {"maxAge": 1, "shares": 10000, "filerUrl": "", "transactionText": "", "filerName": "Tarapur Vastra Udyog Pvt. Ltd.", "filerRelation": "Promoter", "moneyText": "", "startDate": "2014-11-19", "ownership": "D"}], "maxAge": 1}, "quoteType": {"exchange": "BSE", "quoteType": "EQUITY", "symbol": "RAMGOPOLY.BO", "underlyingSymbol": "RAMGOPOLY.BO", "shortName": "RAMGOPAL POLYTEX LTD.", "longName": "Ramgopal Polytex Limited", "firstTradeDateEpochUtc": "1998-12-30 09:15:00", "timeZoneFullName": "Asia/Kolkata", "timeZoneShortName": "IST", "uuid": "207e6d38-b3c2-397f-b491-41fa47bedd27", "gmtOffSetMilliseconds": 19800000, "maxAge": 1}, "incomeStatementHistory": {"incomeStatementHistory": [{"maxAge": 1, "endDate": "2020-03-31", "totalRevenue": 38259000, "costOfRevenue": 34806000, "grossProfit": 3453000, "researchDevelopment": {}, "sellingGeneralAdministrative": 6159000, "nonRecurring": {}, "otherOperatingExpenses": 6728000, "totalOperatingExpenses": 48483000, "operatingIncome": -10224000, "totalOtherIncomeExpenseNet": 8289000, "ebit": -10224000, "interestExpense": -473000, "incomeBeforeTax": -1935000, "incomeTaxExpense": 0, "minorityInterest": {}, "netIncomeFromContinuingOps": -1935000, "discontinuedOperations": {}, "extraordinaryItems": {}, "effectOfAccountingCharges": {}, "otherItems": {}, "netIncome": -1935000, "netIncomeApplicableToCommonShares": -1935000}, {"maxAge": 1, "endDate": "2019-03-31", "totalRevenue": 71092000, "costOfRevenue": 68919000, "grossProfit": 2173000, "researchDevelopment": {}, "sellingGeneralAdministrative": 6444000, "nonRecurring": {}, "otherOperatingExpenses": 9688000, "totalOperatingExpenses": 85806000, "operatingIncome": -14714000, "totalOtherIncomeExpenseNet": 9928000, "ebit": -14714000, "interestExpense": -717000, "incomeBeforeTax": -4786000, "incomeTaxExpense": 7000, "minorityInterest": {}, "netIncomeFromContinuingOps": -4793000, "discontinuedOperations": {}, "extraordinaryItems": {}, "effectOfAccountingCharges": {}, "otherItems": {}, "netIncome": -4793000, "netIncomeApplicableToCommonShares": -4793000}, {"maxAge": 1, "endDate": "2018-03-31", "totalRevenue": 17458000, "costOfRevenue": 17370000, "grossProfit": 88000, "researchDevelopment": {}, "sellingGeneralAdministrative": 6649000, "nonRecurring": {}, "otherOperatingExpenses": 8542000, "totalOperatingExpenses": 33482000, "operatingIncome": -16024000, "totalOtherIncomeExpenseNet": 11665000, "ebit": -16024000, "interestExpense": -370000, "incomeBeforeTax": -4359000, "incomeTaxExpense": 0, "minorityInterest": {}, "netIncomeFromContinuingOps": -4359000, "discontinuedOperations": {}, "extraordinaryItems": {}, "effectOfAccountingCharges": {}, "otherItems": {}, "netIncome": -4359000, "netIncomeApplicableToCommonShares": -4359000}, {"maxAge": 1, "endDate": "2017-03-31", "totalRevenue": 40293000, "costOfRevenue": 37774000, "grossProfit": 2519000, "researchDevelopment": {}, "sellingGeneralAdministrative": 5416000, "nonRecurring": {}, "otherOperatingExpenses": 24067000, "totalOperatingExpenses": 68104000, "operatingIncome": -27811000, "totalOtherIncomeExpenseNet": 10787000, "ebit": -27811000, "interestExpense": -2365000, "incomeBeforeTax": -17024000, "incomeTaxExpense": 360000, "minorityInterest": {}, "netIncomeFromContinuingOps": -17384000, "discontinuedOperations": {}, "extraordinaryItems": {}, "effectOfAccountingCharges": {}, "otherItems": {}, "netIncome": -17384000, "netIncomeApplicableToCommonShares": -17384000}], "maxAge": 86400}, "fundOwnership": {"ownershipList": [], "maxAge": 1}, "summaryDetail": {"maxAge": 1, "priceHint": 4, "previousClose": 1.23, "open": 1.29, "dayLow": 1.17, "dayHigh": 1.29, "regularMarketPreviousClose": 1.23, "regularMarketOpen": 1.29, "regularMarketDayLow": 1.17, "regularMarketDayHigh": 1.29, "volume": 3800, "regularMarketVolume": 3800, "averageVolume": 1657, "averageVolume10days": 30, "averageDailyVolume10Day": 30, "bid": 1.29, "ask": 0.0, "bidSize": 0, "askSize": 0, "marketCap": 18705000, "fiftyTwoWeekLow": 0.5, "fiftyTwoWeekHigh": 2.7, "fiftyDayAverage": 2.040606, "twoHundredDayAverage": 1.5363971, "currency": "INR", "fromCurrency": null, "lastMarket": null, "algorithm": null, "tradeable": false}, "incomeStatementHistoryQuarterly": {"incomeStatementHistory": [{"maxAge": 1, "endDate": "2020-06-30", "totalRevenue": 3498000, "costOfRevenue": 2835000, "grossProfit": 663000, "researchDevelopment": {}, "sellingGeneralAdministrative": 1276000, "nonRecurring": {}, "otherOperatingExpenses": 1269000, "totalOperatingExpenses": 5588000, "operatingIncome": -2090000, "totalOtherIncomeExpenseNet": 2187000, "ebit": -2090000, "interestExpense": -834000, "incomeBeforeTax": 97000, "incomeTaxExpense": 0, "minorityInterest": {}, "netIncomeFromContinuingOps": 97000, "discontinuedOperations": {}, "extraordinaryItems": {}, "effectOfAccountingCharges": {}, "otherItems": {}, "netIncome": 97000, "netIncomeApplicableToCommonShares": 97000}, {"maxAge": 1, "endDate": "2020-03-31", "totalRevenue": 25952000, "costOfRevenue": 23236000, "grossProfit": 2716000, "researchDevelopment": {}, "sellingGeneralAdministrative": 1800000, "nonRecurring": {}, "otherOperatingExpenses": 1162000, "totalOperatingExpenses": 26405000, "operatingIncome": -453000, "totalOtherIncomeExpenseNet": 642000, "ebit": -453000, "interestExpense": -99000, "incomeBeforeTax": 189000, "incomeTaxExpense": 0, "minorityInterest": {}, "netIncomeFromContinuingOps": 189000, "discontinuedOperations": {}, "extraordinaryItems": {}, "effectOfAccountingCharges": {}, "otherItems": {}, "netIncome": 189000, "netIncomeApplicableToCommonShares": 189000}, {"maxAge": 1, "endDate": "2019-12-31", "totalRevenue": 4243000, "costOfRevenue": 4049000, "grossProfit": 194000, "researchDevelopment": {}, "sellingGeneralAdministrative": 1465000, "nonRecurring": {}, "otherOperatingExpenses": 1563000, "totalOperatingExpenses": 7287000, "operatingIncome": -3044000, "totalOtherIncomeExpenseNet": 2390000, "ebit": -3044000, "interestExpense": -100000, "incomeBeforeTax": -654000, "incomeTaxExpense": 0, "minorityInterest": {}, "netIncomeFromContinuingOps": -654000, "discontinuedOperations": {}, "extraordinaryItems": {}, "effectOfAccountingCharges": {}, "otherItems": {}, "netIncome": -654000, "netIncomeApplicableToCommonShares": -654000}, {"maxAge": 1, "endDate": "2019-09-30", "totalRevenue": 8064000, "costOfRevenue": 7521000, "grossProfit": 543000, "researchDevelopment": {}, "sellingGeneralAdministrative": 1460000, "nonRecurring": {}, "otherOperatingExpenses": 2381000, "totalOperatingExpenses": 11550000, "operatingIncome": -3486000, "totalOtherIncomeExpenseNet": 2620000, "ebit": -3486000, "interestExpense": -123000, "incomeBeforeTax": -866000, "incomeTaxExpense": 0, "minorityInterest": {}, "netIncomeFromContinuingOps": -866000, "discontinuedOperations": {}, "extraordinaryItems": {}, "effectOfAccountingCharges": {}, "otherItems": {}, "netIncome": -866000, "netIncomeApplicableToCommonShares": -866000}], "maxAge": 86400}, "cashflowStatementHistoryQuarterly": {"cashflowStatements": [{"maxAge": 1, "endDate": "2020-06-30", "netIncome": 97000, "changeToLiabilities": 0}, {"maxAge": 1, "endDate": "2020-03-31", "netIncome": 189000, "changeToLiabilities": 0}, {"maxAge": 1, "endDate": "2019-12-31", "netIncome": -654000, "changeToLiabilities": 0}, {"maxAge": 1, "endDate": "2019-09-30", "netIncome": -866000, "changeToLiabilities": 0}], "maxAge": 86400}, "insiderHolders": {"holders": [{"maxAge": 1, "name": "J M Trading Corp.", "relation": "Institution- Corporation", "url": "", "transactionDescription": "Other", "latestTransDate": "2019-03-12", "positionDirect": 455000, "positionDirectDate": "2019-03-12"}, {"maxAge": 1, "name": "Jatia (Sanjay M)", "relation": "Promoter", "url": "", "transactionDescription": "Acquisition", "latestTransDate": "2018-06-18", "positionDirect": 61800, "positionDirectDate": "2018-06-18"}, {"maxAge": 1, "name": "Jatia (Sudhir)", "relation": "Promoter", "url": "", "transactionDescription": "Sale", "latestTransDate": "2018-06-18", "positionDirect": 0, "positionDirectDate": "2018-06-18"}, {"maxAge": 1, "name": "Ramgopal & Sons HUF", "relation": "UNREPORTED", "url": "", "transactionDescription": "Other", "latestTransDate": "2019-03-13", "positionDirect": 203500, "positionDirectDate": "2019-03-13"}, {"maxAge": 1, "name": "Tarapur Vastra Udyog Pvt. Ltd.", "relation": "Promoter", "url": "", "transactionDescription": "Purchase", "latestTransDate": "2015-07-06", "positionDirect": 251100, "positionDirectDate": "2015-07-06"}], "maxAge": 1}, "calendarEvents": {"maxAge": 1, "earnings": {"earningsDate": []}}, "upgradeDowngradeHistory": {"history": [], "maxAge": 86400}, "price": {"maxAge": 1, "regularMarketChangePercent": 0.04878044, "regularMarketChange": 0.059999943, "regularMarketTime": "2021-04-30 13:34:38", "priceHint": 4, "regularMarketPrice": 1.29, "regularMarketDayHigh": 1.29, "regularMarketDayLow": 1.17, "regularMarketVolume": 3800, "averageDailyVolume10Day": 30, "averageDailyVolume3Month": 1657, "regularMarketPreviousClose": 1.23, "regularMarketSource": "FREE_REALTIME", "regularMarketOpen": 1.29, "exchange": "BSE", "exchangeName": "BSE", "exchangeDataDelayedBy": 0, "marketState": "CLOSED", "quoteType": "EQUITY", "symbol": "RAMGOPOLY.BO", "underlyingSymbol": null, "shortName": "RAMGOPAL POLYTEX LTD.", "longName": "Ramgopal Polytex Limited", "currency": "INR", "quoteSourceName": "Delayed Quote", "currencySymbol": "\u20b9", "fromCurrency": null, "lastMarket": null, "marketCap": 18705000}, "balanceSheetHistory": {"balanceSheetStatements": [{"maxAge": 1, "endDate": "2020-03-31", "cash": 246000, "netReceivables": 117032000, "inventory": 11374000, "otherCurrentAssets": 7481000, "totalCurrentAssets": 136197000, "longTermInvestments": 88447000, "propertyPlantEquipment": 3550000, "otherAssets": 5407000, "totalAssets": 233601000, "accountsPayable": 24987000, "shortLongTermDebt": 729000, "longTermDebt": 137000, "otherLiab": 14238000, "totalCurrentLiabilities": 37647000, "totalLiab": 52022000, "commonStock": 143963000, "retainedEarnings": -116449000, "treasuryStock": 50095000, "capitalSurplus": 103970000, "otherStockholderEquity": 50095000, "totalStockholderEquity": 181579000, "netTangibleAssets": 181579000}, {"maxAge": 1, "endDate": "2019-03-31", "cash": 493000, "netReceivables": 101828000, "otherCurrentAssets": 7000000, "totalCurrentAssets": 109432000, "longTermInvestments": 85820000, "propertyPlantEquipment": 4024000, "otherAssets": 4422000, "totalAssets": 203698000, "accountsPayable": 744000, "shortLongTermDebt": 1078000, "longTermDebt": 859000, "otherLiab": 12927000, "totalCurrentLiabilities": 8001000, "totalLiab": 21787000, "commonStock": 143963000, "retainedEarnings": -114514000, "treasuryStock": 48492000, "capitalSurplus": 103970000, "otherStockholderEquity": 48492000, "totalStockholderEquity": 181911000, "netTangibleAssets": 181911000}, {"maxAge": 1, "endDate": "2018-03-31", "cash": 1061000, "netReceivables": 106132000, "totalCurrentAssets": 107285000, "longTermInvestments": 81198000, "propertyPlantEquipment": 4561000, "otherAssets": 5756000, "totalAssets": 198800000, "accountsPayable": 555000, "shortLongTermDebt": 968000, "longTermDebt": 1937000, "otherLiab": 12340000, "totalCurrentLiabilities": 1651000, "totalLiab": 15928000, "commonStock": 143963000, "retainedEarnings": -109721000, "treasuryStock": 44660000, "capitalSurplus": 103970000, "otherStockholderEquity": 44660000, "totalStockholderEquity": 182872000, "netTangibleAssets": 182872000}, {"maxAge": 1, "endDate": "2017-03-31", "cash": 945000, "netReceivables": 92719000, "inventory": 17119000, "otherCurrentAssets": 266000, "totalCurrentAssets": 111128000, "longTermInvestments": 80331000, "propertyPlantEquipment": 4957000, "otherAssets": 5349000, "totalAssets": 201765000, "accountsPayable": 490000, "shortLongTermDebt": 507000, "longTermDebt": 2077000, "otherLiab": 11934000, "totalCurrentLiabilities": 1324000, "totalLiab": 15335000, "commonStock": 143963000, "retainedEarnings": -105362000, "treasuryStock": 43859000, "capitalSurplus": 103970000, "otherStockholderEquity": 43859000, "totalStockholderEquity": 186430000, "netTangibleAssets": 186430000}], "maxAge": 86400}, "financialData": {"maxAge": 86400, "currentPrice": 1.29, "recommendationKey": "none", "grossProfits": 3453000, "financialCurrency": "INR"}}}