{"RAMINFO.BO": {"cashflowStatementHistory": {"cashflowStatements": [{"maxAge": 1, "endDate": "2020-03-31", "netIncome": 7639000, "depreciation": 11800000, "changeToNetincome": -2139000, "changeToAccountReceivables": 46900000, "changeToLiabilities": -1800000, "changeToInventory": -8300000, "changeToOperatingActivities": -9700000, "totalCashFromOperatingActivities": 44400000, "capitalExpenditures": -45400000, "investments": -9400000, "otherCashflowsFromInvestingActivities": 6500000, "totalCashflowsFromInvestingActivities": -48300000, "netBorrowings": -9700000, "otherCashflowsFromFinancingActivities": -500000, "totalCashFromFinancingActivities": -10200000, "changeInCash": -14100000}, {"maxAge": 1, "endDate": "2019-03-31", "netIncome": 17720000, "depreciation": 4102000, "changeToNetincome": -579000, "changeToAccountReceivables": -20185000, "changeToLiabilities": -34894000, "changeToInventory": 3366000, "changeToOperatingActivities": 27672000, "totalCashFromOperatingActivities": -963000, "capitalExpenditures": -12540000, "investments": -7848000, "otherCashflowsFromInvestingActivities": 6285000, "totalCashflowsFromInvestingActivities": -14103000, "netBorrowings": 908000, "otherCashflowsFromFinancingActivities": 6296000, "totalCashFromFinancingActivities": 28854000, "changeInCash": 13788000, "issuanceOfStock": 21650000}, {"maxAge": 1, "endDate": "2018-03-31", "netIncome": 12475000, "depreciation": 5237000, "changeToNetincome": -690000, "changeToAccountReceivables": -107456000, "changeToLiabilities": 83297000, "changeToInventory": -3366000, "changeToOperatingActivities": 8385000, "totalCashFromOperatingActivities": -309000, "capitalExpenditures": -6190000, "investments": -2749000, "otherCashflowsFromInvestingActivities": 1414000, "totalCashflowsFromInvestingActivities": -7525000, "netBorrowings": 3841000, "otherCashflowsFromFinancingActivities": -2453000, "totalCashFromFinancingActivities": 1388000, "changeInCash": -6446000, "issuanceOfStock": 21650000}, {"maxAge": 1, "endDate": "2017-03-31", "netIncome": 12207000, "depreciation": 4316000, "changeToNetincome": -1297000, "changeToAccountReceivables": -17212000, "changeToLiabilities": 19020000, "changeToInventory": 11012000, "changeToOperatingActivities": -3113000, "totalCashFromOperatingActivities": 26742000, "capitalExpenditures": -7018000, "investments": -14739000, "otherCashflowsFromInvestingActivities": -2071000, "totalCashflowsFromInvestingActivities": -23828000, "netBorrowings": 5860000, "otherCashflowsFromFinancingActivities": -3265000, "totalCashFromFinancingActivities": 2595000, "changeInCash": 5508000, "issuanceOfStock": 21650000}], "maxAge": 86400}, "institutionOwnership": {"maxAge": 1, "ownershipList": []}, "balanceSheetHistoryQuarterly": {"balanceSheetStatements": [{"maxAge": 1, "endDate": "2020-06-30", "totalStockholderEquity": 171800000, "netTangibleAssets": 171700000}, {"maxAge": 1, "endDate": "2020-03-31", "cash": 900000, "shortTermInvestments": 90300000, "netReceivables": 206000000, "inventory": 8300000, "otherCurrentAssets": 30900000, "totalCurrentAssets": 336400000, "propertyPlantEquipment": 62200000, "intangibleAssets": 100000, "otherAssets": 24900000, "deferredLongTermAssetCharges": 9500000, "totalAssets": 423600000, "accountsPayable": 88000000, "otherCurrentLiab": 99000000, "otherLiab": 2100000, "totalCurrentLiabilities": 249700000, "totalLiab": 251800000, "commonStock": 67100000, "treasuryStock": 104700000, "otherStockholderEquity": 104700000, "totalStockholderEquity": 171800000, "netTangibleAssets": 171700000}, {"maxAge": 1, "endDate": "2019-12-31", "totalStockholderEquity": 171973000, "netTangibleAssets": 170504000}, {"maxAge": 1, "endDate": "2019-09-30", "cash": 1146000, "shortTermInvestments": 75379000, "netReceivables": 253315000, "inventory": 8330000, "otherCurrentAssets": 32174000, "totalCurrentAssets": 370344000, "longTermInvestments": 19000, "propertyPlantEquipment": 67034000, "intangibleAssets": 1469000, "otherAssets": 25596000, "deferredLongTermAssetCharges": 10471000, "totalAssets": 464462000, "accountsPayable": 106872000, "otherCurrentLiab": 116947000, "otherLiab": 2060000, "totalCurrentLiabilities": 290429000, "totalLiab": 292489000, "commonStock": 67136000, "treasuryStock": 104837000, "otherStockholderEquity": 104837000, "totalStockholderEquity": 171973000, "netTangibleAssets": 170504000}], "maxAge": 86400}, "indexTrend": {"maxAge": 1, "symbol": "SP5", "peRatio": 19.7411, "pegRatio": 1.34172, "estimates": [{"period": "0q", "growth": 0.549}, {"period": "+1q", "growth": 0.431}, {"period": "0y", "growth": 0.305}, {"period": "+1y", "growth": 0.109}, {"period": "+5y", "growth": 0.120859005}, {"period": "-5y"}]}, "insiderTransactions": {"transactions": [{"maxAge": 1, "shares": 100, "filerUrl": "", "transactionText": "", "filerName": "Elimineti (Aruna Rani)", "filerRelation": "UNREPORTED", "moneyText": "", "startDate": "2020-03-27", "ownership": "D"}, {"maxAge": 1, "shares": 113956, "filerUrl": "", "transactionText": "", "filerName": "Elemineti (Laxmi)", "filerRelation": "UNREPORTED", "moneyText": "", "startDate": "2020-03-20", "ownership": "D"}, {"maxAge": 1, "shares": 20000, "filerUrl": "", "transactionText": "", "filerName": "Elimineti (Aruna Rani)", "filerRelation": "UNREPORTED", "moneyText": "", "startDate": "2020-03-20", "ownership": "D"}, {"maxAge": 1, "shares": 233000, "filerUrl": "", "transactionText": "", "filerName": "Elimineti (Aruna Rani)", "filerRelation": "UNREPORTED", "moneyText": "", "startDate": "2019-03-29", "ownership": "D"}, {"maxAge": 1, "shares": 53216, "filerUrl": "", "transactionText": "", "filerName": "Elimineti (Aruna Rani)", "filerRelation": "UNREPORTED", "moneyText": "", "startDate": "2018-11-01", "ownership": "D"}], "maxAge": 1}, "quoteType": {"exchange": "BSE", "quoteType": "EQUITY", "symbol": "RAMINFO.BO", "underlyingSymbol": "RAMINFO.BO", "shortName": "RAMINFO LIMITED", "longName": "Raminfo Limited", "firstTradeDateEpochUtc": "2000-06-05 09:15:00", "timeZoneFullName": "Asia/Kolkata", "timeZoneShortName": "IST", "uuid": "9f190e5c-ab67-3a51-87b3-8abfbc3a5fe2", "messageBoardId": null, "gmtOffSetMilliseconds": 19800000, "maxAge": 1}, "incomeStatementHistory": {"incomeStatementHistory": [{"maxAge": 1, "endDate": "2020-03-31", "totalRevenue": 290544000, "costOfRevenue": 245315000, "grossProfit": 45229000, "researchDevelopment": {}, "sellingGeneralAdministrative": 33148000, "nonRecurring": {}, "otherOperatingExpenses": {}, "totalOperatingExpenses": 290300000, "operatingIncome": 244000, "totalOtherIncomeExpenseNet": 6837000, "ebit": 244000, "interestExpense": -5504000, "incomeBeforeTax": 7081000, "incomeTaxExpense": -558000, "minorityInterest": {}, "netIncomeFromContinuingOps": 7639000, "discontinuedOperations": {}, "extraordinaryItems": {}, "effectOfAccountingCharges": {}, "otherItems": {}, "netIncome": 7639000, "netIncomeApplicableToCommonShares": 7639000}, {"maxAge": 1, "endDate": "2019-03-31", "totalRevenue": 328977000, "costOfRevenue": 269343000, "grossProfit": 59634000, "researchDevelopment": {}, "sellingGeneralAdministrative": 4067000, "nonRecurring": {}, "otherOperatingExpenses": 36634000, "totalOperatingExpenses": 315982000, "operatingIncome": 12995000, "totalOtherIncomeExpenseNet": 1595000, "ebit": 12995000, "interestExpense": -5791000, "incomeBeforeTax": 14590000, "incomeTaxExpense": -3130000, "minorityInterest": {}, "netIncomeFromContinuingOps": 17720000, "discontinuedOperations": {}, "extraordinaryItems": {}, "effectOfAccountingCharges": {}, "otherItems": {}, "netIncome": 17720000, "netIncomeApplicableToCommonShares": 17720000}, {"maxAge": 1, "endDate": "2018-03-31", "totalRevenue": 261269000, "costOfRevenue": 227468000, "grossProfit": 33801000, "researchDevelopment": {}, "sellingGeneralAdministrative": 3681000, "nonRecurring": {}, "otherOperatingExpenses": 17353000, "totalOperatingExpenses": 255547000, "operatingIncome": 5722000, "totalOtherIncomeExpenseNet": 4257000, "ebit": 5722000, "interestExpense": -2452000, "incomeBeforeTax": 9979000, "incomeTaxExpense": -2343000, "minorityInterest": -128000, "netIncomeFromContinuingOps": 12322000, "discontinuedOperations": {}, "extraordinaryItems": {}, "effectOfAccountingCharges": {}, "otherItems": {}, "netIncome": 12475000, "netIncomeApplicableToCommonShares": 12475000}, {"maxAge": 1, "endDate": "2017-03-31", "totalRevenue": 203959000, "costOfRevenue": 163698000, "grossProfit": 40261000, "researchDevelopment": {}, "sellingGeneralAdministrative": 2202000, "nonRecurring": {}, "otherOperatingExpenses": 21592000, "totalOperatingExpenses": 193616000, "operatingIncome": 10343000, "totalOtherIncomeExpenseNet": -1213000, "ebit": 10343000, "interestExpense": -1806000, "incomeBeforeTax": 9130000, "incomeTaxExpense": -3085000, "minorityInterest": 25000, "netIncomeFromContinuingOps": 12215000, "discontinuedOperations": {}, "extraordinaryItems": {}, "effectOfAccountingCharges": {}, "otherItems": {}, "netIncome": 12207000, "netIncomeApplicableToCommonShares": 12207000}], "maxAge": 86400}, "fundOwnership": {"maxAge": 1, "ownershipList": []}, "summaryDetail": {"maxAge": 1, "priceHint": 2, "previousClose": 31.25, "open": 31.9, "dayLow": 31.7, "dayHigh": 31.9, "regularMarketPreviousClose": 31.25, "regularMarketOpen": 31.9, "regularMarketDayLow": 31.7, "regularMarketDayHigh": 31.9, "volume": 300, "regularMarketVolume": 300, "averageVolume": 5202, "averageVolume10days": 7036, "averageDailyVolume10Day": 7036, "bid": 31.9, "ask": 32.0, "bidSize": 0, "askSize": 0, "marketCap": 213158064, "fiftyTwoWeekLow": 8.8, "fiftyTwoWeekHigh": 39.1, "fiftyDayAverage": 32.35143, "twoHundredDayAverage": 21.83197, "currency": "INR", "fromCurrency": null, "toCurrency": null, "lastMarket": null, "algorithm": null, "tradeable": false}, "incomeStatementHistoryQuarterly": {"incomeStatementHistory": [{"maxAge": 1, "endDate": "2020-06-30", "totalRevenue": 49376000, "costOfRevenue": 49430000, "grossProfit": -54000, "researchDevelopment": {}, "sellingGeneralAdministrative": 1544000, "nonRecurring": {}, "otherOperatingExpenses": {}, "totalOperatingExpenses": 53224000, "operatingIncome": -3848000, "totalOtherIncomeExpenseNet": 2395000, "ebit": -3848000, "interestExpense": -98000, "incomeBeforeTax": -1453000, "incomeTaxExpense": 0, "minorityInterest": {}, "netIncomeFromContinuingOps": -1453000, "discontinuedOperations": {}, "extraordinaryItems": {}, "effectOfAccountingCharges": {}, "otherItems": {}, "netIncome": -1453000, "netIncomeApplicableToCommonShares": -1453000}, {"maxAge": 1, "endDate": "2020-03-31", "totalRevenue": 98889000, "costOfRevenue": 86049000, "grossProfit": 12840000, "researchDevelopment": {}, "sellingGeneralAdministrative": 7138000, "nonRecurring": {}, "otherOperatingExpenses": {}, "totalOperatingExpenses": 100374000, "operatingIncome": -1485000, "totalOtherIncomeExpenseNet": 1066000, "ebit": -1485000, "interestExpense": -1059000, "incomeBeforeTax": -419000, "incomeTaxExpense": 900000, "minorityInterest": {}, "netIncomeFromContinuingOps": -1319000, "discontinuedOperations": {}, "extraordinaryItems": {}, "effectOfAccountingCharges": {}, "otherItems": {}, "netIncome": -1319000, "netIncomeApplicableToCommonShares": -1319000}, {"maxAge": 1, "endDate": "2019-12-31", "totalRevenue": 56336000, "costOfRevenue": 51516000, "grossProfit": 4820000, "researchDevelopment": {}, "sellingGeneralAdministrative": 4071000, "nonRecurring": {}, "otherOperatingExpenses": {}, "totalOperatingExpenses": 57137000, "operatingIncome": -801000, "totalOtherIncomeExpenseNet": 2019000, "ebit": -801000, "interestExpense": -1286000, "incomeBeforeTax": 1218000, "incomeTaxExpense": 46000, "minorityInterest": {}, "netIncomeFromContinuingOps": 1172000, "discontinuedOperations": {}, "extraordinaryItems": {}, "effectOfAccountingCharges": {}, "otherItems": {}, "netIncome": 1172000, "netIncomeApplicableToCommonShares": 1172000}, {"maxAge": 1, "endDate": "2019-09-30", "totalRevenue": 64826000, "costOfRevenue": 52518000, "grossProfit": 12308000, "researchDevelopment": {}, "sellingGeneralAdministrative": 11575000, "nonRecurring": {}, "otherOperatingExpenses": {}, "totalOperatingExpenses": 65643000, "operatingIncome": -817000, "totalOtherIncomeExpenseNet": 3085000, "ebit": -817000, "interestExpense": -1442000, "incomeBeforeTax": 2268000, "incomeTaxExpense": 757000, "minorityInterest": {}, "netIncomeFromContinuingOps": 1511000, "discontinuedOperations": {}, "extraordinaryItems": {}, "effectOfAccountingCharges": {}, "otherItems": {}, "netIncome": 1511000, "netIncomeApplicableToCommonShares": 1511000}], "maxAge": 86400}, "cashflowStatementHistoryQuarterly": {"cashflowStatements": [{"maxAge": 1, "endDate": "2020-06-30", "netIncome": -1453000, "changeToLiabilities": 0}, {"maxAge": 1, "endDate": "2020-03-31", "netIncome": -1319000, "changeToLiabilities": 0}, {"maxAge": 1, "endDate": "2019-12-31", "netIncome": 1172000, "changeToLiabilities": 0}, {"maxAge": 1, "endDate": "2019-09-30", "netIncome": 1511000, "changeToLiabilities": 0}], "maxAge": 86400}, "insiderHolders": {"holders": [{"maxAge": 1, "name": "Elemineti (Laxmi)", "relation": "UNREPORTED", "url": "", "transactionDescription": "Gift", "latestTransDate": "2020-03-20", "positionDirect": 162956, "positionDirectDate": "2020-03-20"}, {"maxAge": 1, "name": "Elimineti (Aruna Rani)", "relation": "UNREPORTED", "url": "", "transactionDescription": "Acquisition", "latestTransDate": "2020-03-27", "positionDirect": 355076, "positionDirectDate": "2020-03-27"}], "maxAge": 1}, "calendarEvents": {"maxAge": 1, "earnings": {"earningsDate": ["2020-09-15 05:30:S"]}}, "price": {"maxAge": 1, "regularMarketChangePercent": 0.016, "regularMarketChange": 0.5, "regularMarketTime": "2021-04-30 15:08:47", "priceHint": 2, "regularMarketPrice": 31.75, "regularMarketDayHigh": 31.9, "regularMarketDayLow": 31.7, "regularMarketVolume": 300, "averageDailyVolume10Day": 7036, "averageDailyVolume3Month": 5202, "regularMarketPreviousClose": 31.25, "regularMarketSource": "FREE_REALTIME", "regularMarketOpen": 31.9, "exchange": "BSE", "exchangeName": "BSE", "exchangeDataDelayedBy": 0, "marketState": "CLOSED", "quoteType": "EQUITY", "symbol": "RAMINFO.BO", "underlyingSymbol": null, "shortName": "RAMINFO LIMITED", "longName": "Raminfo Limited", "currency": "INR", "quoteSourceName": "Delayed Quote", "currencySymbol": "\u20b9", "fromCurrency": null, "toCurrency": null, "lastMarket": null, "marketCap": 213158064}, "balanceSheetHistory": {"balanceSheetStatements": [{"maxAge": 1, "endDate": "2020-03-31", "cash": 900000, "shortTermInvestments": 90300000, "netReceivables": 206000000, "inventory": 8300000, "otherCurrentAssets": 30900000, "totalCurrentAssets": 336400000, "propertyPlantEquipment": 62200000, "intangibleAssets": 100000, "otherAssets": 24900000, "deferredLongTermAssetCharges": 9500000, "totalAssets": 423600000, "accountsPayable": 88000000, "otherCurrentLiab": 99000000, "otherLiab": 2100000, "totalCurrentLiabilities": 249700000, "totalLiab": 251800000, "commonStock": 67100000, "treasuryStock": 104700000, "otherStockholderEquity": 104700000, "totalStockholderEquity": 171800000, "netTangibleAssets": 171700000}, {"maxAge": 1, "endDate": "2019-03-31", "cash": 15054000, "shortTermInvestments": 60277000, "netReceivables": 247897000, "otherCurrentAssets": 35315000, "totalCurrentAssets": 358869000, "longTermInvestments": 19000, "propertyPlantEquipment": 25884000, "intangibleAssets": 2817000, "otherAssets": 22673000, "deferredLongTermAssetCharges": 8962000, "totalAssets": 410262000, "accountsPayable": 89784000, "shortLongTermDebt": 42820000, "otherCurrentLiab": 92995000, "otherLiab": 2160000, "totalCurrentLiabilities": 248911000, "totalLiab": 251071000, "commonStock": 67136000, "retainedEarnings": 62647000, "treasuryStock": 12088000, "capitalSurplus": 17320000, "otherStockholderEquity": 12088000, "totalStockholderEquity": 159191000, "netTangibleAssets": 156374000}, {"maxAge": 1, "endDate": "2018-03-31", "cash": 1266000, "shortTermInvestments": 36058000, "netReceivables": 210412000, "inventory": 3366000, "otherCurrentAssets": 48922000, "totalCurrentAssets": 300269000, "propertyPlantEquipment": 16735000, "intangibleAssets": 5364000, "otherAssets": 16188000, "deferredLongTermAssetCharges": 5832000, "totalAssets": 338556000, "accountsPayable": 124678000, "shortLongTermDebt": 544000, "otherCurrentLiab": 55325000, "otherLiab": 2648000, "minorityInterest": -128000, "totalCurrentLiabilities": 229438000, "totalLiab": 232086000, "commonStock": 62806000, "retainedEarnings": 43792000, "totalStockholderEquity": 106598000, "netTangibleAssets": 101234000}, {"maxAge": 1, "endDate": "2017-03-31", "cash": 7712000, "netReceivables": 102966000, "otherCurrentAssets": 33591000, "totalCurrentAssets": 144304000, "longTermInvestments": 177000, "propertyPlantEquipment": 14908000, "intangibleAssets": 8046000, "otherAssets": 48188000, "deferredLongTermAssetCharges": 11277000, "totalAssets": 215623000, "accountsPayable": 58613000, "shortLongTermDebt": 544000, "otherCurrentLiab": 7843000, "longTermDebt": 594000, "otherLiab": 18664000, "minorityInterest": 25000, "totalCurrentLiabilities": 101475000, "totalLiab": 120733000, "commonStock": 62806000, "retainedEarnings": 32059000, "totalStockholderEquity": 94865000, "netTangibleAssets": 86819000}], "maxAge": 86400}, "financialData": {"maxAge": 86400, "currentPrice": 31.75, "recommendationKey": "none", "grossProfits": 45229000, "financialCurrency": "INR"}}}