{"RAMKY.NS": {"assetProfile": {"address1": "Ramky Grandiose", "address2": "15th Floor Sy No 136/2 & 4 Gachibowli", "city": "Hyderabad", "zip": "500032", "country": "India", "phone": "91 40 2301 5000", "fax": "91 40 2301 5444", "website": "http://www.ramkyinfrastructure.com", "industry": "Engineering & Construction", "sector": "Industrials", "longBusinessSummary": "Ramky Infrastructure Limited, together with its subsidiaries, provides integrated construction, infrastructure development, and management services primarily in India. It operates through Construction Business, Developer Business, and Others segments. The company constructs water and waste water projects, such as water treatment plants, water transmission and distribution systems, elevated and ground level service reservoirs, sewage treatment plants, common effluent treatment plants, tertiary treatment plants, underground drainage systems, and lake restorations; and irrigation projects, including cross-drainage works, lift irrigation projects, canals, feeder channels, dams, and barrages. It also undertakes industrial construction projects comprising industrial parks, SEZs, and related works; roads and bridges projects, such as expressways, highways, bridges, flyovers, rural roads, terminals, and dedicated service corridors; commercial, residential, public, institutional, corporate buildings, mass housing projects, healthcare infrastructure, integrated townships projects, and related infrastructure facilities, including hospitals and shopping malls; and power transmission and distribution projects comprising electricity transmission networks, substation feeder lines, and low tension distribution lines. In addition, the company develops various development projects based on public private partnership. Further, it offers infrastructure and property development, waste management, and environment consultancy services. Ramky Infrastructure Limited was founded in 1994 and is headquartered in Hyderabad, India.", "fullTimeEmployees": 516, "companyOfficers": [{"maxAge": 1, "name": "Mr. Yancharla Ratnakar Nagaraja", "age": 58, "title": "MD & Exec. Director", "yearBorn": 1962, "fiscalYear": 2020, "totalPay": 0, "exercisedValue": 0, "unexercisedValue": 0}, {"maxAge": 1, "name": "Mr. Sanjay Kumar Sultania", "age": 49, "title": "Chief Financial Officer", "yearBorn": 1971, "fiscalYear": 2020, "totalPay": 6180000, "exercisedValue": 0, "unexercisedValue": 0}, {"maxAge": 1, "name": "Mr. Polimetla Ravi Prasad", "age": 45, "title": "Head of Operations & Whole-time Director", "yearBorn": 1975, "fiscalYear": 2020, "totalPay": 3002560, "exercisedValue": 0, "unexercisedValue": 0}, {"maxAge": 1, "name": "Mr. D. Prasad Rege", "age": 52, "title": "Head of W & WW and Assistant VP", "yearBorn": 1968, "exercisedValue": 0, "unexercisedValue": 0}, {"maxAge": 1, "name": "Mr. Divakar  Marri", "title": "Head of Corp. Planning & Program Management  and VP - Projects", "exercisedValue": 0, "unexercisedValue": 0}, {"maxAge": 1, "name": "Mr. K. V. N. Reddy", "title": "GM of SAP & IT and IT Head & Program Management (PMO)", "exercisedValue": 0, "unexercisedValue": 0}, {"maxAge": 1, "name": "Mr. Arjun  Upadhyay", "age": 27, "title": "Company Sec.", "yearBorn": 1993, "exercisedValue": 0, "unexercisedValue": 0}, {"maxAge": 1, "name": "Mr. P. Eswar Reddy", "title": "Exec. Officer", "exercisedValue": 0, "unexercisedValue": 0}], "compensationAsOfEpochDate": "2020-12-31 05:30:00", "maxAge": 86400}, "recommendationTrend": {"trend": [{"period": "0m", "strongBuy": 0, "buy": 0, "hold": 0, "sell": 0, "strongSell": 0}, {"period": "-1m", "strongBuy": 0, "buy": 0, "hold": 0, "sell": 0, "strongSell": 0}, {"period": "-2m", "strongBuy": 0, "buy": 0, "hold": 0, "sell": 0, "strongSell": 0}, {"period": "-3m", "strongBuy": 0, "buy": 0, "hold": 0, "sell": 0, "strongSell": 0}], "maxAge": 86400}, "cashflowStatementHistory": {"cashflowStatements": [{"maxAge": 1, "endDate": "2020-03-31", "netIncome": -1980540000, "depreciation": 453520000, "changeToNetincome": 3467790000, "changeToAccountReceivables": 546740000, "changeToLiabilities": -156880000, "changeToInventory": 120280000, "changeToOperatingActivities": 180520000, "totalCashFromOperatingActivities": 2632330000, "capitalExpenditures": -59320000, "otherCashflowsFromInvestingActivities": 393480000, "totalCashflowsFromInvestingActivities": 296430000, "netBorrowings": -1582240000, "otherCashflowsFromFinancingActivities": -369300000, "totalCashFromFinancingActivities": -1951540000, "changeInCash": 977220000}, {"maxAge": 1, "endDate": "2019-03-31", "netIncome": 150390000, "depreciation": 467720000, "changeToNetincome": 2866400000, "changeToAccountReceivables": 3358630000, "changeToLiabilities": -1294950000, "changeToInventory": 1314880000, "changeToOperatingActivities": -2833730000, "totalCashFromOperatingActivities": 4040700000, "capitalExpenditures": -137410000, "investments": 968000000, "otherCashflowsFromInvestingActivities": 232190000, "totalCashflowsFromInvestingActivities": 1062780000, "dividendsPaid": -17910000, "netBorrowings": -2196730000, "otherCashflowsFromFinancingActivities": -2559640000, "totalCashFromFinancingActivities": -4774280000, "changeInCash": 329200000}, {"maxAge": 1, "endDate": "2018-03-31", "netIncome": 285910000, "depreciation": 495890000, "changeToNetincome": 1428910000, "changeToAccountReceivables": 2438280000, "changeToLiabilities": 1216630000, "changeToInventory": 65380000, "changeToOperatingActivities": -1779250000, "totalCashFromOperatingActivities": 4210300000, "capitalExpenditures": -633030000, "investments": -4240000, "otherCashflowsFromInvestingActivities": 431220000, "totalCashflowsFromInvestingActivities": -206050000, "dividendsPaid": -17910000, "netBorrowings": -265200000, "otherCashflowsFromFinancingActivities": -3948680000, "totalCashFromFinancingActivities": -4213880000, "changeInCash": -209620000}, {"maxAge": 1, "endDate": "2017-03-31", "netIncome": -60420000, "depreciation": 565580000, "changeToNetincome": 2382700000, "changeToAccountReceivables": -1833520000, "changeToLiabilities": 1545490000, "changeToInventory": 1987340000, "changeToOperatingActivities": -1110930000, "totalCashFromOperatingActivities": 3504620000, "capitalExpenditures": -633030000, "investments": -2480000, "otherCashflowsFromInvestingActivities": 183930000, "totalCashflowsFromInvestingActivities": 779670000, "dividendsPaid": -17910000, "netBorrowings": -1374020000, "otherCashflowsFromFinancingActivities": -3535700000, "totalCashFromFinancingActivities": -4909720000, "changeInCash": -625430000}], "maxAge": 86400}, "indexTrend": {"maxAge": 1, "symbol": "SP5", "peRatio": 19.7411, "pegRatio": 1.34172, "estimates": [{"period": "0q", "growth": 0.549}, {"period": "+1q", "growth": 0.431}, {"period": "0y", "growth": 0.305}, {"period": "+1y", "growth": 0.109}, {"period": "+5y", "growth": 0.120865}, {"period": "-5y"}]}, "defaultKeyStatistics": {"maxAge": 1, "priceHint": 2, "enterpriseValue": 19674277888, "profitMargins": -0.15758, "floatShares": 16647701, "sharesOutstanding": 69197800, "heldPercentInsiders": 0.72236, "heldPercentInstitutions": 0.0, "beta": 1.237094, "category": null, "bookValue": 25.825, "priceToBook": 2.8344626, "fundFamily": null, "legalType": null, "lastFiscalYearEnd": "2020-03-31 05:30:00", "nextFiscalYearEnd": "2022-03-31 05:30:00", "mostRecentQuarter": "2020-12-31 05:30:00", "netIncomeToCommon": -1739449984, "trailingEps": -31.102, "lastSplitFactor": null, "enterpriseToRevenue": 1.782, "enterpriseToEbitda": -205.304}, "industryTrend": {"maxAge": 1, "symbol": null, "estimates": []}, "quoteType": {"exchange": "NSI", "quoteType": "EQUITY", "symbol": "RAMKY.NS", "underlyingSymbol": "RAMKY.NS", "shortName": "RAMKY INFRASTRUCTU", "longName": "Ramky Infrastructure Limited", "firstTradeDateEpochUtc": "2010-10-08 09:15:00", "timeZoneFullName": "Asia/Kolkata", "timeZoneShortName": "IST", "uuid": "cd09d1ce-3f76-3bdf-affe-5b1d805abe4f", "gmtOffSetMilliseconds": 19800000, "maxAge": 1}, "incomeStatementHistory": {"incomeStatementHistory": [{"maxAge": 1, "endDate": "2020-03-31", "totalRevenue": 13870840000, "costOfRevenue": 11647950000, "grossProfit": 2222890000, "researchDevelopment": {}, "sellingGeneralAdministrative": 692710000, "nonRecurring": {}, "otherOperatingExpenses": 1944980000, "totalOperatingExpenses": 14740060000, "operatingIncome": -869220000, "totalOtherIncomeExpenseNet": -1761900000, "ebit": -869220000, "interestExpense": -3352960000, "incomeBeforeTax": -2631120000, "incomeTaxExpense": 29170000, "minorityInterest": 230230000, "netIncomeFromContinuingOps": -2660290000, "discontinuedOperations": {}, "extraordinaryItems": {}, "effectOfAccountingCharges": {}, "otherItems": {}, "netIncome": -1980540000, "netIncomeApplicableToCommonShares": -1980540000}, {"maxAge": 1, "endDate": "2019-03-31", "totalRevenue": 17487630000, "costOfRevenue": 12003450000, "grossProfit": 5484180000, "researchDevelopment": {}, "sellingGeneralAdministrative": 688420000, "nonRecurring": {}, "otherOperatingExpenses": 2013150000, "totalOperatingExpenses": 15184100000, "operatingIncome": 2303530000, "totalOtherIncomeExpenseNet": -2272400000, "ebit": 2303530000, "interestExpense": -3690310000, "incomeBeforeTax": 31130000, "incomeTaxExpense": 31600000, "minorityInterest": 1062380000, "netIncomeFromContinuingOps": -470000, "discontinuedOperations": {}, "extraordinaryItems": {}, "effectOfAccountingCharges": {}, "otherItems": {}, "netIncome": 150390000, "netIncomeApplicableToCommonShares": 150390000}, {"maxAge": 1, "endDate": "2018-03-31", "totalRevenue": 15784970000, "costOfRevenue": 12984750000, "grossProfit": 2800220000, "researchDevelopment": {}, "sellingGeneralAdministrative": 716300000, "nonRecurring": {}, "otherOperatingExpenses": -518080000, "totalOperatingExpenses": 13737410000, "operatingIncome": 2047560000, "totalOtherIncomeExpenseNet": -1269130000, "ebit": 2047560000, "interestExpense": -3610200000, "incomeBeforeTax": 778430000, "incomeTaxExpense": 453180000, "minorityInterest": 1213520000, "netIncomeFromContinuingOps": 325250000, "discontinuedOperations": {}, "extraordinaryItems": {}, "effectOfAccountingCharges": {}, "otherItems": {}, "netIncome": 285910000, "netIncomeApplicableToCommonShares": 285910000}, {"maxAge": 1, "endDate": "2017-03-31", "totalRevenue": 17185990000, "costOfRevenue": 14382850000, "grossProfit": 2803140000, "researchDevelopment": {}, "sellingGeneralAdministrative": 663030000, "nonRecurring": {}, "otherOperatingExpenses": -325420000, "totalOperatingExpenses": 15314420000, "operatingIncome": 1871570000, "totalOtherIncomeExpenseNet": -1648290000, "ebit": 1871570000, "interestExpense": -3900590000, "incomeBeforeTax": 223280000, "incomeTaxExpense": 342250000, "minorityInterest": 1173570000, "netIncomeFromContinuingOps": -118970000, "discontinuedOperations": {}, "extraordinaryItems": {}, "effectOfAccountingCharges": {}, "otherItems": {}, "netIncome": -60420000, "netIncomeApplicableToCommonShares": -60420000}], "maxAge": 86400}, "fundOwnership": {"ownershipList": [], "maxAge": 1}, "summaryDetail": {"maxAge": 1, "priceHint": 2, "previousClose": 72.75, "open": 70.5, "dayLow": 70.0, "dayHigh": 73.8, "regularMarketPreviousClose": 72.75, "regularMarketOpen": 70.5, "regularMarketDayLow": 70.0, "regularMarketDayHigh": 73.8, "exDividendDate": "2011-08-04 05:30:00", "payoutRatio": 0.0, "beta": 1.237094, "volume": 42239, "regularMarketVolume": 42239, "averageVolume": 111950, "averageVolume10days": 72277, "averageDailyVolume10Day": 72277, "bid": 0.0, "ask": 0.0, "bidSize": 0, "askSize": 0, "marketCap": 5103569408, "fiftyTwoWeekLow": 20.0, "fiftyTwoWeekHigh": 97.9, "priceToSalesTrailing12Months": 0.4623569, "fiftyDayAverage": 78.13383, "twoHundredDayAverage": 48.826595, "currency": "INR", "fromCurrency": null, "lastMarket": null, "algorithm": null, "tradeable": false}, "insiderHolders": {"holders": [{"maxAge": 1, "name": "Alla (Ayodhya Rami Reddy)", "relation": "Executive Chairman", "url": "", "transactionDescription": "Acquisition", "latestTransDate": "2012-09-12", "positionDirect": 34556122, "positionDirectDate": "2012-09-12"}, {"maxAge": 1, "name": "Alla (Dakshayani)", "relation": "Promoter", "url": "", "transactionDescription": "Acquisition", "latestTransDate": "2012-07-06", "positionDirect": 1876000, "positionDirectDate": "2012-07-06"}, {"maxAge": 1, "name": "Narasimham (P V)", "relation": "Director (Non-Executive)", "url": "", "transactionDescription": "Acquisition", "latestTransDate": "2011-01-28", "positionDirect": 360, "positionDirectDate": "2011-01-28"}, {"maxAge": 1, "name": "Ramky IWM Pvt. Ltd.", "relation": "Promoter", "url": "", "transactionDescription": "Sale", "latestTransDate": "2019-03-22", "positionDirect": 0, "positionDirectDate": "2019-03-22"}], "maxAge": 1}, "calendarEvents": {"maxAge": 1, "earnings": {"earningsDate": []}, "exDividendDate": "2011-08-04 05:30:00"}, "upgradeDowngradeHistory": {"history": [], "maxAge": 86400}, "price": {"maxAge": 1, "regularMarketChangePercent": 0.006185525, "regularMarketChange": 0.44999695, "regularMarketTime": "2021-04-30 15:29:27", "priceHint": 2, "regularMarketPrice": 73.2, "regularMarketDayHigh": 73.8, "regularMarketDayLow": 70.0, "regularMarketVolume": 42239, "averageDailyVolume10Day": 72277, "averageDailyVolume3Month": 111950, "regularMarketPreviousClose": 72.75, "regularMarketSource": "FREE_REALTIME", "regularMarketOpen": 70.5, "exchange": "NSI", "exchangeName": "NSE", "exchangeDataDelayedBy": 15, "marketState": "CLOSED", "quoteType": "EQUITY", "symbol": "RAMKY.NS", "underlyingSymbol": null, "shortName": "RAMKY INFRASTRUCTU", "longName": "Ramky Infrastructure Limited", "currency": "INR", "quoteSourceName": "Delayed Quote", "currencySymbol": "\u20b9", "fromCurrency": null, "lastMarket": null, "marketCap": 5103569408}, "balanceSheetHistory": {"balanceSheetStatements": [{"maxAge": 1, "endDate": "2020-03-31", "cash": 1898920000, "shortTermInvestments": 210110000, "netReceivables": 9545620000, "inventory": 1640090000, "otherCurrentAssets": 3523220000, "totalCurrentAssets": 16891370000, "longTermInvestments": 88520000, "propertyPlantEquipment": 2042990000, "goodWill": 21300000, "intangibleAssets": 330200000, "otherAssets": 24125210000, "deferredLongTermAssetCharges": 3201460000, "totalAssets": 43499590000, "accountsPayable": 5131060000, "shortLongTermDebt": 3019140000, "otherCurrentLiab": 1840080000, "longTermDebt": 17944250000, "otherLiab": 2646160000, "minorityInterest": 230230000, "totalCurrentLiabilities": 19472830000, "totalLiab": 40063240000, "commonStock": 691980000, "retainedEarnings": -2782210000, "treasuryStock": 123000000, "capitalSurplus": 5173350000, "otherStockholderEquity": 123000000, "totalStockholderEquity": 3206120000, "netTangibleAssets": 2854620000}, {"maxAge": 1, "endDate": "2019-03-31", "cash": 921700000, "shortTermInvestments": 868070000, "netReceivables": 9154820000, "inventory": 3888470000, "otherCurrentAssets": 3377360000, "totalCurrentAssets": 18286780000, "longTermInvestments": 180160000, "propertyPlantEquipment": 2387730000, "goodWill": 21300000, "intangibleAssets": 392080000, "otherAssets": 25412760000, "deferredLongTermAssetCharges": 3291080000, "totalAssets": 46680810000, "accountsPayable": 6009380000, "shortLongTermDebt": 2897720000, "otherCurrentLiab": 2559500000, "longTermDebt": 20478860000, "otherLiab": 2044140000, "minorityInterest": 1062380000, "totalCurrentLiabilities": 18611840000, "totalLiab": 41134840000, "commonStock": 598480000, "retainedEarnings": -801670000, "treasuryStock": 364280000, "capitalSurplus": 4322500000, "otherStockholderEquity": 364280000, "totalStockholderEquity": 4483590000, "netTangibleAssets": 4070210000}, {"maxAge": 1, "endDate": "2018-03-31", "cash": 592510000, "shortTermInvestments": 208500000, "netReceivables": 11814160000, "inventory": 5203350000, "otherCurrentAssets": 3158380000, "totalCurrentAssets": 21122080000, "longTermInvestments": 1375320000, "propertyPlantEquipment": 2653920000, "goodWill": 21300000, "intangibleAssets": 465860000, "otherAssets": 24713650000, "deferredLongTermAssetCharges": 3534610000, "totalAssets": 50352130000, "accountsPayable": 8217550000, "shortLongTermDebt": 5488610000, "otherCurrentLiab": 2492570000, "longTermDebt": 20118140000, "otherLiab": 3282490000, "minorityInterest": 1213520000, "totalCurrentLiabilities": 21642720000, "totalLiab": 45043350000, "commonStock": 571980000, "retainedEarnings": -917910000, "treasuryStock": 359850000, "capitalSurplus": 4081340000, "otherStockholderEquity": 359850000, "totalStockholderEquity": 4095260000, "netTangibleAssets": 3608100000}, {"maxAge": 1, "endDate": "2017-03-31", "cash": 802130000, "shortTermInvestments": 249170000, "netReceivables": 15599520000, "inventory": 5268720000, "otherCurrentAssets": 6127640000, "totalCurrentAssets": 28218080000, "longTermInvestments": 1715860000, "propertyPlantEquipment": 2539840000, "goodWill": 21300000, "intangibleAssets": 510340000, "otherAssets": 22988150000, "deferredLongTermAssetCharges": 4080610000, "totalAssets": 55993570000, "accountsPayable": 9456930000, "shortLongTermDebt": 4327090000, "otherCurrentLiab": 8354140000, "longTermDebt": 21021170000, "otherLiab": 473160000, "minorityInterest": 1173570000, "totalCurrentLiabilities": 29826110000, "totalLiab": 51320440000, "commonStock": 571980000, "retainedEarnings": -1203830000, "treasuryStock": 50060000, "capitalSurplus": 4081350000, "otherStockholderEquity": 50060000, "totalStockholderEquity": 3499560000, "netTangibleAssets": 2967920000}], "maxAge": 86400}, "earningsTrend": {"trend": [{"maxAge": 1, "period": "0q", "endDate": null, "growth": {}, "earningsEstimate": {"avg": 0.0, "low": 0.0, "high": 0.0, "yearAgoEps": {}, "numberOfAnalysts": 0, "growth": {}}, "revenueEstimate": {"avg": 0, "low": 0, "high": 0, "numberOfAnalysts": 0, "yearAgoRevenue": {}, "growth": {}}, "epsTrend": {"current": 0.0, "7daysAgo": 0.0, "30daysAgo": 0.0, "60daysAgo": 0.0, "90daysAgo": 0.0}, "epsRevisions": {"upLast7days": 0, "upLast30days": 0, "downLast30days": 0, "downLast90days": {}}}, {"maxAge": 1, "period": "+1q", "endDate": null, "growth": {}, "earningsEstimate": {"avg": 0.0, "low": 0.0, "high": 0.0, "yearAgoEps": {}, "numberOfAnalysts": 0, "growth": {}}, "revenueEstimate": {"avg": 0, "low": 0, "high": 0, "numberOfAnalysts": 0, "yearAgoRevenue": {}, "growth": {}}, "epsTrend": {"current": 0.0, "7daysAgo": 0.0, "30daysAgo": 0.0, "60daysAgo": 0.0, "90daysAgo": 0.0}, "epsRevisions": {"upLast7days": 0, "upLast30days": 0, "downLast30days": 0, "downLast90days": {}}}, {"maxAge": 1, "period": "0y", "endDate": null, "growth": {}, "earningsEstimate": {"avg": 0.0, "low": 0.0, "high": 0.0, "yearAgoEps": {}, "numberOfAnalysts": 0, "growth": {}}, "revenueEstimate": {"avg": 0, "low": 0, "high": 0, "numberOfAnalysts": 0, "yearAgoRevenue": {}, "growth": {}}, "epsTrend": {"current": 0.0, "7daysAgo": 0.0, "30daysAgo": 0.0, "60daysAgo": 0.0, "90daysAgo": 0.0}, "epsRevisions": {"upLast7days": 0, "upLast30days": 0, "downLast30days": 0, "downLast90days": {}}}, {"maxAge": 1, "period": "+1y", "endDate": null, "growth": {}, "earningsEstimate": {"avg": 0.0, "low": 0.0, "high": 0.0, "yearAgoEps": {}, "numberOfAnalysts": 0, "growth": {}}, "revenueEstimate": {"avg": 0, "low": 0, "high": 0, "numberOfAnalysts": 0, "yearAgoRevenue": {}, "growth": {}}, "epsTrend": {"current": 0.0, "7daysAgo": 0.0, "30daysAgo": 0.0, "60daysAgo": 0.0, "90daysAgo": 0.0}, "epsRevisions": {"upLast7days": 0, "upLast30days": 0, "downLast30days": 0, "downLast90days": {}}}, {"maxAge": 1, "period": "+5y", "endDate": null, "growth": {}, "earningsEstimate": {"avg": {}, "low": {}, "high": {}, "yearAgoEps": {}, "numberOfAnalysts": {}, "growth": {}}, "revenueEstimate": {"avg": {}, "low": {}, "high": {}, "numberOfAnalysts": {}, "yearAgoRevenue": {}, "growth": {}}, "epsTrend": {"current": {}, "7daysAgo": {}, "30daysAgo": {}, "60daysAgo": {}, "90daysAgo": {}}, "epsRevisions": {"upLast7days": {}, "upLast30days": {}, "downLast30days": {}, "downLast90days": {}}}, {"maxAge": 1, "period": "-5y", "endDate": null, "growth": {}, "earningsEstimate": {"avg": {}, "low": {}, "high": {}, "yearAgoEps": {}, "numberOfAnalysts": {}, "growth": {}}, "revenueEstimate": {"avg": {}, "low": {}, "high": {}, "numberOfAnalysts": {}, "yearAgoRevenue": {}, "growth": {}}, "epsTrend": {"current": {}, "7daysAgo": {}, "30daysAgo": {}, "60daysAgo": {}, "90daysAgo": {}}, "epsRevisions": {"upLast7days": {}, "upLast30days": {}, "downLast30days": {}, "downLast90days": {}}}], "maxAge": 1}, "institutionOwnership": {"ownershipList": [], "maxAge": 1}, "majorHoldersBreakdown": {"maxAge": 1, "insidersPercentHeld": 0.72236, "institutionsPercentHeld": 0.0, "institutionsFloatPercentHeld": 0.0, "institutionsCount": 0}, "balanceSheetHistoryQuarterly": {"balanceSheetStatements": [{"maxAge": 1, "endDate": "2020-12-31", "totalStockholderEquity": 2313980000, "netTangibleAssets": 1993420000}, {"maxAge": 1, "endDate": "2020-09-30", "cash": 2482410000, "shortTermInvestments": 4040890000, "netReceivables": 3619440000, "inventory": 1617900000, "otherCurrentAssets": 5596440000, "totalCurrentAssets": 17357080000, "longTermInvestments": 19993990000, "propertyPlantEquipment": 1932710000, "goodWill": 21300000, "intangibleAssets": 299260000, "otherAssets": 4093890000, "deferredLongTermAssetCharges": 3176890000, "totalAssets": 43698230000, "accountsPayable": 5678470000, "otherCurrentLiab": 11918470000, "longTermDebt": 16891980000, "otherLiab": 3125270000, "minorityInterest": -17320000, "totalCurrentLiabilities": 21384320000, "totalLiab": 41401570000, "commonStock": 691980000, "treasuryStock": 1622000000, "otherStockholderEquity": 1622000000, "totalStockholderEquity": 2313980000, "netTangibleAssets": 1993420000}, {"maxAge": 1, "endDate": "2020-06-30", "totalStockholderEquity": 3206120000, "netTangibleAssets": 2854620000}, {"maxAge": 1, "endDate": "2020-03-31", "cash": 1898920000, "shortTermInvestments": 210110000, "netReceivables": 9545620000, "inventory": 1640090000, "otherCurrentAssets": 3523220000, "totalCurrentAssets": 16891370000, "longTermInvestments": 88520000, "propertyPlantEquipment": 2042990000, "goodWill": 21300000, "intangibleAssets": 330200000, "otherAssets": 24125210000, "deferredLongTermAssetCharges": 3201460000, "totalAssets": 43499590000, "accountsPayable": 5131060000, "shortLongTermDebt": 3019140000, "otherCurrentLiab": 1840080000, "longTermDebt": 17944250000, "otherLiab": 2646160000, "minorityInterest": 230230000, "totalCurrentLiabilities": 19472830000, "totalLiab": 40063240000, "commonStock": 691980000, "retainedEarnings": -2782210000, "treasuryStock": 123000000, "capitalSurplus": 5173350000, "otherStockholderEquity": 123000000, "totalStockholderEquity": 3206120000, "netTangibleAssets": 2854620000}], "maxAge": 86400}, "earningsHistory": {"history": [{"maxAge": 1, "epsActual": {}, "epsEstimate": {}, "epsDifference": {}, "surprisePercent": {}, "quarter": {}, "period": "-4q"}, {"maxAge": 1, "epsActual": {}, "epsEstimate": {}, "epsDifference": {}, "surprisePercent": {}, "quarter": {}, "period": "-3q"}, {"maxAge": 1, "epsActual": {}, "epsEstimate": {}, "epsDifference": {}, "surprisePercent": {}, "quarter": {}, "period": "-2q"}, {"maxAge": 1, "epsActual": {}, "epsEstimate": {}, "epsDifference": {}, "surprisePercent": {}, "quarter": {}, "period": "-1q"}], "maxAge": 86400}, "summaryProfile": {"address1": "Ramky Grandiose", "address2": "15th Floor Sy No 136/2 & 4 Gachibowli", "city": "Hyderabad", "zip": "500032", "country": "India", "phone": "91 40 2301 5000", "fax": "91 40 2301 5444", "website": "http://www.ramkyinfrastructure.com", "industry": "Engineering & Construction", "sector": "Industrials", "longBusinessSummary": "Ramky Infrastructure Limited, together with its subsidiaries, provides integrated construction, infrastructure development, and management services primarily in India. It operates through Construction Business, Developer Business, and Others segments. The company constructs water and waste water projects, such as water treatment plants, water transmission and distribution systems, elevated and ground level service reservoirs, sewage treatment plants, common effluent treatment plants, tertiary treatment plants, underground drainage systems, and lake restorations; and irrigation projects, including cross-drainage works, lift irrigation projects, canals, feeder channels, dams, and barrages. It also undertakes industrial construction projects comprising industrial parks, SEZs, and related works; roads and bridges projects, such as expressways, highways, bridges, flyovers, rural roads, terminals, and dedicated service corridors; commercial, residential, public, institutional, corporate buildings, mass housing projects, healthcare infrastructure, integrated townships projects, and related infrastructure facilities, including hospitals and shopping malls; and power transmission and distribution projects comprising electricity transmission networks, substation feeder lines, and low tension distribution lines. In addition, the company develops various development projects based on public private partnership. Further, it offers infrastructure and property development, waste management, and environment consultancy services. Ramky Infrastructure Limited was founded in 1994 and is headquartered in Hyderabad, India.", "fullTimeEmployees": 516, "companyOfficers": [], "maxAge": 86400}, "netSharePurchaseActivity": {"maxAge": 1, "period": "6m", "buyInfoCount": 0, "buyInfoShares": 0, "sellInfoCount": 0, "netInfoCount": 0, "netInfoShares": 0, "netPercentInsiderShares": 0.0, "totalInsiderShares": 54964276}, "insiderTransactions": {"transactions": [{"maxAge": 1, "shares": 225000, "filerUrl": "", "transactionText": "", "filerName": "Ramky IWM Pvt. Ltd.", "filerRelation": "Promoter", "moneyText": "", "startDate": "2019-03-22", "ownership": "D"}, {"maxAge": 1, "shares": 50000, "filerUrl": "", "transactionText": "", "filerName": "Alla (Ayodhya Rami Reddy)", "filerRelation": "Executive Chairman", "moneyText": "", "startDate": "2012-09-12", "ownership": "D"}, {"maxAge": 1, "shares": 34925, "filerUrl": "", "transactionText": "", "filerName": "Alla (Ayodhya Rami Reddy)", "filerRelation": "Executive Chairman", "moneyText": "", "startDate": "2012-09-06", "ownership": "D"}, {"maxAge": 1, "shares": 31255, "filerUrl": "", "transactionText": "", "filerName": "Alla (Ayodhya Rami Reddy)", "filerRelation": "Executive Chairman", "moneyText": "", "startDate": "2012-09-05", "ownership": "D"}, {"maxAge": 1, "shares": 33267, "filerUrl": "", "transactionText": "", "filerName": "Alla (Ayodhya Rami Reddy)", "filerRelation": "Executive Chairman", "moneyText": "", "startDate": "2012-09-04", "ownership": "D"}, {"maxAge": 1, "shares": 17797, "filerUrl": "", "transactionText": "", "filerName": "Alla (Ayodhya Rami Reddy)", "filerRelation": "Executive Chairman", "moneyText": "", "startDate": "2012-09-03", "ownership": "D"}, {"maxAge": 1, "shares": 10251, "filerUrl": "", "transactionText": "", "filerName": "Alla (Ayodhya Rami Reddy)", "filerRelation": "Executive Chairman", "moneyText": "", "startDate": "2012-08-31", "ownership": "D"}, {"maxAge": 1, "shares": 33082, "filerUrl": "", "transactionText": "", "filerName": "Alla (Ayodhya Rami Reddy)", "filerRelation": "Executive Chairman", "moneyText": "", "startDate": "2012-08-30", "ownership": "D"}, {"maxAge": 1, "shares": 20478, "filerUrl": "", "transactionText": "", "filerName": "Alla (Ayodhya Rami Reddy)", "filerRelation": "Executive Chairman", "moneyText": "", "startDate": "2012-08-29", "ownership": "D"}, {"maxAge": 1, "shares": 11312, "filerUrl": "", "transactionText": "", "filerName": "Alla (Ayodhya Rami Reddy)", "filerRelation": "Executive Chairman", "moneyText": "", "startDate": "2012-08-28", "ownership": "D"}, {"maxAge": 1, "shares": 10000, "filerUrl": "", "transactionText": "", "filerName": "Alla (Dakshayani)", "filerRelation": "Promoter", "moneyText": "", "startDate": "2012-07-06", "ownership": "D"}, {"maxAge": 1, "shares": 10000, "filerUrl": "", "transactionText": "", "filerName": "Alla (Dakshayani)", "filerRelation": "Promoter", "moneyText": "", "startDate": "2012-07-04", "ownership": "D"}, {"maxAge": 1, "shares": 20000, "filerUrl": "", "transactionText": "", "filerName": "Alla (Dakshayani)", "filerRelation": "Promoter", "moneyText": "", "startDate": "2012-06-08", "ownership": "D"}, {"maxAge": 1, "shares": 225000, "filerUrl": "", "transactionText": "", "filerName": "Alla (Dakshayani)", "filerRelation": "Promoter", "moneyText": "", "startDate": "2012-06-01", "ownership": "D"}, {"maxAge": 1, "shares": 6030, "filerUrl": "", "transactionText": "", "filerName": "Alla (Ayodhya Rami Reddy)", "filerRelation": "Executive Chairman", "moneyText": "", "startDate": "2012-04-02", "ownership": "D"}, {"maxAge": 1, "shares": 1371, "filerUrl": "", "transactionText": "", "filerName": "Alla (Ayodhya Rami Reddy)", "filerRelation": "Executive Chairman", "moneyText": "", "startDate": "2012-03-30", "ownership": "D"}, {"maxAge": 1, "shares": 1558, "filerUrl": "", "transactionText": "", "filerName": "Alla (Ayodhya Rami Reddy)", "filerRelation": "Executive Chairman", "moneyText": "", "startDate": "2012-03-29", "ownership": "D"}, {"maxAge": 1, "shares": 9371, "filerUrl": "", "transactionText": "", "filerName": "Alla (Ayodhya Rami Reddy)", "filerRelation": "Executive Chairman", "moneyText": "", "startDate": "2012-03-28", "ownership": "D"}, {"maxAge": 1, "shares": 2753, "filerUrl": "", "transactionText": "", "filerName": "Alla (Ayodhya Rami Reddy)", "filerRelation": "Executive Chairman", "moneyText": "", "startDate": "2012-03-27", "ownership": "D"}, {"maxAge": 1, "shares": 9185, "filerUrl": "", "transactionText": "", "filerName": "Alla (Ayodhya Rami Reddy)", "filerRelation": "Executive Chairman", "moneyText": "", "startDate": "2012-03-26", "ownership": "D"}, {"maxAge": 1, "shares": 2300, "filerUrl": "", "transactionText": "", "filerName": "Alla (Ayodhya Rami Reddy)", "filerRelation": "Executive Chairman", "moneyText": "", "startDate": "2012-03-23", "ownership": "D"}, {"maxAge": 1, "shares": 360, "filerUrl": "", "transactionText": "", "filerName": "Narasimham (P V)", "filerRelation": "Director (Non-Executive)", "moneyText": "", "startDate": "2011-01-28", "ownership": "D"}], "maxAge": 1}, "sectorTrend": {"maxAge": 1, "symbol": null, "estimates": []}, "incomeStatementHistoryQuarterly": {"incomeStatementHistory": [{"maxAge": 1, "endDate": "2020-12-31", "totalRevenue": 3704090000, "costOfRevenue": 2266220000, "grossProfit": 1437870000, "researchDevelopment": {}, "sellingGeneralAdministrative": 119000000, "nonRecurring": {}, "otherOperatingExpenses": 581680000, "totalOperatingExpenses": 3039380000, "operatingIncome": 664710000, "totalOtherIncomeExpenseNet": -422130000, "ebit": 664710000, "interestExpense": -794730000, "incomeBeforeTax": 242580000, "incomeTaxExpense": -245210000, "minorityInterest": {}, "netIncomeFromContinuingOps": 487790000, "discontinuedOperations": {}, "extraordinaryItems": {}, "effectOfAccountingCharges": {}, "otherItems": {}, "netIncome": 487790000, "netIncomeApplicableToCommonShares": 487790000}, {"maxAge": 1, "endDate": "2020-09-30", "totalRevenue": 1787700000, "costOfRevenue": 1388850000, "grossProfit": 398850000, "researchDevelopment": {}, "sellingGeneralAdministrative": 104910000, "nonRecurring": {}, "otherOperatingExpenses": 187030000, "totalOperatingExpenses": 1765040000, "operatingIncome": 22660000, "totalOtherIncomeExpenseNet": -384320000, "ebit": 22660000, "interestExpense": -828690000, "incomeBeforeTax": -361660000, "incomeTaxExpense": 166990000, "minorityInterest": -17320000, "netIncomeFromContinuingOps": -528650000, "discontinuedOperations": {}, "extraordinaryItems": {}, "effectOfAccountingCharges": {}, "otherItems": {}, "netIncome": -528650000, "netIncomeApplicableToCommonShares": -528650000}, {"maxAge": 1, "endDate": "2020-06-30", "totalRevenue": 2381260000, "costOfRevenue": 2072700000, "grossProfit": 308560000, "researchDevelopment": {}, "sellingGeneralAdministrative": 108420000, "nonRecurring": {}, "otherOperatingExpenses": 150580000, "totalOperatingExpenses": 2416820000, "operatingIncome": -35560000, "totalOtherIncomeExpenseNet": -425550000, "ebit": -35560000, "interestExpense": -805370000, "incomeBeforeTax": -461110000, "incomeTaxExpense": 158480000, "minorityInterest": -17320000, "netIncomeFromContinuingOps": -619590000, "discontinuedOperations": {}, "extraordinaryItems": {}, "effectOfAccountingCharges": {}, "otherItems": {}, "netIncome": -619590000, "netIncomeApplicableToCommonShares": -619590000}, {"maxAge": 1, "endDate": "2020-03-31", "totalRevenue": 3165110000, "costOfRevenue": 2733830000, "grossProfit": 431280000, "researchDevelopment": {}, "sellingGeneralAdministrative": 312890000, "nonRecurring": {}, "otherOperatingExpenses": 1158110000, "totalOperatingExpenses": 4355620000, "operatingIncome": -1190510000, "totalOtherIncomeExpenseNet": -383490000, "ebit": -1190510000, "interestExpense": -690060000, "incomeBeforeTax": -1574000000, "incomeTaxExpense": 184740000, "minorityInterest": 230230000, "netIncomeFromContinuingOps": -1758740000, "discontinuedOperations": {}, "extraordinaryItems": {}, "effectOfAccountingCharges": {}, "otherItems": {}, "netIncome": -1078990000, "netIncomeApplicableToCommonShares": -1078990000}], "maxAge": 86400}, "cashflowStatementHistoryQuarterly": {"cashflowStatements": [{"maxAge": 1, "endDate": "2020-12-31", "netIncome": 487790000, "changeToLiabilities": 0}, {"maxAge": 1, "endDate": "2020-09-30", "netIncome": -528650000, "changeToLiabilities": 0}, {"maxAge": 1, "endDate": "2020-06-30", "netIncome": -619590000, "changeToLiabilities": 0}, {"maxAge": 1, "endDate": "2020-03-31", "netIncome": -1078990000, "changeToLiabilities": 0}], "maxAge": 86400}, "earnings": {"maxAge": 86400, "earningsChart": {"quarterly": [], "earningsDate": []}, "financialsChart": {"yearly": [{"date": 2017, "revenue": 17185990000, "earnings": -60420000}, {"date": 2018, "revenue": 15784970000, "earnings": 285910000}, {"date": 2019, "revenue": 17487630000, "earnings": 150390000}, {"date": 2020, "revenue": 13870840000, "earnings": -1980540000}], "quarterly": [{"date": "1Q2020", "revenue": 3165110000, "earnings": -1078990000}, {"date": "2Q2020", "revenue": 2381260000, "earnings": -619590000}, {"date": "3Q2020", "revenue": 1787700000, "earnings": -528650000}, {"date": "4Q2020", "revenue": 3704090000, "earnings": 487790000}]}, "financialCurrency": "INR"}, "financialData": {"maxAge": 86400, "currentPrice": 73.2, "targetHighPrice": 46.0, "targetLowPrice": 46.0, "targetMeanPrice": 46.0, "targetMedianPrice": 46.0, "recommendationKey": "none", "numberOfAnalystOpinions": 1, "totalCash": 6523299840, "totalCashPerShare": 85.732, "ebitda": -95830000, "totalDebt": 20679360512, "totalRevenue": 11038159872, "debtToEquity": 900.41, "revenuePerShare": 197.322, "grossProfits": 2222890000, "revenueGrowth": 0.441, "grossMargins": 0.23341998, "ebitdaMargins": -0.00868, "operatingMargins": -0.048800003, "profitMargins": -0.15758, "financialCurrency": "INR"}}}