{"RAMRAT.BO": {"recommendationTrend": {"trend": [{"period": "0m", "strongBuy": 0, "buy": 0, "hold": 0, "sell": 0, "strongSell": 0}, {"period": "-1m", "strongBuy": 0, "buy": 0, "hold": 0, "sell": 0, "strongSell": 0}, {"period": "-2m", "strongBuy": 0, "buy": 0, "hold": 0, "sell": 0, "strongSell": 0}, {"period": "-3m", "strongBuy": 0, "buy": 0, "hold": 0, "sell": 0, "strongSell": 0}], "maxAge": 86400}, "cashflowStatementHistory": {"cashflowStatements": [{"maxAge": 1, "endDate": "2020-03-31", "netIncome": 144461000, "depreciation": 182911000, "changeToNetincome": 301648000, "changeToAccountReceivables": 196134000, "changeToLiabilities": -324560000, "changeToInventory": -14701000, "changeToOperatingActivities": 154762000, "totalCashFromOperatingActivities": 642967000, "capitalExpenditures": -173532000, "otherCashflowsFromInvestingActivities": 5602000, "totalCashflowsFromInvestingActivities": -166529000, "dividendsPaid": -27500000, "netBorrowings": -224385000, "otherCashflowsFromFinancingActivities": -287043000, "totalCashFromFinancingActivities": -538928000, "changeInCash": -62490000}, {"maxAge": 1, "endDate": "2019-03-31", "netIncome": 156345000, "depreciation": 161685000, "changeToNetincome": 301234000, "changeToAccountReceivables": -231064000, "changeToLiabilities": 102788000, "changeToInventory": -553365000, "changeToOperatingActivities": -17080000, "totalCashFromOperatingActivities": -77510000, "capitalExpenditures": -368588000, "investments": 184964000, "otherCashflowsFromInvestingActivities": 15849000, "totalCashflowsFromInvestingActivities": -163295000, "dividendsPaid": -27500000, "netBorrowings": 595629000, "otherCashflowsFromFinancingActivities": -291899000, "totalCashFromFinancingActivities": 276230000, "changeInCash": 35425000}, {"maxAge": 1, "endDate": "2018-03-31", "netIncome": 271730000, "depreciation": 107860000, "changeToNetincome": 187728000, "changeToAccountReceivables": -536571000, "changeToLiabilities": 74362000, "changeToInventory": -8384000, "changeToOperatingActivities": -76393000, "totalCashFromOperatingActivities": 21579000, "capitalExpenditures": -538772000, "investments": -22580000, "otherCashflowsFromInvestingActivities": 2185000, "totalCashflowsFromInvestingActivities": -651495000, "dividendsPaid": -27500000, "netBorrowings": 735669000, "otherCashflowsFromFinancingActivities": -180023000, "totalCashFromFinancingActivities": 528146000, "changeInCash": -91469000}, {"maxAge": 1, "endDate": "2017-03-31", "netIncome": 220458000, "depreciation": 83185000, "changeToNetincome": 105411000, "changeToAccountReceivables": -360961000, "changeToLiabilities": 353448000, "changeToInventory": -206988000, "changeToOperatingActivities": 11412000, "totalCashFromOperatingActivities": 206137000, "capitalExpenditures": -309126000, "investments": -22580000, "otherCashflowsFromInvestingActivities": 5009000, "totalCashflowsFromInvestingActivities": -306546000, "dividendsPaid": -27500000, "netBorrowings": 318200000, "otherCashflowsFromFinancingActivities": -105723000, "totalCashFromFinancingActivities": 212477000, "changeInCash": 112068000}], "maxAge": 86400}, "institutionOwnership": {"maxAge": 1, "ownershipList": []}, "balanceSheetHistoryQuarterly": {"balanceSheetStatements": [{"maxAge": 1, "endDate": "2020-06-30", "totalStockholderEquity": 1787730000, "netTangibleAssets": 1768386000}, {"maxAge": 1, "endDate": "2020-03-31", "cash": 9773000, "shortTermInvestments": 345000, "netReceivables": 2184429000, "inventory": 1019526000, "otherCurrentAssets": 175323000, "totalCurrentAssets": 3389396000, "longTermInvestments": 272686000, "propertyPlantEquipment": 1654164000, "goodWill": 13720000, "intangibleAssets": 5624000, "otherAssets": 70662000, "totalAssets": 5406252000, "accountsPayable": 313360000, "shortLongTermDebt": 235731000, "otherCurrentLiab": 71547000, "longTermDebt": 738915000, "otherLiab": 112716000, "minorityInterest": 66305000, "totalCurrentLiabilities": 2698698000, "totalLiab": 3552217000, "commonStock": 110000000, "retainedEarnings": 1423502000, "treasuryStock": 177908000, "capitalSurplus": 76320000, "otherStockholderEquity": 177908000, "totalStockholderEquity": 1787730000, "netTangibleAssets": 1768386000}, {"maxAge": 1, "endDate": "2019-12-31", "totalStockholderEquity": 1916739000, "netTangibleAssets": 1896155000}, {"maxAge": 1, "endDate": "2019-09-30", "cash": 24704000, "shortTermInvestments": 583000, "netReceivables": 2222006000, "inventory": 602227000, "otherCurrentAssets": 135630000, "totalCurrentAssets": 2985150000, "longTermInvestments": 507091000, "propertyPlantEquipment": 1690334000, "goodWill": 13720000, "intangibleAssets": 6864000, "otherAssets": 85944000, "totalAssets": 5289103000, "accountsPayable": 417339000, "otherCurrentLiab": 394544000, "longTermDebt": 774576000, "otherLiab": 179222000, "minorityInterest": 65325000, "totalCurrentLiabilities": 2353241000, "totalLiab": 3307039000, "commonStock": 110000000, "treasuryStock": 1806739000, "otherStockholderEquity": 1806739000, "totalStockholderEquity": 1916739000, "netTangibleAssets": 1896155000}], "maxAge": 86400}, "earningsHistory": {"history": [{"maxAge": 1, "epsActual": {}, "epsEstimate": {}, "epsDifference": {}, "surprisePercent": {}, "quarter": {}, "period": "-4q"}, {"maxAge": 1, "epsActual": {}, "epsEstimate": {}, "epsDifference": {}, "surprisePercent": {}, "quarter": {}, "period": "-3q"}, {"maxAge": 1, "epsActual": 2.63, "epsEstimate": 3.35, "epsDifference": -0.72, "surprisePercent": -0.215, "quarter": "2017-12-31", "period": "-2q"}, {"maxAge": 1, "epsActual": 4.07, "epsEstimate": 3.18, "epsDifference": 0.89, "surprisePercent": 0.28, "quarter": "2018-03-31", "period": "-1q"}], "maxAge": 86400}, "indexTrend": {"maxAge": 1, "symbol": "SP5", "peRatio": 19.7411, "pegRatio": 1.34172, "estimates": [{"period": "0q", "growth": 0.549}, {"period": "+1q", "growth": 0.431}, {"period": "0y", "growth": 0.305}, {"period": "+1y", "growth": 0.109}, {"period": "+5y", "growth": 0.120859005}, {"period": "-5y"}]}, "industryTrend": {"maxAge": 1, "symbol": null, "estimates": []}, "quoteType": {"exchange": "BSE", "quoteType": "EQUITY", "symbol": "RAMRAT.BO", "underlyingSymbol": "RAMRAT.BO", "shortName": "RAM RATNA WIRES LTD.", "longName": "Ram Ratna Wires Limited", "firstTradeDateEpochUtc": "2002-02-25 09:15:00", "timeZoneFullName": "Asia/Kolkata", "timeZoneShortName": "IST", "uuid": "63519c6f-556d-3ccc-a774-9ad03175005e", "messageBoardId": null, "gmtOffSetMilliseconds": 19800000, "maxAge": 1}, "incomeStatementHistory": {"incomeStatementHistory": [{"maxAge": 1, "endDate": "2020-03-31", "totalRevenue": 14343492000, "costOfRevenue": 12890103000, "grossProfit": 1453389000, "researchDevelopment": {}, "sellingGeneralAdministrative": 346240000, "nonRecurring": {}, "otherOperatingExpenses": 489920000, "totalOperatingExpenses": 13933746000, "operatingIncome": 409746000, "totalOtherIncomeExpenseNet": -242862000, "ebit": 409746000, "interestExpense": -280500000, "incomeBeforeTax": 166884000, "incomeTaxExpense": 21050000, "minorityInterest": 66305000, "netIncomeFromContinuingOps": 145834000, "discontinuedOperations": {}, "extraordinaryItems": {}, "effectOfAccountingCharges": {}, "otherItems": {}, "netIncome": 144461000, "netIncomeApplicableToCommonShares": 144461000}, {"maxAge": 1, "endDate": "2019-03-31", "totalRevenue": 14058750000, "costOfRevenue": 12702581000, "grossProfit": 1356169000, "researchDevelopment": {}, "sellingGeneralAdministrative": 321722000, "nonRecurring": {}, "otherOperatingExpenses": 371559000, "totalOperatingExpenses": 13559729000, "operatingIncome": 499021000, "totalOtherIncomeExpenseNet": -252395000, "ebit": 499021000, "interestExpense": -277109000, "incomeBeforeTax": 246626000, "incomeTaxExpense": 87030000, "minorityInterest": 65057000, "netIncomeFromContinuingOps": 159596000, "discontinuedOperations": {}, "extraordinaryItems": {}, "effectOfAccountingCharges": {}, "otherItems": {}, "netIncome": 156345000, "netIncomeApplicableToCommonShares": 156345000}, {"maxAge": 1, "endDate": "2018-03-31", "totalRevenue": 11156664000, "costOfRevenue": 10048921000, "grossProfit": 1107743000, "researchDevelopment": {}, "sellingGeneralAdministrative": 265362000, "nonRecurring": {}, "otherOperatingExpenses": 164788000, "totalOperatingExpenses": 10588178000, "operatingIncome": 568486000, "totalOtherIncomeExpenseNet": -134766000, "ebit": 568486000, "interestExpense": -162765000, "incomeBeforeTax": 433720000, "incomeTaxExpense": 156325000, "minorityInterest": 61756000, "netIncomeFromContinuingOps": 277395000, "discontinuedOperations": {}, "extraordinaryItems": {}, "effectOfAccountingCharges": {}, "otherItems": {}, "netIncome": 271730000, "netIncomeApplicableToCommonShares": 271730000}, {"maxAge": 1, "endDate": "2017-03-31", "totalRevenue": 7859708000, "costOfRevenue": 6981331000, "grossProfit": 878377000, "researchDevelopment": {}, "sellingGeneralAdministrative": 207923000, "nonRecurring": {}, "otherOperatingExpenses": 133055000, "totalOperatingExpenses": 7429705000, "operatingIncome": 430003000, "totalOtherIncomeExpenseNet": -94475000, "ebit": 430003000, "interestExpense": -92604000, "incomeBeforeTax": 335528000, "incomeTaxExpense": 115070000, "minorityInterest": 61756000, "netIncomeFromContinuingOps": 220458000, "discontinuedOperations": {}, "extraordinaryItems": {}, "effectOfAccountingCharges": {}, "otherItems": {}, "netIncome": 220458000, "netIncomeApplicableToCommonShares": 220458000}], "maxAge": 86400}, "fundOwnership": {"maxAge": 1, "ownershipList": []}, "summaryDetail": {"maxAge": 1, "priceHint": 2, "previousClose": 84.25, "open": 83.2, "dayLow": 83.1, "dayHigh": 85.4, "regularMarketPreviousClose": 84.25, "regularMarketOpen": 83.2, "regularMarketDayLow": 83.1, "regularMarketDayHigh": 85.4, "trailingPE": 24.044182, "forwardPE": 5.133011, "volume": 4210, "regularMarketVolume": 4210, "averageVolume": 9161, "averageVolume10days": 8639, "averageDailyVolume10Day": 8639, "bid": 84.5, "ask": 0.0, "bidSize": 0, "askSize": 0, "marketCap": 1867800064, "fiftyTwoWeekLow": 40.0, "fiftyTwoWeekHigh": 103.7, "fiftyDayAverage": 81.66029, "twoHundredDayAverage": 77.06507, "trailingAnnualDividendRate": 0.5, "trailingAnnualDividendYield": 0.005934718, "currency": "INR", "fromCurrency": null, "toCurrency": null, "lastMarket": null, "algorithm": null, "tradeable": false}, "sectorTrend": {"maxAge": 1, "symbol": null, "estimates": []}, "incomeStatementHistoryQuarterly": {"incomeStatementHistory": [{"maxAge": 1, "endDate": "2020-06-30", "totalRevenue": 1824898000, "costOfRevenue": 1637838000, "grossProfit": 187060000, "researchDevelopment": {}, "sellingGeneralAdministrative": 66369000, "nonRecurring": {}, "otherOperatingExpenses": 88498000, "totalOperatingExpenses": 1836808000, "operatingIncome": -11910000, "totalOtherIncomeExpenseNet": -57921000, "ebit": -11910000, "interestExpense": -62842000, "incomeBeforeTax": -69831000, "incomeTaxExpense": -16855000, "minorityInterest": {}, "netIncomeFromContinuingOps": -52976000, "discontinuedOperations": {}, "extraordinaryItems": {}, "effectOfAccountingCharges": {}, "otherItems": {}, "netIncome": -46130000, "netIncomeApplicableToCommonShares": -46130000}, {"maxAge": 1, "endDate": "2020-03-31", "totalRevenue": 3326879000, "costOfRevenue": 3074336000, "grossProfit": 252543000, "researchDevelopment": {}, "sellingGeneralAdministrative": 100447000, "nonRecurring": {}, "otherOperatingExpenses": -198000, "totalOperatingExpenses": 3244546000, "operatingIncome": 82333000, "totalOtherIncomeExpenseNet": -62255000, "ebit": 82333000, "interestExpense": -66372000, "incomeBeforeTax": 20078000, "incomeTaxExpense": 3431000, "minorityInterest": 66305000, "netIncomeFromContinuingOps": 16647000, "discontinuedOperations": {}, "extraordinaryItems": {}, "effectOfAccountingCharges": {}, "otherItems": {}, "netIncome": 17078000, "netIncomeApplicableToCommonShares": 17078000}, {"maxAge": 1, "endDate": "2019-12-31", "totalRevenue": 3425417000, "costOfRevenue": 3029949000, "grossProfit": 395468000, "researchDevelopment": {}, "sellingGeneralAdministrative": 81000000, "nonRecurring": {}, "otherOperatingExpenses": 169601000, "totalOperatingExpenses": 3327450000, "operatingIncome": 97967000, "totalOtherIncomeExpenseNet": -52688000, "ebit": 97967000, "interestExpense": -61782000, "incomeBeforeTax": 45279000, "incomeTaxExpense": 10528000, "minorityInterest": 66305000, "netIncomeFromContinuingOps": 34751000, "discontinuedOperations": {}, "extraordinaryItems": {}, "effectOfAccountingCharges": {}, "otherItems": {}, "netIncome": 33265000, "netIncomeApplicableToCommonShares": 33265000}, {"maxAge": 1, "endDate": "2019-09-30", "totalRevenue": 3666401000, "costOfRevenue": 3249359000, "grossProfit": 417042000, "researchDevelopment": {}, "sellingGeneralAdministrative": 84820000, "nonRecurring": {}, "otherOperatingExpenses": 163124000, "totalOperatingExpenses": 3543191000, "operatingIncome": 123210000, "totalOtherIncomeExpenseNet": -57956000, "ebit": 123210000, "interestExpense": -72617000, "incomeBeforeTax": 65254000, "incomeTaxExpense": -5767000, "minorityInterest": 65325000, "netIncomeFromContinuingOps": 71021000, "discontinuedOperations": {}, "extraordinaryItems": {}, "effectOfAccountingCharges": {}, "otherItems": {}, "netIncome": 73411000, "netIncomeApplicableToCommonShares": 73411000}], "maxAge": 86400}, "cashflowStatementHistoryQuarterly": {"cashflowStatements": [{"maxAge": 1, "endDate": "2020-06-30", "netIncome": -46130000, "changeToLiabilities": 0}, {"maxAge": 1, "endDate": "2020-03-31", "netIncome": 17078000, "changeToLiabilities": 0}, {"maxAge": 1, "endDate": "2019-12-31", "netIncome": 33265000, "changeToLiabilities": 0}, {"maxAge": 1, "endDate": "2019-09-30", "netIncome": 73411000, "changeToLiabilities": 0}], "maxAge": 86400}, "insiderHolders": {"holders": [], "maxAge": 1}, "earnings": {"maxAge": 86400, "earningsChart": {"quarterly": [{"date": "4Q2017", "actual": 2.63, "estimate": 3.35}, {"date": "1Q2018", "actual": 4.07, "estimate": 3.18}], "currentQuarterEstimateDate": "2Q", "currentQuarterEstimateYear": 2018, "earningsDate": ["2020-09-04 05:30:S"]}, "financialsChart": {"yearly": [{"date": 2017, "revenue": 7859708000, "earnings": 220458000}, {"date": 2018, "revenue": 11156664000, "earnings": 271730000}, {"date": 2019, "revenue": 14058750000, "earnings": 156345000}, {"date": 2020, "revenue": 14343492000, "earnings": 144461000}], "quarterly": [{"date": "3Q2019", "revenue": 3666401000, "earnings": 73411000}, {"date": "4Q2019", "revenue": 3425417000, "earnings": 33265000}, {"date": "1Q2020", "revenue": 3326879000, "earnings": 17078000}, {"date": "2Q2020", "revenue": 1824898000, "earnings": -46130000}]}, "financialCurrency": "INR"}, "calendarEvents": {"maxAge": 1, "earnings": {"earningsDate": ["2020-09-04 05:30:S"]}}, "price": {"maxAge": 1, "regularMarketChangePercent": 0.007715152, "regularMarketChange": 0.6500015, "regularMarketTime": "2021-04-30 15:56:47", "priceHint": 2, "regularMarketPrice": 84.9, "regularMarketDayHigh": 85.4, "regularMarketDayLow": 83.1, "regularMarketVolume": 4210, "averageDailyVolume10Day": 8639, "averageDailyVolume3Month": 9161, "regularMarketPreviousClose": 84.25, "regularMarketSource": "FREE_REALTIME", "regularMarketOpen": 83.2, "exchange": "BSE", "exchangeName": "BSE", "exchangeDataDelayedBy": 0, "marketState": "CLOSED", "quoteType": "EQUITY", "symbol": "RAMRAT.BO", "underlyingSymbol": null, "shortName": "RAM RATNA WIRES LTD.", "longName": "Ram Ratna Wires Limited", "currency": "INR", "quoteSourceName": "Delayed Quote", "currencySymbol": "\u20b9", "fromCurrency": null, "toCurrency": null, "lastMarket": null, "marketCap": 1867800064}, "balanceSheetHistory": {"balanceSheetStatements": [{"maxAge": 1, "endDate": "2020-03-31", "cash": 9773000, "shortTermInvestments": 345000, "netReceivables": 2184429000, "inventory": 1019526000, "otherCurrentAssets": 175323000, "totalCurrentAssets": 3389396000, "longTermInvestments": 272686000, "propertyPlantEquipment": 1654164000, "goodWill": 13720000, "intangibleAssets": 5624000, "otherAssets": 70662000, "totalAssets": 5406252000, "accountsPayable": 313360000, "shortLongTermDebt": 235731000, "otherCurrentLiab": 71547000, "longTermDebt": 738915000, "otherLiab": 112716000, "minorityInterest": 66305000, "totalCurrentLiabilities": 2698698000, "totalLiab": 3552217000, "commonStock": 110000000, "retainedEarnings": 1423502000, "treasuryStock": 177908000, "capitalSurplus": 76320000, "otherStockholderEquity": 177908000, "totalStockholderEquity": 1787730000, "netTangibleAssets": 1768386000}, {"maxAge": 1, "endDate": "2019-03-31", "cash": 72263000, "shortTermInvestments": 107000, "netReceivables": 2426347000, "inventory": 1004825000, "otherCurrentAssets": 336238000, "totalCurrentAssets": 3839780000, "longTermInvestments": 475135000, "propertyPlantEquipment": 1675450000, "goodWill": 13720000, "intangibleAssets": 7626000, "otherAssets": 79359000, "totalAssets": 6091070000, "accountsPayable": 629891000, "shortLongTermDebt": 145684000, "otherCurrentLiab": 81044000, "longTermDebt": 743665000, "otherLiab": 192480000, "minorityInterest": 65057000, "totalCurrentLiabilities": 3254553000, "totalLiab": 4190698000, "commonStock": 110000000, "retainedEarnings": 1316150000, "treasuryStock": 332845000, "capitalSurplus": 76320000, "otherStockholderEquity": 332845000, "totalStockholderEquity": 1835315000, "netTangibleAssets": 1813969000}, {"maxAge": 1, "endDate": "2018-03-31", "cash": 36838000, "shortTermInvestments": 208000, "netReceivables": 2213707000, "inventory": 451460000, "otherCurrentAssets": 304687000, "totalCurrentAssets": 3006900000, "longTermInvestments": 659511000, "propertyPlantEquipment": 1449271000, "goodWill": 13720000, "intangibleAssets": 6886000, "otherAssets": 108945000, "totalAssets": 5245233000, "accountsPayable": 535742000, "shortLongTermDebt": 94503000, "otherCurrentLiab": 52522000, "longTermDebt": 637409000, "otherLiab": 226601000, "minorityInterest": 61756000, "totalCurrentLiabilities": 2650059000, "totalLiab": 3514069000, "commonStock": 110000000, "retainedEarnings": 1005795000, "treasuryStock": 477293000, "capitalSurplus": 76320000, "otherStockholderEquity": 477293000, "totalStockholderEquity": 1669408000, "netTangibleAssets": 1648802000}, {"maxAge": 1, "endDate": "2017-03-31", "cash": 128307000, "shortTermInvestments": 597000, "netReceivables": 1478651000, "inventory": 398186000, "otherCurrentAssets": 149904000, "totalCurrentAssets": 2155645000, "longTermInvestments": 414832000, "propertyPlantEquipment": 721649000, "intangibleAssets": 272000, "otherAssets": 96406000, "totalAssets": 3388804000, "accountsPayable": 397225000, "shortLongTermDebt": 1697000, "otherCurrentLiab": 31397000, "longTermDebt": 292899000, "otherLiab": 130185000, "totalCurrentLiabilities": 1712519000, "totalLiab": 2135603000, "commonStock": 110000000, "retainedEarnings": 767186000, "treasuryStock": 299695000, "capitalSurplus": 76320000, "otherStockholderEquity": 299695000, "totalStockholderEquity": 1253201000, "netTangibleAssets": 1252929000}], "maxAge": 86400}, "earningsTrend": {"trend": [{"maxAge": 1, "period": "0q", "endDate": "2018-06-30", "growth": {}, "earningsEstimate": {"avg": 0.0, "low": 0.0, "high": 0.0, "yearAgoEps": {}, "numberOfAnalysts": 0, "growth": {}}, "revenueEstimate": {"avg": 0, "low": 0, "high": 0, "numberOfAnalysts": 0, "yearAgoRevenue": {}, "growth": {}}, "epsTrend": {"current": 0.0, "7daysAgo": 0.0, "30daysAgo": 0.0, "60daysAgo": 0.0, "90daysAgo": 0.0}, "epsRevisions": {"upLast7days": 0, "upLast30days": 0, "downLast30days": 0, "downLast90days": {}}}, {"maxAge": 1, "period": "+1q", "endDate": "2018-09-30", "growth": {}, "earningsEstimate": {"avg": 0.0, "low": 0.0, "high": 0.0, "yearAgoEps": {}, "numberOfAnalysts": 0, "growth": {}}, "revenueEstimate": {"avg": 0, "low": 0, "high": 0, "numberOfAnalysts": 0, "yearAgoRevenue": {}, "growth": {}}, "epsTrend": {"current": 0.0, "7daysAgo": 0.0, "30daysAgo": 0.0, "60daysAgo": 0.0, "90daysAgo": 0.0}, "epsRevisions": {"upLast7days": 0, "upLast30days": 0, "downLast30days": 0, "downLast90days": {}}}, {"maxAge": 1, "period": "0y", "endDate": "2019-03-31", "growth": {}, "earningsEstimate": {"avg": 0.0, "low": 0.0, "high": 0.0, "yearAgoEps": {}, "numberOfAnalysts": 0, "growth": {}}, "revenueEstimate": {"avg": 11939600000, "low": 11939600000, "high": 11939600000, "numberOfAnalysts": 1, "yearAgoRevenue": 10272500000, "growth": 0.162}, "epsTrend": {"current": 0.0, "7daysAgo": 14.29, "30daysAgo": 14.29, "60daysAgo": 14.29, "90daysAgo": 14.29}, "epsRevisions": {"upLast7days": 0, "upLast30days": 0, "downLast30days": 0, "downLast90days": {}}}, {"maxAge": 1, "period": "+1y", "endDate": "2020-03-31", "growth": {}, "earningsEstimate": {"avg": 0.0, "low": 0.0, "high": 0.0, "yearAgoEps": {}, "numberOfAnalysts": 0, "growth": {}}, "revenueEstimate": {"avg": 13324600000, "low": 13324600000, "high": 13324600000, "numberOfAnalysts": 1, "yearAgoRevenue": 11939600000, "growth": 0.116000004}, "epsTrend": {"current": 0.0, "7daysAgo": 16.54, "30daysAgo": 16.54, "60daysAgo": 16.54, "90daysAgo": 16.54}, "epsRevisions": {"upLast7days": 0, "upLast30days": 0, "downLast30days": 0, "downLast90days": {}}}, {"maxAge": 1, "period": "+5y", "endDate": null, "growth": {}, "earningsEstimate": {"avg": {}, "low": {}, "high": {}, "yearAgoEps": {}, "numberOfAnalysts": {}, "growth": {}}, "revenueEstimate": {"avg": {}, "low": {}, "high": {}, "numberOfAnalysts": {}, "yearAgoRevenue": {}, "growth": {}}, "epsTrend": {"current": {}, "7daysAgo": {}, "30daysAgo": {}, "60daysAgo": {}, "90daysAgo": {}}, "epsRevisions": {"upLast7days": {}, "upLast30days": {}, "downLast30days": {}, "downLast90days": {}}}, {"maxAge": 1, "period": "-5y", "endDate": null, "growth": {}, "earningsEstimate": {"avg": {}, "low": {}, "high": {}, "yearAgoEps": {}, "numberOfAnalysts": {}, "growth": {}}, "revenueEstimate": {"avg": {}, "low": {}, "high": {}, "numberOfAnalysts": {}, "yearAgoRevenue": {}, "growth": {}}, "epsTrend": {"current": {}, "7daysAgo": {}, "30daysAgo": {}, "60daysAgo": {}, "90daysAgo": {}}, "epsRevisions": {"upLast7days": {}, "upLast30days": {}, "downLast30days": {}, "downLast90days": {}}}], "maxAge": 1}, "financialData": {"maxAge": 86400, "currentPrice": 84.9, "targetHighPrice": 52.0, "targetLowPrice": 52.0, "targetMeanPrice": 52.0, "targetMedianPrice": 52.0, "recommendationKey": "none", "numberOfAnalystOpinions": 1, "grossProfits": 1453389000, "financialCurrency": "INR"}}}