{"RAMSARUP.BO": {"recommendationTrend": {"trend": [{"period": "0m", "strongBuy": 0, "buy": 0, "hold": 0, "sell": 0, "strongSell": 0}, {"period": "-1m", "strongBuy": 0, "buy": 0, "hold": 0, "sell": 0, "strongSell": 0}, {"period": "-2m", "strongBuy": 0, "buy": 0, "hold": 0, "sell": 0, "strongSell": 0}, {"period": "-3m", "strongBuy": 0, "buy": 0, "hold": 0, "sell": 0, "strongSell": 0}], "maxAge": 86400}, "cashflowStatementHistory": {"cashflowStatements": [{"maxAge": 1, "endDate": "2017-03-31", "netIncome": -556572688, "depreciation": 436481000, "changeToNetincome": 61072688, "changeToAccountReceivables": 17298000, "changeToLiabilities": -11584000, "changeToOperatingActivities": 63614000, "totalCashFromOperatingActivities": 10309000, "otherCashflowsFromInvestingActivities": 2565000, "totalCashflowsFromInvestingActivities": 2565000, "otherCashflowsFromFinancingActivities": -63000, "totalCashFromFinancingActivities": -63000, "changeInCash": -21457000}, {"maxAge": 1, "endDate": "2016-03-31", "netIncome": -423297081, "depreciation": 441434000, "changeToNetincome": 670081, "changeToAccountReceivables": -15455000, "changeToLiabilities": 9854000, "changeToOperatingActivities": 11095000, "totalCashFromOperatingActivities": 24301000, "otherCashflowsFromInvestingActivities": 535000, "totalCashflowsFromInvestingActivities": 535000, "otherCashflowsFromFinancingActivities": -590000, "totalCashFromFinancingActivities": -590000, "changeInCash": 24247000}, {"maxAge": 1, "endDate": "2015-03-31", "netIncome": -1799070351, "depreciation": 502986000, "changeToNetincome": 1235546351, "changeToAccountReceivables": 3193000, "changeToLiabilities": 857000, "changeToInventory": 34987000, "changeToOperatingActivities": 1247743000, "totalCashFromOperatingActivities": 1226242000, "otherCashflowsFromInvestingActivities": 821000, "totalCashflowsFromInvestingActivities": 821000, "otherCashflowsFromFinancingActivities": -1237171000, "totalCashFromFinancingActivities": -1237171000, "changeInCash": -10109000}, {"maxAge": 1, "endDate": "2014-03-31", "netIncome": -4890000835, "depreciation": 314090000, "changeToNetincome": 4550902835, "changeToAccountReceivables": 139935000, "changeToLiabilities": -495000, "changeToInventory": 23585000, "changeToOperatingActivities": 4402561000, "totalCashFromOperatingActivities": 4540578000, "investments": -1150000, "otherCashflowsFromInvestingActivities": 1221000, "totalCashflowsFromInvestingActivities": 71000, "otherCashflowsFromFinancingActivities": -4559246000, "totalCashFromFinancingActivities": -4559246000, "changeInCash": -18587000}], "maxAge": 86400}, "institutionOwnership": {"ownershipList": [], "maxAge": 1}, "balanceSheetHistoryQuarterly": {"balanceSheetStatements": [{"maxAge": 1, "endDate": "2017-12-31", "totalStockholderEquity": -16183300000, "netTangibleAssets": -16183300000}, {"maxAge": 1, "endDate": "2017-09-30", "cash": 13600000, "netReceivables": 41800000, "inventory": 8700000, "otherCurrentAssets": 416300000, "totalCurrentAssets": 480400000, "propertyPlantEquipment": 14547700000, "otherAssets": 3359400000, "deferredLongTermAssetCharges": 56400000, "totalAssets": 18387500000, "accountsPayable": 314000000, "otherCurrentLiab": 13449900000, "longTermDebt": 269600000, "totalCurrentLiabilities": 34301200000, "totalLiab": 34570800000, "commonStock": 350800000, "treasuryStock": -16534100000, "otherStockholderEquity": -16534100000, "totalStockholderEquity": -16183300000, "netTangibleAssets": -16183300000}, {"maxAge": 1, "endDate": "2017-06-30", "totalStockholderEquity": -12834304000, "netTangibleAssets": -12834304000}, {"maxAge": 1, "endDate": "2017-03-31", "cash": 15836000, "netReceivables": 494053000, "inventory": 34986000, "otherCurrentAssets": 1130000, "totalCurrentAssets": 546005000, "longTermInvestments": 2302000, "propertyPlantEquipment": 14746029000, "otherAssets": 6482359000, "totalAssets": 21776695000, "accountsPayable": 175327000, "otherCurrentLiab": 13632357000, "totalCurrentLiabilities": 34341400000, "totalLiab": 34341400000, "commonStock": 350785000, "treasuryStock": -13185089000, "otherStockholderEquity": -13185089000, "totalStockholderEquity": -12834304000, "netTangibleAssets": -12834304000}], "maxAge": 86400}, "earningsHistory": {"history": [{"maxAge": 1, "epsActual": {}, "epsEstimate": {}, "epsDifference": {}, "surprisePercent": {}, "quarter": {}, "period": "-4q"}, {"maxAge": 1, "epsActual": {}, "epsEstimate": {}, "epsDifference": {}, "surprisePercent": {}, "quarter": {}, "period": "-3q"}, {"maxAge": 1, "epsActual": {}, "epsEstimate": {}, "epsDifference": {}, "surprisePercent": {}, "quarter": {}, "period": "-2q"}, {"maxAge": 1, "epsActual": {}, "epsEstimate": {}, "epsDifference": {}, "surprisePercent": {}, "quarter": {}, "period": "-1q"}], "maxAge": 86400}, "indexTrend": {"maxAge": 1, "symbol": "SP5", "peRatio": 19.7411, "pegRatio": 1.34172, "estimates": [{"period": "0q", "growth": 0.549}, {"period": "+1q", "growth": 0.431}, {"period": "0y", "growth": 0.305}, {"period": "+1y", "growth": 0.109}, {"period": "+5y", "growth": 0.120865}, {"period": "-5y"}]}, "industryTrend": {"maxAge": 1, "symbol": null, "estimates": []}, "insiderTransactions": {"transactions": [{"maxAge": 1, "shares": 39506, "filerUrl": "", "transactionText": "", "filerName": "R A V Dravya Pvt. Ltd.", "filerRelation": "Promoter", "moneyText": "", "startDate": "2017-11-01", "ownership": "D"}, {"maxAge": 1, "shares": 270000, "filerUrl": "", "transactionText": "", "filerName": "R A V Dravya Pvt. Ltd.", "filerRelation": "Promoter", "moneyText": "", "startDate": "2017-10-31", "ownership": "D"}, {"maxAge": 1, "shares": 504506, "filerUrl": "", "transactionText": "", "filerName": "R A V Dravya Pvt. Ltd.", "filerRelation": "Promoter", "moneyText": "", "startDate": "2017-10-27", "ownership": "D"}, {"maxAge": 1, "shares": 659506, "filerUrl": "", "transactionText": "", "filerName": "R A V Dravya Pvt. Ltd.", "filerRelation": "Promoter", "moneyText": "", "startDate": "2016-12-20", "ownership": "D"}, {"maxAge": 1, "shares": 776086, "filerUrl": "", "transactionText": "", "filerName": "IDBI Bank Ltd", "filerRelation": "Institution- Corporation", "moneyText": "", "startDate": "2010-12-21", "ownership": "D"}, {"maxAge": 1, "shares": 1612948, "filerUrl": "", "transactionText": "", "filerName": "IDBI Bank Ltd", "filerRelation": "Institution- Corporation", "moneyText": "", "startDate": "2010-12-14", "ownership": "D"}, {"maxAge": 1, "shares": 0, "filerUrl": "", "transactionText": "", "filerName": "Jhunjhunwala (Ashish)", "filerRelation": "Chairman of the Board", "moneyText": "", "startDate": "2010-12-08", "ownership": "I"}, {"maxAge": 1, "shares": 50000, "filerUrl": "", "transactionText": "", "filerName": "Jhunjhunwala (Ashish)", "filerRelation": "Chairman of the Board", "moneyText": "", "startDate": "2010-08-12", "ownership": "D"}, {"maxAge": 1, "shares": 48000, "filerUrl": "", "transactionText": "", "filerName": "Jhunjhunwala (Ashish)", "filerRelation": "Chairman of the Board", "moneyText": "", "startDate": "2010-08-11", "ownership": "D"}, {"maxAge": 1, "shares": 302000, "filerUrl": "", "transactionText": "", "filerName": "Jhunjhunwala (Ashish)", "filerRelation": "Chairman of the Board", "moneyText": "", "startDate": "2010-08-10", "ownership": "D"}, {"maxAge": 1, "shares": 100000, "filerUrl": "", "transactionText": "", "filerName": "Jhunjhunwala (Ashish)", "filerRelation": "Chairman of the Board", "moneyText": "", "startDate": "2010-08-09", "ownership": "D"}, {"maxAge": 1, "shares": 200000, "filerUrl": "", "transactionText": "", "filerName": "Jhunjhunwala (Ashish)", "filerRelation": "Chairman of the Board", "moneyText": "", "startDate": "2010-08-06", "ownership": "D"}, {"maxAge": 1, "shares": 100000, "filerUrl": "", "transactionText": "", "filerName": "Jhunjhunwala (Ashish)", "filerRelation": "Chairman of the Board", "moneyText": "", "startDate": "2010-08-05", "ownership": "D"}, {"maxAge": 1, "shares": 35000, "filerUrl": "", "transactionText": "", "filerName": "Jhunjhunwala (Ashish)", "filerRelation": "Chairman of the Board", "moneyText": "", "startDate": "2010-08-05", "ownership": "D"}, {"maxAge": 1, "shares": 85000, "filerUrl": "", "transactionText": "", "filerName": "Jhunjhunwala (Ashish)", "filerRelation": "Chairman of the Board", "moneyText": "", "startDate": "2010-08-04", "ownership": "D"}, {"maxAge": 1, "shares": 86507, "filerUrl": "", "transactionText": "", "filerName": "Jhunjhunwala (Ashish)", "filerRelation": "Chairman of the Board", "moneyText": "", "startDate": "2010-08-03", "ownership": "D"}, {"maxAge": 1, "shares": 15000, "filerUrl": "", "transactionText": "", "filerName": "Jhunjhunwala (Ashish)", "filerRelation": "Chairman of the Board", "moneyText": "", "startDate": "2010-08-02", "ownership": "D"}, {"maxAge": 1, "shares": 17000, "filerUrl": "", "transactionText": "", "filerName": "Jhunjhunwala (Ashish)", "filerRelation": "Chairman of the Board", "moneyText": "", "startDate": "2010-08-02", "ownership": "D"}, {"maxAge": 1, "shares": 17000, "filerUrl": "", "transactionText": "", "filerName": "Jhunjhunwala (Ashish)", "filerRelation": "Chairman of the Board", "moneyText": "", "startDate": "2010-07-30", "ownership": "D"}, {"maxAge": 1, "shares": 3507848, "filerUrl": "", "transactionText": "", "filerName": "IDBI Bank Ltd", "filerRelation": "Institution- Corporation", "moneyText": "", "startDate": "2010-07-29", "ownership": "D"}, {"maxAge": 1, "shares": 78900, "filerUrl": "", "transactionText": "", "filerName": "Jhunjhunwala (Ashish)", "filerRelation": "Chairman of the Board", "moneyText": "", "startDate": "2010-07-29", "ownership": "D"}, {"maxAge": 1, "shares": 41100, "filerUrl": "", "transactionText": "", "filerName": "Jhunjhunwala (Ashish)", "filerRelation": "Chairman of the Board", "moneyText": "", "startDate": "2010-07-28", "ownership": "D"}, {"maxAge": 1, "shares": 25000, "filerUrl": "", "transactionText": "", "filerName": "Jhunjhunwala (Ashish)", "filerRelation": "Chairman of the Board", "moneyText": "", "startDate": "2010-07-23", "ownership": "D"}, {"maxAge": 1, "shares": 160000, "filerUrl": "", "transactionText": "", "filerName": "Jhunjhunwala (Ashish)", "filerRelation": "Chairman of the Board", "moneyText": "", "startDate": "2010-07-23", "ownership": "D"}, {"maxAge": 1, "shares": 120000, "filerUrl": "", "transactionText": "", "filerName": "Jhunjhunwala (Ashish)", "filerRelation": "Chairman of the Board", "moneyText": "", "startDate": "2010-07-20", "ownership": "D"}, {"maxAge": 1, "shares": 65000, "filerUrl": "", "transactionText": "", "filerName": "Jhunjhunwala (Ashish)", "filerRelation": "Chairman of the Board", "moneyText": "", "startDate": "2010-07-20", "ownership": "D"}, {"maxAge": 1, "shares": 135000, "filerUrl": "", "transactionText": "", "filerName": "Jhunjhunwala (Ashish)", "filerRelation": "Chairman of the Board", "moneyText": "", "startDate": "2010-07-20", "ownership": "D"}, {"maxAge": 1, "shares": 16360, "filerUrl": "", "transactionText": "", "filerName": "Jhunjhunwala (Ashish)", "filerRelation": "Chairman of the Board", "moneyText": "", "startDate": "2010-06-29", "ownership": "D"}, {"maxAge": 1, "shares": 1461750, "filerUrl": "", "transactionText": "", "filerName": "Jhunjhunwala (Ashish)", "filerRelation": "Chairman of the Board", "moneyText": "", "startDate": "2010-03-26", "ownership": "D"}, {"maxAge": 1, "shares": 110000, "filerUrl": "", "transactionText": "", "filerName": "Jhunjhunwala (Ashish)", "filerRelation": "Chairman of the Board", "moneyText": "", "startDate": "2010-01-18", "ownership": "D"}, {"maxAge": 1, "shares": 690000, "filerUrl": "", "transactionText": "", "filerName": "Jhunjhunwala (Ashish)", "filerRelation": "Chairman of the Board", "moneyText": "", "startDate": "2010-01-15", "ownership": "D"}, {"maxAge": 1, "shares": 300000, "filerUrl": "", "transactionText": "", "filerName": "Jhunjhunwala (Ashish)", "filerRelation": "Chairman of the Board", "moneyText": "", "startDate": "2010-01-13", "ownership": "D"}, {"maxAge": 1, "shares": 29519, "filerUrl": "", "transactionText": "", "filerName": "Jhunjhunwala (Ashish)", "filerRelation": "Chairman of the Board", "moneyText": "", "startDate": "2010-01-12", "ownership": "D"}, {"maxAge": 1, "shares": 50044, "filerUrl": "", "transactionText": "", "filerName": "Jhunjhunwala (Ashish)", "filerRelation": "Chairman of the Board", "moneyText": "", "startDate": "2010-01-11", "ownership": "D"}, {"maxAge": 1, "shares": 54613, "filerUrl": "", "transactionText": "", "filerName": "Jhunjhunwala (Ashish)", "filerRelation": "Chairman of the Board", "moneyText": "", "startDate": "2010-01-08", "ownership": "D"}, {"maxAge": 1, "shares": 62369, "filerUrl": "", "transactionText": "", "filerName": "Jhunjhunwala (Ashish)", "filerRelation": "Chairman of the Board", "moneyText": "", "startDate": "2010-01-07", "ownership": "D"}, {"maxAge": 1, "shares": 43018, "filerUrl": "", "transactionText": "", "filerName": "Jhunjhunwala (Ashish)", "filerRelation": "Chairman of the Board", "moneyText": "", "startDate": "2010-01-06", "ownership": "D"}, {"maxAge": 1, "shares": 40000, "filerUrl": "", "transactionText": "", "filerName": "Jhunjhunwala (Ashish)", "filerRelation": "Chairman of the Board", "moneyText": "", "startDate": "2009-11-23", "ownership": "D"}, {"maxAge": 1, "shares": 1100000, "filerUrl": "", "transactionText": "", "filerName": "Jhunjhunwala (Ashish)", "filerRelation": "Chairman of the Board", "moneyText": "", "startDate": "2009-11-20", "ownership": "D"}, {"maxAge": 1, "shares": 125000, "filerUrl": "", "transactionText": "", "filerName": "Jhunjhunwala (Ashish)", "filerRelation": "Chairman of the Board", "moneyText": "", "startDate": "2009-11-18", "ownership": "D"}], "maxAge": 1}, "quoteType": {"exchange": "BSE", "quoteType": "EQUITY", "symbol": "RAMSARUP.BO", "underlyingSymbol": "RAMSARUP.BO", "shortName": "RAMSARUP INDUSTRIES LTD.", "longName": "Ramsarup Industries Limited", "firstTradeDateEpochUtc": "2006-01-04 09:15:00", "timeZoneFullName": "Asia/Kolkata", "timeZoneShortName": "IST", "uuid": "69627b99-8083-3fc3-ba65-8e4850acbf89", "gmtOffSetMilliseconds": 19800000, "maxAge": 1}, "incomeStatementHistory": {"incomeStatementHistory": [{"maxAge": 1, "endDate": "2017-03-31", "totalRevenue": 24928825, "costOfRevenue": 6649439, "grossProfit": 18279386, "researchDevelopment": {}, "sellingGeneralAdministrative": 32051656, "nonRecurring": {}, "otherOperatingExpenses": 75489785, "totalOperatingExpenses": 549565909, "operatingIncome": -524637084, "totalOtherIncomeExpenseNet": 2332503, "ebit": -524637084, "interestExpense": -169205, "incomeBeforeTax": -522304581, "incomeTaxExpense": 34268107, "minorityInterest": {}, "netIncomeFromContinuingOps": -556572688, "discontinuedOperations": {}, "extraordinaryItems": {}, "effectOfAccountingCharges": {}, "otherItems": {}, "netIncome": -556572688, "netIncomeApplicableToCommonShares": -556572688}, {"maxAge": 1, "endDate": "2016-03-31", "totalRevenue": 22753378, "costOfRevenue": 16567777, "grossProfit": 6185601, "researchDevelopment": {}, "sellingGeneralAdministrative": 1914777, "nonRecurring": {}, "otherOperatingExpenses": -14645639, "totalOperatingExpenses": 445270961, "operatingIncome": -422517583, "totalOtherIncomeExpenseNet": -779498, "ebit": -422517583, "interestExpense": -1286895, "incomeBeforeTax": -423297081, "incomeTaxExpense": 0, "minorityInterest": {}, "netIncomeFromContinuingOps": -423297081, "discontinuedOperations": {}, "extraordinaryItems": {}, "effectOfAccountingCharges": {}, "otherItems": {}, "netIncome": -423297081, "netIncomeApplicableToCommonShares": -423297081}, {"maxAge": 1, "endDate": "2015-03-31", "totalRevenue": 43813645, "costOfRevenue": 63839322, "grossProfit": -20025677, "researchDevelopment": {}, "sellingGeneralAdministrative": 3324428, "nonRecurring": {}, "otherOperatingExpenses": 36782622, "totalOperatingExpenses": 606932042, "operatingIncome": -563118397, "totalOtherIncomeExpenseNet": -1235951954, "ebit": -563118397, "interestExpense": -1213493440, "incomeBeforeTax": -1799070351, "incomeTaxExpense": 0, "minorityInterest": {}, "netIncomeFromContinuingOps": -1799070351, "discontinuedOperations": {}, "extraordinaryItems": {}, "effectOfAccountingCharges": {}, "otherItems": {}, "netIncome": -1799070351, "netIncomeApplicableToCommonShares": -1799070351}, {"maxAge": 1, "endDate": "2014-03-31", "totalRevenue": 103030744, "costOfRevenue": 94357352, "grossProfit": 8673392, "researchDevelopment": {}, "sellingGeneralAdministrative": 8792931, "nonRecurring": {}, "otherOperatingExpenses": 15597286, "totalOperatingExpenses": 432837079, "operatingIncome": -329806335, "totalOtherIncomeExpenseNet": -4560194500, "ebit": -329806335, "interestExpense": -4426283179, "incomeBeforeTax": -4890000835, "incomeTaxExpense": 0, "minorityInterest": {}, "netIncomeFromContinuingOps": -4890000835, "discontinuedOperations": {}, "extraordinaryItems": {}, "effectOfAccountingCharges": {}, "otherItems": {}, "netIncome": -4890000835, "netIncomeApplicableToCommonShares": -4890000835}], "maxAge": 86400}, "fundOwnership": {"ownershipList": [], "maxAge": 1}, "summaryDetail": {"maxAge": 1, "priceHint": 4, "previousClose": 0.61, "open": 0.61, "dayLow": 0.61, "dayHigh": 0.61, "regularMarketPreviousClose": 0.61, "regularMarketOpen": 0.61, "regularMarketDayLow": 0.61, "regularMarketDayHigh": 0.61, "volume": 3729, "regularMarketVolume": 3729, "averageVolume": 2167, "averageVolume10days": 0, "averageDailyVolume10Day": 0, "bid": 0.61, "ask": 0.0, "bidSize": 0, "askSize": 0, "marketCap": 21397886, "fiftyTwoWeekLow": 0.34, "fiftyTwoWeekHigh": 1.07, "fiftyDayAverage": 0.8639394, "twoHundredDayAverage": 0.51744527, "currency": "INR", "fromCurrency": null, "lastMarket": null, "algorithm": null, "tradeable": false}, "sectorTrend": {"maxAge": 1, "symbol": null, "estimates": []}, "incomeStatementHistoryQuarterly": {"incomeStatementHistory": [{"maxAge": 1, "endDate": "2017-12-31", "totalRevenue": 0, "costOfRevenue": 0, "grossProfit": 0, "researchDevelopment": {}, "sellingGeneralAdministrative": 532000, "nonRecurring": {}, "otherOperatingExpenses": 3629000, "totalOperatingExpenses": 99116000, "operatingIncome": -99116000, "totalOtherIncomeExpenseNet": -1843242000, "ebit": -99116000, "interestExpense": -3000, "incomeBeforeTax": -1942358000, "incomeTaxExpense": 0, "minorityInterest": {}, "netIncomeFromContinuingOps": -1942358000, "discontinuedOperations": {}, "extraordinaryItems": {}, "effectOfAccountingCharges": {}, "otherItems": {}, "netIncome": -1942358000, "netIncomeApplicableToCommonShares": -1942358000}, {"maxAge": 1, "endDate": "2017-09-30", "totalRevenue": 7000, "costOfRevenue": 8811000, "grossProfit": -8804000, "researchDevelopment": {}, "sellingGeneralAdministrative": 515000, "nonRecurring": {}, "otherOperatingExpenses": 3376000, "totalOperatingExpenses": 107739000, "operatingIncome": -107732000, "totalOtherIncomeExpenseNet": -1578628000, "ebit": -107732000, "interestExpense": -1000, "incomeBeforeTax": -1686360000, "incomeTaxExpense": 0, "minorityInterest": {}, "netIncomeFromContinuingOps": -1686360000, "discontinuedOperations": {}, "extraordinaryItems": {}, "effectOfAccountingCharges": {}, "otherItems": {}, "netIncome": -1686360000, "netIncomeApplicableToCommonShares": -1686360000}, {"maxAge": 1, "endDate": "2017-06-30", "totalRevenue": 0, "costOfRevenue": 14793000, "grossProfit": -14793000, "researchDevelopment": {}, "sellingGeneralAdministrative": 522000, "nonRecurring": {}, "otherOperatingExpenses": -37714000, "totalOperatingExpenses": 80836000, "operatingIncome": -80836000, "totalOtherIncomeExpenseNet": -1579524000, "ebit": -80836000, "interestExpense": -32000, "incomeBeforeTax": -1660360000, "incomeTaxExpense": 0, "minorityInterest": {}, "netIncomeFromContinuingOps": -1660360000, "discontinuedOperations": {}, "extraordinaryItems": {}, "effectOfAccountingCharges": {}, "otherItems": {}, "netIncome": -1660360000, "netIncomeApplicableToCommonShares": -1660360000}, {"maxAge": 1, "endDate": "2017-03-31", "totalRevenue": 2880000, "costOfRevenue": 0, "grossProfit": 2880000, "researchDevelopment": {}, "sellingGeneralAdministrative": 29638000, "nonRecurring": {}, "otherOperatingExpenses": 51047000, "totalOperatingExpenses": 188460000, "operatingIncome": -185580000, "totalOtherIncomeExpenseNet": -7000, "ebit": -185580000, "interestExpense": -7000, "incomeBeforeTax": -185587000, "incomeTaxExpense": 34268000, "minorityInterest": {}, "netIncomeFromContinuingOps": -219855000, "discontinuedOperations": {}, "extraordinaryItems": {}, "effectOfAccountingCharges": {}, "otherItems": {}, "netIncome": -219855000, "netIncomeApplicableToCommonShares": -219855000}], "maxAge": 86400}, "cashflowStatementHistoryQuarterly": {"cashflowStatements": [{"maxAge": 1, "endDate": "2017-12-31", "netIncome": -1942358000, "changeToLiabilities": 0}, {"maxAge": 1, "endDate": "2017-09-30", "netIncome": -1686360000, "changeToLiabilities": 0}, {"maxAge": 1, "endDate": "2017-06-30", "netIncome": -1660360000, "changeToLiabilities": 0}, {"maxAge": 1, "endDate": "2017-03-31", "netIncome": -219855000, "changeToLiabilities": 0}], "maxAge": 86400}, "insiderHolders": {"holders": [{"maxAge": 1, "name": "IDBI Bank Ltd", "relation": "Institution- Corporation", "url": "", "transactionDescription": "Sale", "latestTransDate": "2010-12-21", "positionDirect": 1118814, "positionDirectDate": "2010-12-21"}, {"maxAge": 1, "name": "Jhunjhunwala (Ashish)", "relation": "Chairman of the Board", "url": "", "transactionDescription": "Sale", "latestTransDate": "2010-12-08", "positionIndirect": 3559000, "positionIndirectDate": 1291766400}, {"maxAge": 1, "name": "R A V Dravya Pvt. Ltd.", "relation": "Promoter", "url": "", "transactionDescription": "Sale", "latestTransDate": "2017-11-01", "positionDirectDate": "2017-11-01"}], "maxAge": 1}, "earnings": {"maxAge": 86400, "earningsChart": {"quarterly": [], "earningsDate": []}, "financialsChart": {"yearly": [{"date": 2014, "revenue": 103030744, "earnings": -4890000835}, {"date": 2015, "revenue": 43813645, "earnings": -1799070351}, {"date": 2016, "revenue": 22753378, "earnings": -423297081}, {"date": 2017, "revenue": 24928825, "earnings": -556572688}], "quarterly": [{"date": "1Q2017", "revenue": 2880000, "earnings": -219855000}, {"date": "2Q2017", "revenue": 0, "earnings": -1660360000}, {"date": "3Q2017", "revenue": 7000, "earnings": -1686360000}, {"date": "4Q2017", "revenue": 0, "earnings": -1942358000}]}, "financialCurrency": "INR"}, "calendarEvents": {"maxAge": 1, "earnings": {"earningsDate": []}}, "upgradeDowngradeHistory": {"history": [], "maxAge": 86400}, "price": {"maxAge": 1, "regularMarketChangePercent": 0.0, "regularMarketChange": 0.0, "regularMarketTime": "2021-04-30 13:46:15", "priceHint": 4, "regularMarketPrice": 0.61, "regularMarketDayHigh": 0.61, "regularMarketDayLow": 0.61, "regularMarketVolume": 3729, "averageDailyVolume10Day": 0, "averageDailyVolume3Month": 2167, "regularMarketPreviousClose": 0.61, "regularMarketSource": "FREE_REALTIME", "regularMarketOpen": 0.61, "exchange": "BSE", "exchangeName": "BSE", "exchangeDataDelayedBy": 0, "marketState": "CLOSED", "quoteType": "EQUITY", "symbol": "RAMSARUP.BO", "underlyingSymbol": null, "shortName": "RAMSARUP INDUSTRIES LTD.", "longName": "Ramsarup Industries Limited", "currency": "INR", "quoteSourceName": "Delayed Quote", "currencySymbol": "\u20b9", "fromCurrency": null, "lastMarket": null, "marketCap": 21397886}, "balanceSheetHistory": {"balanceSheetStatements": [{"maxAge": 1, "endDate": "2017-03-31", "cash": 15835732, "netReceivables": 377302123, "inventory": 34986548, "otherCurrentAssets": 117881015, "totalCurrentAssets": 546005418, "longTermInvestments": 2301530, "propertyPlantEquipment": 14746028680, "otherAssets": 6482359120, "totalAssets": 21776694748, "accountsPayable": 175326338, "otherCurrentLiab": 130048861, "totalCurrentLiabilities": 34341399415, "totalLiab": 34341399415, "commonStock": 350784800, "retainedEarnings": -17352617679, "treasuryStock": 267497380, "capitalSurplus": 3900031632, "otherStockholderEquity": 267497380, "totalStockholderEquity": -12834303867, "netTangibleAssets": -12834303867}, {"maxAge": 1, "endDate": "2016-03-31", "cash": 37292728, "netReceivables": 395867319, "inventory": 34986548, "otherCurrentAssets": 118625177, "totalCurrentAssets": 586771772, "longTermInvestments": 2301530, "propertyPlantEquipment": 15182509807, "otherAssets": 6483229862, "totalAssets": 22254812971, "accountsPayable": 186910438, "otherCurrentLiab": 100705674, "totalCurrentLiabilities": 34262944950, "totalLiab": 34262944950, "commonStock": 350784800, "retainedEarnings": -16796044991, "treasuryStock": 267497380, "capitalSurplus": 3900031632, "otherStockholderEquity": 267497380, "totalStockholderEquity": -12277731179, "netTangibleAssets": -12277731179}, {"maxAge": 1, "endDate": "2015-03-31", "cash": 13581547, "netReceivables": 384767560, "inventory": 34986548, "otherCurrentAssets": 119851255, "totalCurrentAssets": 553186910, "longTermInvestments": 2301530, "propertyPlantEquipment": 15623943855, "otherAssets": 6490548912, "totalAssets": 22669981207, "accountsPayable": 177056522, "otherCurrentLiab": 105471901, "totalCurrentLiabilities": 34254816105, "totalLiab": 34254816105, "commonStock": 350784800, "retainedEarnings": -16372747910, "treasuryStock": 267497380, "capitalSurplus": 3900031632, "otherStockholderEquity": 267497380, "totalStockholderEquity": -11854434098, "netTangibleAssets": -11854434098}, {"maxAge": 1, "endDate": "2014-03-31", "cash": 23690096, "netReceivables": 398688567, "inventory": 69973104, "otherCurrentAssets": 130398907, "totalCurrentAssets": 622944726, "longTermInvestments": 2301530, "propertyPlantEquipment": 16158105554, "otherAssets": 6496902483, "totalAssets": 23280254293, "accountsPayable": 176199843, "shortLongTermDebt": 12732799025, "otherCurrentLiab": 403072671, "otherLiab": 97345227, "totalCurrentLiabilities": 32937497586, "totalLiab": 33034842813, "commonStock": 350784800, "retainedEarnings": -14542501532, "treasuryStock": 267497380, "capitalSurplus": 3900031632, "otherStockholderEquity": 267497380, "totalStockholderEquity": -10024187720, "netTangibleAssets": -10024187720}], "maxAge": 86400}, "earningsTrend": {"trend": [{"maxAge": 1, "period": "0q", "endDate": null, "growth": {}, "earningsEstimate": {"avg": 0.0, "low": 0.0, "high": 0.0, "yearAgoEps": {}, "numberOfAnalysts": 0, "growth": {}}, "revenueEstimate": {"avg": 0, "low": 0, "high": 0, "numberOfAnalysts": 0, "yearAgoRevenue": {}, "growth": {}}, "epsTrend": {"current": 0.0, "7daysAgo": 0.0, "30daysAgo": 0.0, "60daysAgo": 0.0, "90daysAgo": 0.0}, "epsRevisions": {"upLast7days": 0, "upLast30days": 0, "downLast30days": 0, "downLast90days": {}}}, {"maxAge": 1, "period": "+1q", "endDate": null, "growth": {}, "earningsEstimate": {"avg": 0.0, "low": 0.0, "high": 0.0, "yearAgoEps": {}, "numberOfAnalysts": 0, "growth": {}}, "revenueEstimate": {"avg": 0, "low": 0, "high": 0, "numberOfAnalysts": 0, "yearAgoRevenue": {}, "growth": {}}, "epsTrend": {"current": 0.0, "7daysAgo": 0.0, "30daysAgo": 0.0, "60daysAgo": 0.0, "90daysAgo": 0.0}, "epsRevisions": {"upLast7days": 0, "upLast30days": 0, "downLast30days": 0, "downLast90days": {}}}, {"maxAge": 1, "period": "0y", "endDate": null, "growth": {}, "earningsEstimate": {"avg": 0.0, "low": 0.0, "high": 0.0, "yearAgoEps": {}, "numberOfAnalysts": 0, "growth": {}}, "revenueEstimate": {"avg": 0, "low": 0, "high": 0, "numberOfAnalysts": 0, "yearAgoRevenue": {}, "growth": {}}, "epsTrend": {"current": 0.0, "7daysAgo": 0.0, "30daysAgo": 0.0, "60daysAgo": 0.0, "90daysAgo": 0.0}, "epsRevisions": {"upLast7days": 0, "upLast30days": 0, "downLast30days": 0, "downLast90days": {}}}, {"maxAge": 1, "period": "+1y", "endDate": null, "growth": {}, "earningsEstimate": {"avg": 0.0, "low": 0.0, "high": 0.0, "yearAgoEps": {}, "numberOfAnalysts": 0, "growth": {}}, "revenueEstimate": {"avg": 0, "low": 0, "high": 0, "numberOfAnalysts": 0, "yearAgoRevenue": {}, "growth": {}}, "epsTrend": {"current": 0.0, "7daysAgo": 0.0, "30daysAgo": 0.0, "60daysAgo": 0.0, "90daysAgo": 0.0}, "epsRevisions": {"upLast7days": 0, "upLast30days": 0, "downLast30days": 0, "downLast90days": {}}}, {"maxAge": 1, "period": "+5y", "endDate": null, "growth": {}, "earningsEstimate": {"avg": {}, "low": {}, "high": {}, "yearAgoEps": {}, "numberOfAnalysts": {}, "growth": {}}, "revenueEstimate": {"avg": {}, "low": {}, "high": {}, "numberOfAnalysts": {}, "yearAgoRevenue": {}, "growth": {}}, "epsTrend": {"current": {}, "7daysAgo": {}, "30daysAgo": {}, "60daysAgo": {}, "90daysAgo": {}}, "epsRevisions": {"upLast7days": {}, "upLast30days": {}, "downLast30days": {}, "downLast90days": {}}}, {"maxAge": 1, "period": "-5y", "endDate": null, "growth": {}, "earningsEstimate": {"avg": {}, "low": {}, "high": {}, "yearAgoEps": {}, "numberOfAnalysts": {}, "growth": {}}, "revenueEstimate": {"avg": {}, "low": {}, "high": {}, "numberOfAnalysts": {}, "yearAgoRevenue": {}, "growth": {}}, "epsTrend": {"current": {}, "7daysAgo": {}, "30daysAgo": {}, "60daysAgo": {}, "90daysAgo": {}}, "epsRevisions": {"upLast7days": {}, "upLast30days": {}, "downLast30days": {}, "downLast90days": {}}}], "maxAge": 1}, "financialData": {"maxAge": 86400, "currentPrice": 0.61, "targetHighPrice": 97.0, "targetLowPrice": 97.0, "targetMeanPrice": 97.0, "targetMedianPrice": 97.0, "recommendationKey": "none", "numberOfAnalystOpinions": 1, "grossProfits": 18279386, "financialCurrency": "INR"}}}