{"RANASUG.BO": {"cashflowStatementHistory": {"cashflowStatements": [{"maxAge": 1, "endDate": "2020-03-31", "netIncome": 2655566000, "depreciation": 339174000, "changeToNetincome": 962858000, "changeToAccountReceivables": 371671000, "changeToLiabilities": 6065000, "changeToInventory": 2064950000, "totalCashFromOperatingActivities": 6400284000, "capitalExpenditures": -595633000, "otherCashflowsFromInvestingActivities": 195503000, "totalCashflowsFromInvestingActivities": -400130000, "netBorrowings": -1915532000, "otherCashflowsFromFinancingActivities": -3601141000, "totalCashFromFinancingActivities": -5516673000, "changeInCash": 483481000}, {"maxAge": 1, "endDate": "2019-03-31", "netIncome": -749292000, "depreciation": 325895000, "changeToNetincome": 1004991000, "changeToAccountReceivables": 10901000, "changeToLiabilities": 194884000, "changeToInventory": 266833000, "totalCashFromOperatingActivities": 1054212000, "capitalExpenditures": -398843000, "otherCashflowsFromInvestingActivities": 114470000, "totalCashflowsFromInvestingActivities": -281283000, "netBorrowings": -370145000, "otherCashflowsFromFinancingActivities": -480309000, "totalCashFromFinancingActivities": -850454000, "changeInCash": -77525000}, {"maxAge": 1, "endDate": "2018-03-31", "netIncome": -864964000, "depreciation": 313943000, "changeToNetincome": 978968000, "changeToAccountReceivables": -464861000, "changeToLiabilities": 2792977000, "changeToInventory": -1156322000, "totalCashFromOperatingActivities": 1599741000, "capitalExpenditures": -223950000, "otherCashflowsFromInvestingActivities": -428397000, "totalCashflowsFromInvestingActivities": -632772000, "netBorrowings": -638121000, "otherCashflowsFromFinancingActivities": -394280000, "totalCashFromFinancingActivities": -1032401000, "changeInCash": -65432000}, {"maxAge": 1, "endDate": "2017-03-31", "netIncome": -451230000, "depreciation": 284185000, "changeToNetincome": 967910000, "changeToAccountReceivables": -681278000, "changeToLiabilities": -1248171000, "changeToInventory": 2254407000, "totalCashFromOperatingActivities": 1125823000, "capitalExpenditures": -358117000, "otherCashflowsFromInvestingActivities": -13590000, "totalCashflowsFromInvestingActivities": -361773000, "netBorrowings": -629985000, "otherCashflowsFromFinancingActivities": -237684000, "totalCashFromFinancingActivities": -867669000, "changeInCash": -103619000}], "maxAge": 86400}, "institutionOwnership": {"ownershipList": [], "maxAge": 1}, "balanceSheetHistoryQuarterly": {"balanceSheetStatements": [{"maxAge": 1, "endDate": "2020-06-30", "totalStockholderEquity": 1756043000, "netTangibleAssets": 1756043000}, {"maxAge": 1, "endDate": "2020-03-31", "cash": 695542000, "netReceivables": 2119545000, "inventory": 3025419000, "otherCurrentAssets": 589748000, "totalCurrentAssets": 6466151000, "propertyPlantEquipment": 4205694000, "otherAssets": 13997000, "totalAssets": 10685842000, "accountsPayable": 4535343000, "shortLongTermDebt": 294293000, "otherCurrentLiab": 909196000, "longTermDebt": 1408800000, "otherLiab": 103269000, "totalCurrentLiabilities": 7136614000, "totalLiab": 8648683000, "commonStock": 1535395000, "retainedEarnings": -829546000, "treasuryStock": 218692000, "capitalSurplus": 831502000, "otherStockholderEquity": 218692000, "totalStockholderEquity": 1756043000, "netTangibleAssets": 1756043000}, {"maxAge": 1, "endDate": "2019-12-31", "totalStockholderEquity": -878937000, "netTangibleAssets": -878937000}, {"maxAge": 1, "endDate": "2019-09-30", "cash": 543095000, "netReceivables": 1553288000, "inventory": 1905178000, "otherCurrentAssets": 1562195000, "totalCurrentAssets": 5590627000, "propertyPlantEquipment": 4814277000, "otherAssets": 13818000, "totalAssets": 10418722000, "accountsPayable": 1727202000, "shortLongTermDebt": 1134364000, "otherCurrentLiab": 586629000, "longTermDebt": 1483553000, "otherLiab": 165755000, "totalCurrentLiabilities": 9367235000, "totalLiab": 11016543000, "commonStock": 1535395000, "retainedEarnings": -3464526000, "treasuryStock": 1050194000, "otherStockholderEquity": 1050194000, "totalStockholderEquity": -878937000, "netTangibleAssets": -878937000}], "maxAge": 86400}, "indexTrend": {"maxAge": 1, "symbol": "SP5", "peRatio": 19.7411, "pegRatio": 1.34172, "estimates": [{"period": "0q", "growth": 0.549}, {"period": "+1q", "growth": 0.431}, {"period": "0y", "growth": 0.305}, {"period": "+1y", "growth": 0.109}, {"period": "+5y", "growth": 0.120865}, {"period": "-5y"}]}, "insiderTransactions": {"transactions": [{"maxAge": 1, "shares": 9570001, "filerUrl": "", "transactionText": "", "filerName": "Kaur (Raj Bans)", "filerRelation": "Promoter", "moneyText": "", "startDate": "2017-05-09", "ownership": "D"}, {"maxAge": 1, "shares": 2299141, "filerUrl": "", "transactionText": "", "filerName": "Singh (Rana Gurjeet)", "filerRelation": "Promoter", "moneyText": "", "startDate": "2017-05-09", "ownership": "D"}, {"maxAge": 1, "shares": 11867142, "filerUrl": "", "transactionText": "", "filerName": "Singh (Rana Inder Pratap)", "filerRelation": "Managing Director", "moneyText": "", "startDate": "2017-05-09", "ownership": "D"}, {"maxAge": 1, "shares": 2906710, "filerUrl": "", "transactionText": "", "filerName": "Singh (Rana Inder Pratap)", "filerRelation": "Managing Director", "moneyText": "", "startDate": "2017-05-01", "ownership": "D"}, {"maxAge": 1, "shares": 2906710, "filerUrl": "", "transactionText": "", "filerName": "Singh (Rana Karan Pratap)", "filerRelation": "Director (Non-Executive)", "moneyText": "", "startDate": "2017-05-01", "ownership": "D"}, {"maxAge": 1, "shares": 2906710, "filerUrl": "", "transactionText": "", "filerName": "Singh (Rana Preet Inder)", "filerRelation": "Promoter", "moneyText": "", "startDate": "2017-05-01", "ownership": "D"}, {"maxAge": 1, "shares": 2906710, "filerUrl": "", "transactionText": "", "filerName": "Singh (Rana Veer Pratap)", "filerRelation": "Director (Non-Executive)", "moneyText": "", "startDate": "2017-05-01", "ownership": "D"}], "maxAge": 1}, "quoteType": {"exchange": "BSE", "quoteType": "EQUITY", "symbol": "RANASUG.BO", "underlyingSymbol": "RANASUG.BO", "shortName": "RANA SUGARS LTD.", "longName": "Rana Sugars Limited", "firstTradeDateEpochUtc": "2000-10-03 09:15:00", "timeZoneFullName": "Asia/Kolkata", "timeZoneShortName": "IST", "uuid": "34cacc6f-ebb5-36c9-930b-137c885938b7", "gmtOffSetMilliseconds": 19800000, "maxAge": 1}, "incomeStatementHistory": {"incomeStatementHistory": [{"maxAge": 1, "endDate": "2020-03-31", "totalRevenue": 13106806000, "costOfRevenue": 11008195000, "grossProfit": 2098611000, "researchDevelopment": {}, "sellingGeneralAdministrative": 426668000, "nonRecurring": {}, "otherOperatingExpenses": 846357000, "totalOperatingExpenses": 12620394000, "operatingIncome": 486412000, "totalOtherIncomeExpenseNet": 2098140000, "ebit": 486412000, "interestExpense": -195877000, "incomeBeforeTax": 2584552000, "incomeTaxExpense": -71014000, "minorityInterest": {}, "netIncomeFromContinuingOps": 2655566000, "discontinuedOperations": {}, "extraordinaryItems": {}, "effectOfAccountingCharges": {}, "otherItems": {}, "netIncome": 2655566000, "netIncomeApplicableToCommonShares": 2655566000}, {"maxAge": 1, "endDate": "2019-03-31", "totalRevenue": 10916565000, "costOfRevenue": 9346909000, "grossProfit": 1569656000, "researchDevelopment": {}, "sellingGeneralAdministrative": 364035000, "nonRecurring": {}, "otherOperatingExpenses": 782454000, "totalOperatingExpenses": 10819293000, "operatingIncome": 97272000, "totalOtherIncomeExpenseNet": -789840000, "ebit": 97272000, "interestExpense": -915925000, "incomeBeforeTax": -692568000, "incomeTaxExpense": 56724000, "minorityInterest": {}, "netIncomeFromContinuingOps": -749292000, "discontinuedOperations": {}, "extraordinaryItems": {}, "effectOfAccountingCharges": {}, "otherItems": {}, "netIncome": -749292000, "netIncomeApplicableToCommonShares": -749292000}, {"maxAge": 1, "endDate": "2018-03-31", "totalRevenue": 9765389000, "costOfRevenue": 8447302000, "grossProfit": 1318087000, "researchDevelopment": {}, "sellingGeneralAdministrative": 330023000, "nonRecurring": {}, "otherOperatingExpenses": 622256000, "totalOperatingExpenses": 9713524000, "operatingIncome": 51865000, "totalOtherIncomeExpenseNet": -923274000, "ebit": 51865000, "interestExpense": -973547000, "incomeBeforeTax": -871409000, "incomeTaxExpense": -6445000, "minorityInterest": {}, "netIncomeFromContinuingOps": -864964000, "discontinuedOperations": {}, "extraordinaryItems": {}, "effectOfAccountingCharges": {}, "otherItems": {}, "netIncome": -864964000, "netIncomeApplicableToCommonShares": -864964000}, {"maxAge": 1, "endDate": "2017-03-31", "totalRevenue": 10908188000, "costOfRevenue": 9146299000, "grossProfit": 1761889000, "researchDevelopment": {}, "sellingGeneralAdministrative": 305824000, "nonRecurring": {}, "otherOperatingExpenses": 665919000, "totalOperatingExpenses": 10402227000, "operatingIncome": 505961000, "totalOtherIncomeExpenseNet": -886610000, "ebit": 505961000, "interestExpense": -890371000, "incomeBeforeTax": -380649000, "incomeTaxExpense": 70581000, "minorityInterest": {}, "netIncomeFromContinuingOps": -451230000, "discontinuedOperations": {}, "extraordinaryItems": {}, "effectOfAccountingCharges": {}, "otherItems": {}, "netIncome": -451230000, "netIncomeApplicableToCommonShares": -451230000}], "maxAge": 86400}, "fundOwnership": {"ownershipList": [], "maxAge": 1}, "summaryDetail": {"maxAge": 1, "priceHint": 2, "previousClose": 11.79, "open": 11.83, "dayLow": 11.5, "dayHigh": 14.14, "regularMarketPreviousClose": 11.79, "regularMarketOpen": 11.83, "regularMarketDayLow": 11.5, "regularMarketDayHigh": 14.14, "trailingPE": 0.7791922, "volume": 2499568, "regularMarketVolume": 2499568, "averageVolume": 78953, "averageVolume10days": 44986, "averageDailyVolume10Day": 44986, "bid": 14.14, "ask": 0.0, "bidSize": 0, "askSize": 0, "marketCap": 2171451648, "fiftyTwoWeekLow": 2.46, "fiftyTwoWeekHigh": 14.14, "fiftyDayAverage": 6.909091, "twoHundredDayAverage": 6.496103, "currency": "INR", "fromCurrency": null, "lastMarket": null, "algorithm": null, "tradeable": false}, "incomeStatementHistoryQuarterly": {"incomeStatementHistory": [{"maxAge": 1, "endDate": "2020-06-30", "totalRevenue": 2756032000, "costOfRevenue": 2408753000, "grossProfit": 347279000, "researchDevelopment": {}, "sellingGeneralAdministrative": 87622000, "nonRecurring": {}, "otherOperatingExpenses": 183220000, "totalOperatingExpenses": 2741594000, "operatingIncome": 14438000, "totalOtherIncomeExpenseNet": -41158000, "ebit": 14438000, "interestExpense": -45458000, "incomeBeforeTax": -26720000, "incomeTaxExpense": 0, "minorityInterest": {}, "netIncomeFromContinuingOps": -26720000, "discontinuedOperations": {}, "extraordinaryItems": {}, "effectOfAccountingCharges": {}, "otherItems": {}, "netIncome": -26720000, "netIncomeApplicableToCommonShares": -26720000}, {"maxAge": 1, "endDate": "2020-03-31", "totalRevenue": 5207418000, "costOfRevenue": 4540165000, "grossProfit": 667253000, "researchDevelopment": {}, "sellingGeneralAdministrative": 176733000, "nonRecurring": {}, "otherOperatingExpenses": 260860000, "totalOperatingExpenses": 5130813000, "operatingIncome": 76605000, "totalOtherIncomeExpenseNet": 2395288000, "ebit": 76605000, "interestExpense": -45458000, "incomeBeforeTax": 2471893000, "incomeTaxExpense": -71014000, "minorityInterest": {}, "netIncomeFromContinuingOps": 2542907000, "discontinuedOperations": {}, "extraordinaryItems": {}, "effectOfAccountingCharges": {}, "otherItems": {}, "netIncome": 2542907000, "netIncomeApplicableToCommonShares": 2542907000}, {"maxAge": 1, "endDate": "2019-12-31", "totalRevenue": 2390334000, "costOfRevenue": 1869990000, "grossProfit": 520344000, "researchDevelopment": {}, "sellingGeneralAdministrative": 94051000, "nonRecurring": {}, "otherOperatingExpenses": 192986000, "totalOperatingExpenses": 2242151000, "operatingIncome": 148183000, "totalOtherIncomeExpenseNet": -53037000, "ebit": 148183000, "interestExpense": -61061000, "incomeBeforeTax": 95146000, "incomeTaxExpense": 0, "minorityInterest": {}, "netIncomeFromContinuingOps": 95146000, "discontinuedOperations": {}, "extraordinaryItems": {}, "effectOfAccountingCharges": {}, "otherItems": {}, "netIncome": 95146000, "netIncomeApplicableToCommonShares": 95146000}, {"maxAge": 1, "endDate": "2019-09-30", "totalRevenue": 2001025000, "costOfRevenue": 1515543000, "grossProfit": 485482000, "researchDevelopment": {}, "sellingGeneralAdministrative": 74265000, "nonRecurring": {}, "otherOperatingExpenses": 190213000, "totalOperatingExpenses": 1797943000, "operatingIncome": 203082000, "totalOtherIncomeExpenseNet": -12109000, "ebit": 203082000, "interestExpense": -20307000, "incomeBeforeTax": 190973000, "incomeTaxExpense": 0, "minorityInterest": {}, "netIncomeFromContinuingOps": 190973000, "discontinuedOperations": {}, "extraordinaryItems": {}, "effectOfAccountingCharges": {}, "otherItems": {}, "netIncome": 190973000, "netIncomeApplicableToCommonShares": 190973000}], "maxAge": 86400}, "cashflowStatementHistoryQuarterly": {"cashflowStatements": [{"maxAge": 1, "endDate": "2020-06-30", "netIncome": -26720000, "changeToLiabilities": 0}, {"maxAge": 1, "endDate": "2020-03-31", "netIncome": 2542907000, "changeToLiabilities": 0}, {"maxAge": 1, "endDate": "2019-12-31", "netIncome": 95146000, "changeToLiabilities": 0}, {"maxAge": 1, "endDate": "2019-09-30", "netIncome": 190973000, "changeToLiabilities": 0}], "maxAge": 86400}, "insiderHolders": {"holders": [{"maxAge": 1, "name": "Kaur (Raj Bans)", "relation": "Promoter", "url": "", "transactionDescription": "Other", "latestTransDate": "2017-05-09", "positionDirect": 0, "positionDirectDate": "2017-05-09"}, {"maxAge": 1, "name": "Singh (Rana Gurjeet)", "relation": "Promoter", "url": "", "transactionDescription": "Other", "latestTransDate": "2017-05-09", "positionDirect": 0, "positionDirectDate": "2017-05-09"}, {"maxAge": 1, "name": "Singh (Rana Inder Pratap)", "relation": "Managing Director", "url": "", "transactionDescription": "Other", "latestTransDate": "2017-05-09", "positionDirect": 17929952, "positionDirectDate": "2017-05-09"}, {"maxAge": 1, "name": "Singh (Rana Karan Pratap)", "relation": "Director (Non-Executive)", "url": "", "transactionDescription": "Other", "latestTransDate": "2017-05-01", "positionDirect": 0, "positionDirectDate": "2017-05-01"}, {"maxAge": 1, "name": "Singh (Rana Preet Inder)", "relation": "Promoter", "url": "", "transactionDescription": "Other", "latestTransDate": "2017-05-01", "positionDirect": 0, "positionDirectDate": "2017-05-01"}, {"maxAge": 1, "name": "Singh (Rana Veer Pratap)", "relation": "Director (Non-Executive)", "url": "", "transactionDescription": "Other", "latestTransDate": "2017-05-01", "positionDirect": 6139566, "positionDirectDate": "2017-05-01"}], "maxAge": 1}, "calendarEvents": {"maxAge": 1, "earnings": {"earningsDate": ["2020-08-28 05:30:S"]}}, "upgradeDowngradeHistory": {"history": [], "maxAge": 86400}, "price": {"maxAge": 1, "regularMarketChangePercent": 0.1993215, "regularMarketChange": 2.3500004, "regularMarketTime": "2021-04-30 15:53:22", "priceHint": 2, "regularMarketPrice": 14.14, "regularMarketDayHigh": 14.14, "regularMarketDayLow": 11.5, "regularMarketVolume": 2499568, "averageDailyVolume10Day": 44986, "averageDailyVolume3Month": 78953, "regularMarketPreviousClose": 11.79, "regularMarketSource": "FREE_REALTIME", "regularMarketOpen": 11.83, "exchange": "BSE", "exchangeName": "BSE", "exchangeDataDelayedBy": 0, "marketState": "CLOSED", "quoteType": "EQUITY", "symbol": "RANASUG.BO", "underlyingSymbol": null, "shortName": "RANA SUGARS LTD.", "longName": "Rana Sugars Limited", "currency": "INR", "quoteSourceName": "Delayed Quote", "currencySymbol": "\u20b9", "fromCurrency": null, "lastMarket": null, "marketCap": 2171451648}, "balanceSheetHistory": {"balanceSheetStatements": [{"maxAge": 1, "endDate": "2020-03-31", "cash": 695542000, "netReceivables": 2119545000, "inventory": 3025419000, "otherCurrentAssets": 589748000, "totalCurrentAssets": 6466151000, "propertyPlantEquipment": 4205694000, "otherAssets": 13997000, "totalAssets": 10685842000, "accountsPayable": 4535343000, "shortLongTermDebt": 294293000, "otherCurrentLiab": 909196000, "longTermDebt": 1408800000, "otherLiab": 103269000, "totalCurrentLiabilities": 7136614000, "totalLiab": 8648683000, "commonStock": 1535395000, "retainedEarnings": -829546000, "treasuryStock": 218692000, "capitalSurplus": 831502000, "otherStockholderEquity": 218692000, "totalStockholderEquity": 1756043000, "netTangibleAssets": 1756043000}, {"maxAge": 1, "endDate": "2019-03-31", "cash": 398447000, "netReceivables": 2386771000, "inventory": 5090369000, "otherCurrentAssets": 938861000, "totalCurrentAssets": 8841122000, "propertyPlantEquipment": 4608477000, "otherAssets": 13838000, "totalAssets": 13463437000, "accountsPayable": 4871074000, "shortLongTermDebt": 1125360000, "otherCurrentLiab": 571785000, "longTermDebt": 1548158000, "otherLiab": 166713000, "totalCurrentLiabilities": 12363872000, "totalLiab": 14078743000, "commonStock": 1535395000, "retainedEarnings": -3482011000, "treasuryStock": 218692000, "capitalSurplus": 831502000, "otherStockholderEquity": 218692000, "totalStockholderEquity": -896422000, "netTangibleAssets": -896422000}, {"maxAge": 1, "endDate": "2018-03-31", "cash": 580429000, "netReceivables": 2433767000, "inventory": 5357202000, "otherCurrentAssets": 742891000, "totalCurrentAssets": 9134840000, "propertyPlantEquipment": 4715693000, "otherAssets": 20291000, "totalAssets": 13870824000, "accountsPayable": 4471231000, "shortLongTermDebt": 858348000, "otherCurrentLiab": 788728000, "longTermDebt": 2052019000, "otherLiab": 101041000, "totalCurrentLiabilities": 11573560000, "totalLiab": 13739619000, "commonStock": 1535395000, "retainedEarnings": -2735500000, "treasuryStock": 218692000, "capitalSurplus": 831502000, "otherStockholderEquity": 218692000, "totalStockholderEquity": -149911000, "netTangibleAssets": -149911000}, {"maxAge": 1, "endDate": "2017-03-31", "cash": 212546000, "netReceivables": 2141336000, "inventory": 4200880000, "otherCurrentAssets": 570290000, "totalCurrentAssets": 7145711000, "propertyPlantEquipment": 4826209000, "otherAssets": 20354000, "totalAssets": 11992274000, "accountsPayable": 1381504000, "shortLongTermDebt": 888882000, "otherCurrentLiab": 1092419000, "longTermDebt": 2155083000, "otherLiab": 99894000, "totalCurrentLiabilities": 8708252000, "totalLiab": 10995220000, "commonStock": 1535395000, "retainedEarnings": -1869651000, "treasuryStock": 218692000, "capitalSurplus": 831502000, "otherStockholderEquity": 218692000, "totalStockholderEquity": 715938000, "netTangibleAssets": 715938000}], "maxAge": 86400}, "financialData": {"maxAge": 86400, "currentPrice": 14.14, "recommendationKey": "none", "grossProfits": 2098611000, "financialCurrency": "INR"}}}