{"RANEENGINE.BO": {"recommendationTrend": {"trend": [{"period": "0m", "strongBuy": 0, "buy": 0, "hold": 0, "sell": 0, "strongSell": 0}, {"period": "-1m", "strongBuy": 0, "buy": 0, "hold": 0, "sell": 0, "strongSell": 0}, {"period": "-2m", "strongBuy": 0, "buy": 0, "hold": 0, "sell": 0, "strongSell": 0}, {"period": "-3m", "strongBuy": 0, "buy": 0, "hold": 0, "sell": 0, "strongSell": 0}], "maxAge": 86400}, "cashflowStatementHistory": {"cashflowStatements": [{"maxAge": 1, "endDate": "2020-03-31", "netIncome": -163400000, "depreciation": 279900000, "changeToNetincome": -13600000, "changeToAccountReceivables": 233100000, "changeToLiabilities": -102300000, "changeToInventory": 39800000, "changeToOperatingActivities": 9400000, "totalCashFromOperatingActivities": 283900000, "capitalExpenditures": -69700000, "otherCashflowsFromInvestingActivities": 1200000, "totalCashflowsFromInvestingActivities": -68400000, "dividendsPaid": -500000, "netBorrowings": -122400000, "otherCashflowsFromFinancingActivities": -104700000, "totalCashFromFinancingActivities": -227600000, "changeInCash": -12100000}, {"maxAge": 1, "endDate": "2019-03-31", "netIncome": -135700000, "depreciation": 304500000, "changeToNetincome": 72200000, "changeToAccountReceivables": -80200000, "changeToLiabilities": 89500000, "changeToInventory": -217800000, "changeToOperatingActivities": -9800000, "totalCashFromOperatingActivities": 23500000, "capitalExpenditures": -252400000, "investments": -9000000, "otherCashflowsFromInvestingActivities": 6600000, "totalCashflowsFromInvestingActivities": -254800000, "dividendsPaid": -700000, "netBorrowings": 246600000, "otherCashflowsFromFinancingActivities": -98200000, "totalCashFromFinancingActivities": 147700000, "changeInCash": -83600000}, {"maxAge": 1, "endDate": "2018-03-31", "netIncome": -170600000, "depreciation": 289200000, "changeToNetincome": 18200000, "changeToAccountReceivables": -124300000, "changeToLiabilities": 87700000, "changeToInventory": -100700000, "changeToOperatingActivities": 146500000, "totalCashFromOperatingActivities": 146900000, "capitalExpenditures": -206900000, "investments": -9000000, "otherCashflowsFromInvestingActivities": 8000000, "totalCashflowsFromInvestingActivities": -198600000, "dividendsPaid": -17100000, "netBorrowings": 243900000, "otherCashflowsFromFinancingActivities": -78500000, "totalCashFromFinancingActivities": 148300000, "changeInCash": 96600000}, {"maxAge": 1, "endDate": "2017-03-31", "netIncome": 576900000, "depreciation": 277200000, "changeToNetincome": -744000000, "changeToAccountReceivables": -35800000, "changeToLiabilities": 8900000, "changeToInventory": -10900000, "changeToOperatingActivities": -113900000, "totalCashFromOperatingActivities": -41300000, "capitalExpenditures": -157500000, "investments": 5100000, "otherCashflowsFromInvestingActivities": 9000000, "totalCashflowsFromInvestingActivities": 803100000, "dividendsPaid": -400000, "netBorrowings": -654300000, "otherCashflowsFromFinancingActivities": -101800000, "totalCashFromFinancingActivities": -756500000, "changeInCash": 5300000}], "maxAge": 86400}, "institutionOwnership": {"ownershipList": [], "maxAge": 1}, "balanceSheetHistoryQuarterly": {"balanceSheetStatements": [{"maxAge": 1, "endDate": "2020-06-30", "totalStockholderEquity": 1110000000, "netTangibleAssets": 1108600000}, {"maxAge": 1, "endDate": "2020-03-31", "cash": 9800000, "netReceivables": 684700000, "inventory": 761700000, "otherCurrentAssets": 54500000, "totalCurrentAssets": 1530000000, "longTermInvestments": 9400000, "propertyPlantEquipment": 1099600000, "intangibleAssets": 1400000, "otherAssets": 384800000, "deferredLongTermAssetCharges": 255100000, "totalAssets": 3025200000, "accountsPayable": 476400000, "shortLongTermDebt": 96700000, "otherCurrentLiab": 20600000, "longTermDebt": 337300000, "otherLiab": 138500000, "totalCurrentLiabilities": 1435900000, "totalLiab": 1915200000, "commonStock": 67200000, "retainedEarnings": 1030600000, "treasuryStock": 12200000, "otherStockholderEquity": 12200000, "totalStockholderEquity": 1110000000, "netTangibleAssets": 1108600000}, {"maxAge": 1, "endDate": "2019-12-31", "totalStockholderEquity": 1194928000, "netTangibleAssets": 1193260000}, {"maxAge": 1, "endDate": "2019-09-30", "cash": 7923000, "shortTermInvestments": 11626000, "netReceivables": 777147000, "inventory": 781218000, "otherCurrentAssets": 135759000, "totalCurrentAssets": 1713673000, "longTermInvestments": 9438000, "propertyPlantEquipment": 1214155000, "intangibleAssets": 1668000, "otherAssets": 338544000, "deferredLongTermAssetCharges": 207518000, "totalAssets": 3277478000, "accountsPayable": 507544000, "otherCurrentLiab": 230165000, "longTermDebt": 309153000, "otherLiab": 143231000, "totalCurrentLiabilities": 1630166000, "totalLiab": 2082550000, "commonStock": 67190000, "treasuryStock": 1127738000, "otherStockholderEquity": 1127738000, "totalStockholderEquity": 1194928000, "netTangibleAssets": 1193260000}], "maxAge": 86400}, "earningsHistory": {"history": [{"maxAge": 1, "epsActual": {}, "epsEstimate": {}, "epsDifference": {}, "surprisePercent": {}, "quarter": {}, "period": "-4q"}, {"maxAge": 1, "epsActual": {}, "epsEstimate": {}, "epsDifference": {}, "surprisePercent": {}, "quarter": {}, "period": "-3q"}, {"maxAge": 1, "epsActual": {}, "epsEstimate": {}, "epsDifference": {}, "surprisePercent": {}, "quarter": {}, "period": "-2q"}, {"maxAge": 1, "epsActual": {}, "epsEstimate": {}, "epsDifference": {}, "surprisePercent": {}, "quarter": {}, "period": "-1q"}], "maxAge": 86400}, "indexTrend": {"maxAge": 1, "symbol": "SP5", "peRatio": 19.7411, "pegRatio": 1.34172, "estimates": [{"period": "0q", "growth": 0.549}, {"period": "+1q", "growth": 0.431}, {"period": "0y", "growth": 0.305}, {"period": "+1y", "growth": 0.109}, {"period": "+5y", "growth": 0.120865}, {"period": "-5y"}]}, "industryTrend": {"maxAge": 1, "symbol": null, "estimates": []}, "insiderTransactions": {"transactions": [{"maxAge": 1, "shares": 252000, "filerUrl": "", "transactionText": "", "filerName": "TRW Automotive JV, L.L.C.", "filerRelation": "Promoter", "moneyText": "", "startDate": "2018-09-28", "ownership": "D"}, {"maxAge": 1, "shares": 259, "filerUrl": "", "transactionText": "", "filerName": "Narayan (Sumant)", "filerRelation": "UNREPORTED", "moneyText": "", "startDate": "2018-02-26", "ownership": "D"}, {"maxAge": 1, "shares": 565, "filerUrl": "", "transactionText": "", "filerName": "Narayan (Sumant)", "filerRelation": "UNREPORTED", "moneyText": "", "startDate": "2017-12-27", "ownership": "D"}, {"maxAge": 1, "shares": 200, "filerUrl": "", "transactionText": "", "filerName": "Narayan (Suchitra)", "filerRelation": "UNREPORTED", "moneyText": "", "startDate": "2017-12-22", "ownership": "D"}, {"maxAge": 1, "shares": 924, "filerUrl": "", "transactionText": "", "filerName": "Narayan (Suchitra)", "filerRelation": "UNREPORTED", "moneyText": "", "startDate": "2017-12-21", "ownership": "D"}, {"maxAge": 1, "shares": 700, "filerUrl": "", "transactionText": "", "filerName": "Narayan (Sumant)", "filerRelation": "UNREPORTED", "moneyText": "", "startDate": "2017-12-21", "ownership": "D"}, {"maxAge": 1, "shares": 1358, "filerUrl": "", "transactionText": "", "filerName": "Lakshman (Pushpa)", "filerRelation": "Promoter", "moneyText": "", "startDate": "2016-08-22", "ownership": "D"}, {"maxAge": 1, "shares": 35, "filerUrl": "", "transactionText": "", "filerName": "Ganesh (L & Family)", "filerRelation": "UNREPORTED", "moneyText": "", "startDate": "2015-05-04", "ownership": "D"}, {"maxAge": 1, "shares": 621368, "filerUrl": "", "transactionText": "", "filerName": "Rane Holdings Ltd", "filerRelation": "Promoter", "moneyText": "", "startDate": "2015-05-04", "ownership": "D"}, {"maxAge": 1, "shares": 50000, "filerUrl": "", "transactionText": "", "filerName": "Rane Holdings Ltd", "filerRelation": "Promoter", "moneyText": "", "startDate": "2014-06-06", "ownership": "D"}, {"maxAge": 1, "shares": 252000, "filerUrl": "", "transactionText": "", "filerName": "Enam Shares & Securities Pvt Ltd", "filerRelation": "UNREPORTED", "moneyText": "", "startDate": "2011-06-30", "ownership": "D"}, {"maxAge": 1, "shares": 252000, "filerUrl": "", "transactionText": "", "filerName": "TRW Automotive JV, L.L.C.", "filerRelation": "Institution- Corporation", "moneyText": "", "startDate": "2011-06-30", "ownership": "D"}], "maxAge": 1}, "quoteType": {"exchange": "BSE", "quoteType": "EQUITY", "symbol": "RANEENGINE.BO", "underlyingSymbol": "RANEENGINE.BO", "shortName": "RANE ENGINE VALVE LTD.", "longName": "Rane Engine Valve Limited", "firstTradeDateEpochUtc": "2008-06-24 09:15:00", "timeZoneFullName": "Asia/Kolkata", "timeZoneShortName": "IST", "uuid": "fb4da2c4-a5a1-39f0-b7ec-57884c7962d6", "gmtOffSetMilliseconds": 19800000, "maxAge": 1}, "incomeStatementHistory": {"incomeStatementHistory": [{"maxAge": 1, "endDate": "2020-03-31", "totalRevenue": 3549900000, "costOfRevenue": 1579700000, "grossProfit": 1970200000, "researchDevelopment": {}, "sellingGeneralAdministrative": 1063200000, "nonRecurring": {}, "otherOperatingExpenses": 778600000, "totalOperatingExpenses": 3702400000, "operatingIncome": -152500000, "totalOtherIncomeExpenseNet": -100400000, "ebit": -152500000, "interestExpense": -101300000, "incomeBeforeTax": -252900000, "incomeTaxExpense": -89500000, "minorityInterest": {}, "netIncomeFromContinuingOps": -163400000, "discontinuedOperations": {}, "extraordinaryItems": {}, "effectOfAccountingCharges": {}, "otherItems": {}, "netIncome": -163400000, "netIncomeApplicableToCommonShares": -163400000}, {"maxAge": 1, "endDate": "2019-03-31", "totalRevenue": 4226300000, "costOfRevenue": 1903200000, "grossProfit": 2323100000, "researchDevelopment": {}, "sellingGeneralAdministrative": 1142000000, "nonRecurring": {}, "otherOperatingExpenses": 975200000, "totalOperatingExpenses": 4325700000, "operatingIncome": -99400000, "totalOtherIncomeExpenseNet": -105500000, "ebit": -99400000, "interestExpense": -93500000, "incomeBeforeTax": -204900000, "incomeTaxExpense": -69200000, "minorityInterest": {}, "netIncomeFromContinuingOps": -135700000, "discontinuedOperations": {}, "extraordinaryItems": {}, "effectOfAccountingCharges": {}, "otherItems": {}, "netIncome": -135700000, "netIncomeApplicableToCommonShares": -135700000}, {"maxAge": 1, "endDate": "2018-03-31", "totalRevenue": 3752400000, "costOfRevenue": 1681700000, "grossProfit": 2070700000, "researchDevelopment": {}, "sellingGeneralAdministrative": 1050500000, "nonRecurring": {}, "otherOperatingExpenses": 871400000, "totalOperatingExpenses": 3893700000, "operatingIncome": -141300000, "totalOtherIncomeExpenseNet": -70000000, "ebit": -141300000, "interestExpense": -68700000, "incomeBeforeTax": -211300000, "incomeTaxExpense": -40700000, "minorityInterest": {}, "netIncomeFromContinuingOps": -170600000, "discontinuedOperations": {}, "extraordinaryItems": {}, "effectOfAccountingCharges": {}, "otherItems": {}, "netIncome": -170600000, "netIncomeApplicableToCommonShares": -170600000}, {"maxAge": 1, "endDate": "2017-03-31", "totalRevenue": 3552900000, "costOfRevenue": 1272900000, "grossProfit": 2280000000, "researchDevelopment": {}, "sellingGeneralAdministrative": 963600000, "nonRecurring": {}, "otherOperatingExpenses": 1068700000, "totalOperatingExpenses": 3582700000, "operatingIncome": -29800000, "totalOtherIncomeExpenseNet": 805500000, "ebit": -29800000, "interestExpense": -91500000, "incomeBeforeTax": 775700000, "incomeTaxExpense": 198800000, "minorityInterest": {}, "netIncomeFromContinuingOps": 576900000, "discontinuedOperations": {}, "extraordinaryItems": {}, "effectOfAccountingCharges": {}, "otherItems": {}, "netIncome": 576900000, "netIncomeApplicableToCommonShares": 576900000}], "maxAge": 86400}, "fundOwnership": {"ownershipList": [], "maxAge": 1}, "summaryDetail": {"maxAge": 1, "priceHint": 2, "previousClose": 268.25, "open": 293.0, "dayLow": 265.3, "dayHigh": 293.0, "regularMarketPreviousClose": 268.25, "regularMarketOpen": 293.0, "regularMarketDayLow": 265.3, "regularMarketDayHigh": 293.0, "volume": 555, "regularMarketVolume": 555, "averageVolume": 1900, "averageVolume10days": 3626, "averageDailyVolume10Day": 3626, "bid": 265.55, "ask": 270.1, "bidSize": 0, "askSize": 0, "marketCap": 1798673664, "fiftyTwoWeekLow": 119.25, "fiftyTwoWeekHigh": 332.0, "fiftyDayAverage": 268.95605, "twoHundredDayAverage": 217.75514, "currency": "INR", "fromCurrency": null, "lastMarket": null, "algorithm": null, "tradeable": false}, "sectorTrend": {"maxAge": 1, "symbol": null, "estimates": []}, "incomeStatementHistoryQuarterly": {"incomeStatementHistory": [{"maxAge": 1, "endDate": "2020-06-30", "totalRevenue": 302842000, "costOfRevenue": 167093000, "grossProfit": 135749000, "researchDevelopment": {}, "sellingGeneralAdministrative": 197671000, "nonRecurring": {}, "otherOperatingExpenses": 103271000, "totalOperatingExpenses": 531034000, "operatingIncome": -228192000, "totalOtherIncomeExpenseNet": -22818000, "ebit": -228192000, "interestExpense": -22818000, "incomeBeforeTax": -251010000, "incomeTaxExpense": -87944000, "minorityInterest": {}, "netIncomeFromContinuingOps": -163066000, "discontinuedOperations": {}, "extraordinaryItems": {}, "effectOfAccountingCharges": {}, "otherItems": {}, "netIncome": -163066000, "netIncomeApplicableToCommonShares": -163066000}, {"maxAge": 1, "endDate": "2020-03-31", "totalRevenue": 773499000, "costOfRevenue": 435752000, "grossProfit": 337747000, "researchDevelopment": {}, "sellingGeneralAdministrative": 255834000, "nonRecurring": {}, "otherOperatingExpenses": 49477000, "totalOperatingExpenses": 809636000, "operatingIncome": -36137000, "totalOtherIncomeExpenseNet": -18943000, "ebit": -36137000, "interestExpense": -19843000, "incomeBeforeTax": -55080000, "incomeTaxExpense": -21168000, "minorityInterest": {}, "netIncomeFromContinuingOps": -33912000, "discontinuedOperations": {}, "extraordinaryItems": {}, "effectOfAccountingCharges": {}, "otherItems": {}, "netIncome": -33912000, "netIncomeApplicableToCommonShares": -33912000}, {"maxAge": 1, "endDate": "2019-12-31", "totalRevenue": 819904000, "costOfRevenue": 310670000, "grossProfit": 509234000, "researchDevelopment": {}, "sellingGeneralAdministrative": 250494000, "nonRecurring": {}, "otherOperatingExpenses": 240312000, "totalOperatingExpenses": 869594000, "operatingIncome": -49690000, "totalOtherIncomeExpenseNet": -26179000, "ebit": -49690000, "interestExpense": -26179000, "incomeBeforeTax": -75869000, "incomeTaxExpense": -25717000, "minorityInterest": {}, "netIncomeFromContinuingOps": -50152000, "discontinuedOperations": {}, "extraordinaryItems": {}, "effectOfAccountingCharges": {}, "otherItems": {}, "netIncome": -50152000, "netIncomeApplicableToCommonShares": -50152000}, {"maxAge": 1, "endDate": "2019-09-30", "totalRevenue": 926016000, "costOfRevenue": 377235000, "grossProfit": 548781000, "researchDevelopment": {}, "sellingGeneralAdministrative": 268666000, "nonRecurring": {}, "otherOperatingExpenses": 235345000, "totalOperatingExpenses": 952558000, "operatingIncome": -26542000, "totalOtherIncomeExpenseNet": -30227000, "ebit": -26542000, "interestExpense": -30227000, "incomeBeforeTax": -56769000, "incomeTaxExpense": -19837000, "minorityInterest": {}, "netIncomeFromContinuingOps": -36932000, "discontinuedOperations": {}, "extraordinaryItems": {}, "effectOfAccountingCharges": {}, "otherItems": {}, "netIncome": -36932000, "netIncomeApplicableToCommonShares": -36932000}], "maxAge": 86400}, "cashflowStatementHistoryQuarterly": {"cashflowStatements": [{"maxAge": 1, "endDate": "2020-06-30", "netIncome": -163066000, "changeToLiabilities": 0}, {"maxAge": 1, "endDate": "2020-03-31", "netIncome": -33912000, "changeToLiabilities": 0}, {"maxAge": 1, "endDate": "2019-12-31", "netIncome": -50152000, "changeToLiabilities": 0}, {"maxAge": 1, "endDate": "2019-09-30", "netIncome": -36932000, "changeToLiabilities": 0}], "maxAge": 86400}, "insiderHolders": {"holders": [{"maxAge": 1, "name": "Enam Shares & Securities Pvt Ltd", "relation": "UNREPORTED", "url": "", "transactionDescription": "Acquisition", "latestTransDate": "2011-06-30", "positionDirect": 453890, "positionDirectDate": "2011-06-30"}, {"maxAge": 1, "name": "Ganesh (L & Family)", "relation": "UNREPORTED", "url": "", "transactionDescription": "Other", "latestTransDate": "2015-05-04", "positionDirect": 4522, "positionDirectDate": "2015-05-04"}, {"maxAge": 1, "name": "Lakshman (Pushpa)", "relation": "Promoter", "url": "", "transactionDescription": "Sale", "latestTransDate": "2016-08-22", "positionDirectDate": "2016-08-22"}, {"maxAge": 1, "name": "Narayan (Suchitra)", "relation": "UNREPORTED", "url": "", "transactionDescription": "Sale", "latestTransDate": "2017-12-22", "positionDirect": 0, "positionDirectDate": "2017-12-22"}, {"maxAge": 1, "name": "Narayan (Sumant)", "relation": "UNREPORTED", "url": "", "transactionDescription": "Sale", "latestTransDate": "2018-02-26", "positionDirect": 0, "positionDirectDate": "2018-02-26"}, {"maxAge": 1, "name": "Rane Holdings Ltd", "relation": "Promoter", "url": "", "transactionDescription": "Other", "latestTransDate": "2015-05-04", "positionDirect": 3431054, "positionDirectDate": "2015-05-04"}, {"maxAge": 1, "name": "TRW Automotive JV, L.L.C.", "relation": "Promoter", "url": "", "transactionDescription": "Other", "latestTransDate": "2018-09-28", "positionDirect": 0, "positionDirectDate": "2018-09-28"}], "maxAge": 1}, "earnings": {"maxAge": 86400, "earningsChart": {"quarterly": [], "earningsDate": []}, "financialsChart": {"yearly": [{"date": 2017, "revenue": 3552900000, "earnings": 576900000}, {"date": 2018, "revenue": 3752400000, "earnings": -170600000}, {"date": 2019, "revenue": 4226300000, "earnings": -135700000}, {"date": 2020, "revenue": 3549900000, "earnings": -163400000}], "quarterly": [{"date": "3Q2019", "revenue": 926016000, "earnings": -36932000}, {"date": "4Q2019", "revenue": 819904000, "earnings": -50152000}, {"date": "1Q2020", "revenue": 773499000, "earnings": -33912000}, {"date": "2Q2020", "revenue": 302842000, "earnings": -163066000}]}, "financialCurrency": "INR"}, "calendarEvents": {"maxAge": 1, "earnings": {"earningsDate": []}}, "upgradeDowngradeHistory": {"history": [], "maxAge": 86400}, "price": {"maxAge": 1, "regularMarketChangePercent": -0.0020502806, "regularMarketChange": -0.5499878, "regularMarketTime": "2021-04-30 15:59:13", "priceHint": 2, "regularMarketPrice": 267.7, "regularMarketDayHigh": 293.0, "regularMarketDayLow": 265.3, "regularMarketVolume": 555, "averageDailyVolume10Day": 3626, "averageDailyVolume3Month": 1900, "regularMarketPreviousClose": 268.25, "regularMarketSource": "FREE_REALTIME", "regularMarketOpen": 293.0, "exchange": "BSE", "exchangeName": "BSE", "exchangeDataDelayedBy": 0, "marketState": "CLOSED", "quoteType": "EQUITY", "symbol": "RANEENGINE.BO", "underlyingSymbol": null, "shortName": "RANE ENGINE VALVE LTD.", "longName": "Rane Engine Valve Limited", "currency": "INR", "quoteSourceName": "Delayed Quote", "currencySymbol": "\u20b9", "fromCurrency": null, "lastMarket": null, "marketCap": 1798673664}, "balanceSheetHistory": {"balanceSheetStatements": [{"maxAge": 1, "endDate": "2020-03-31", "cash": 9800000, "netReceivables": 684700000, "inventory": 761700000, "otherCurrentAssets": 54500000, "totalCurrentAssets": 1530000000, "longTermInvestments": 9400000, "propertyPlantEquipment": 1099600000, "intangibleAssets": 1400000, "otherAssets": 384800000, "deferredLongTermAssetCharges": 255100000, "totalAssets": 3025200000, "accountsPayable": 476400000, "shortLongTermDebt": 96700000, "otherCurrentLiab": 20600000, "longTermDebt": 337300000, "otherLiab": 138500000, "totalCurrentLiabilities": 1435900000, "totalLiab": 1915200000, "commonStock": 67200000, "retainedEarnings": 1030600000, "treasuryStock": 12200000, "otherStockholderEquity": 12200000, "totalStockholderEquity": 1110000000, "netTangibleAssets": 1108600000}, {"maxAge": 1, "endDate": "2019-03-31", "cash": 21900000, "netReceivables": 911100000, "inventory": 801500000, "otherCurrentAssets": 60300000, "totalCurrentAssets": 1811900000, "longTermInvestments": 9400000, "propertyPlantEquipment": 1312100000, "intangibleAssets": 1200000, "otherAssets": 296200000, "deferredLongTermAssetCharges": 165700000, "totalAssets": 3430800000, "accountsPayable": 581700000, "shortLongTermDebt": 148600000, "otherCurrentLiab": 40100000, "longTermDebt": 363900000, "otherLiab": 129600000, "totalCurrentLiabilities": 1664200000, "totalLiab": 2157700000, "commonStock": 67200000, "retainedEarnings": 1192500000, "treasuryStock": 13400000, "otherStockholderEquity": 13400000, "totalStockholderEquity": 1273100000, "netTangibleAssets": 1271900000}, {"maxAge": 1, "endDate": "2018-03-31", "cash": 105500000, "netReceivables": 860200000, "inventory": 583600000, "otherCurrentAssets": 30600000, "totalCurrentAssets": 1594900000, "longTermInvestments": 400000, "propertyPlantEquipment": 1359500000, "intangibleAssets": 1400000, "otherAssets": 247500000, "deferredLongTermAssetCharges": 95900000, "totalAssets": 3203700000, "accountsPayable": 499100000, "shortLongTermDebt": 136000000, "otherCurrentLiab": 21600000, "longTermDebt": 332500000, "otherLiab": 110500000, "totalCurrentLiabilities": 1350900000, "totalLiab": 1793900000, "commonStock": 67200000, "retainedEarnings": 1335800000, "treasuryStock": 6800000, "otherStockholderEquity": 6800000, "totalStockholderEquity": 1409800000, "netTangibleAssets": 1408400000}, {"maxAge": 1, "endDate": "2017-03-31", "cash": 8900000, "shortTermInvestments": 90000000, "netReceivables": 741300000, "inventory": 482900000, "otherCurrentAssets": 84900000, "totalCurrentAssets": 1422500000, "longTermInvestments": 5900000, "propertyPlantEquipment": 1431600000, "intangibleAssets": 3100000, "otherAssets": 200000000, "deferredLongTermAssetCharges": 55500000, "totalAssets": 3063100000, "accountsPayable": 410100000, "shortLongTermDebt": 163300000, "otherCurrentLiab": 23500000, "longTermDebt": 288100000, "otherLiab": 77800000, "totalCurrentLiabilities": 1096700000, "totalLiab": 1462600000, "commonStock": 67200000, "retainedEarnings": 1526600000, "treasuryStock": 6700000, "otherStockholderEquity": 6700000, "totalStockholderEquity": 1600500000, "netTangibleAssets": 1597400000}], "maxAge": 86400}, "earningsTrend": {"trend": [{"maxAge": 1, "period": "0q", "endDate": null, "growth": {}, "earningsEstimate": {"avg": 0.0, "low": 0.0, "high": 0.0, "yearAgoEps": {}, "numberOfAnalysts": 0, "growth": {}}, "revenueEstimate": {"avg": 0, "low": 0, "high": 0, "numberOfAnalysts": 0, "yearAgoRevenue": {}, "growth": {}}, "epsTrend": {"current": 0.0, "7daysAgo": 0.0, "30daysAgo": 0.0, "60daysAgo": 0.0, "90daysAgo": 0.0}, "epsRevisions": {"upLast7days": 0, "upLast30days": 0, "downLast30days": 0, "downLast90days": {}}}, {"maxAge": 1, "period": "+1q", "endDate": null, "growth": {}, "earningsEstimate": {"avg": 0.0, "low": 0.0, "high": 0.0, "yearAgoEps": {}, "numberOfAnalysts": 0, "growth": {}}, "revenueEstimate": {"avg": 0, "low": 0, "high": 0, "numberOfAnalysts": 0, "yearAgoRevenue": {}, "growth": {}}, "epsTrend": {"current": 0.0, "7daysAgo": 0.0, "30daysAgo": 0.0, "60daysAgo": 0.0, "90daysAgo": 0.0}, "epsRevisions": {"upLast7days": 0, "upLast30days": 0, "downLast30days": 0, "downLast90days": {}}}, {"maxAge": 1, "period": "0y", "endDate": null, "growth": {}, "earningsEstimate": {"avg": 0.0, "low": 0.0, "high": 0.0, "yearAgoEps": {}, "numberOfAnalysts": 0, "growth": {}}, "revenueEstimate": {"avg": 0, "low": 0, "high": 0, "numberOfAnalysts": 0, "yearAgoRevenue": {}, "growth": {}}, "epsTrend": {"current": 0.0, "7daysAgo": 0.0, "30daysAgo": 0.0, "60daysAgo": 0.0, "90daysAgo": 0.0}, "epsRevisions": {"upLast7days": 0, "upLast30days": 0, "downLast30days": 0, "downLast90days": {}}}, {"maxAge": 1, "period": "+1y", "endDate": null, "growth": {}, "earningsEstimate": {"avg": 0.0, "low": 0.0, "high": 0.0, "yearAgoEps": {}, "numberOfAnalysts": 0, "growth": {}}, "revenueEstimate": {"avg": 0, "low": 0, "high": 0, "numberOfAnalysts": 0, "yearAgoRevenue": {}, "growth": {}}, "epsTrend": {"current": 0.0, "7daysAgo": 0.0, "30daysAgo": 0.0, "60daysAgo": 0.0, "90daysAgo": 0.0}, "epsRevisions": {"upLast7days": 0, "upLast30days": 0, "downLast30days": 0, "downLast90days": {}}}, {"maxAge": 1, "period": "+5y", "endDate": null, "growth": {}, "earningsEstimate": {"avg": {}, "low": {}, "high": {}, "yearAgoEps": {}, "numberOfAnalysts": {}, "growth": {}}, "revenueEstimate": {"avg": {}, "low": {}, "high": {}, "numberOfAnalysts": {}, "yearAgoRevenue": {}, "growth": {}}, "epsTrend": {"current": {}, "7daysAgo": {}, "30daysAgo": {}, "60daysAgo": {}, "90daysAgo": {}}, "epsRevisions": {"upLast7days": {}, "upLast30days": {}, "downLast30days": {}, "downLast90days": {}}}, {"maxAge": 1, "period": "-5y", "endDate": null, "growth": {}, "earningsEstimate": {"avg": {}, "low": {}, "high": {}, "yearAgoEps": {}, "numberOfAnalysts": {}, "growth": {}}, "revenueEstimate": {"avg": {}, "low": {}, "high": {}, "numberOfAnalysts": {}, "yearAgoRevenue": {}, "growth": {}}, "epsTrend": {"current": {}, "7daysAgo": {}, "30daysAgo": {}, "60daysAgo": {}, "90daysAgo": {}}, "epsRevisions": {"upLast7days": {}, "upLast30days": {}, "downLast30days": {}, "downLast90days": {}}}], "maxAge": 1}, "financialData": {"maxAge": 86400, "currentPrice": 267.7, "recommendationKey": "none", "grossProfits": 1970200000, "financialCurrency": "INR"}}}