{"RANEENGINE.NS": {"assetProfile": {"address1": "P.B.NO:3149, R.R Tower V", "address2": "Level IV, Plot No: 33-A, (South Phase) Developed Plot at Thiru.Vi.Ka.Ind. Est Ekkaduthangal", "city": "Chennai", "zip": "600032", "country": "India", "phone": "91 44 4297 1800", "fax": "91 44 4297 1818", "website": "http://www.ranegroup.com/revl", "industry": "Auto Parts", "sector": "Consumer Cyclical", "longBusinessSummary": "Rane Engine Valve Limited, together with its subsidiaries, manufactures and supplies auto components for the internal combustion engine industry. The company offers engine valves, valve guides, and tappets for passenger cars, commercial vehicles, farm tractors, stationary engines, railway/marine engines, and two/three wheelers. The company was founded in 1959 and is headquartered in Chennai, India. It serves original equipment manufacturer and aftermarkets in India and internationally. Rane Engine Valve Limited is a subsidiary of Rane Holdings Limited.", "fullTimeEmployees": 971, "companyOfficers": [{"maxAge": 1, "name": "Mr. Murali K. Rajagopalan", "age": 57, "title": "Pres & Mang.", "yearBorn": 1963, "exercisedValue": 0, "unexercisedValue": 0}, {"maxAge": 1, "name": "Mr. V. K. Vijayaraghavan", "age": 50, "title": "VP of Fin. & CFO", "yearBorn": 1970, "fiscalYear": 2020, "totalPay": 3974180, "exercisedValue": 0, "unexercisedValue": 0}, {"maxAge": 1, "name": "Mr. S.  Rajkumar", "age": 52, "title": "Sr. VP of Operations", "yearBorn": 1968, "exercisedValue": 0, "unexercisedValue": 0}, {"maxAge": 1, "name": "Mr. Siva  Chandrasekaran", "age": 56, "title": "Exec. VP of Secretarial & Legal", "yearBorn": 1964, "exercisedValue": 0, "unexercisedValue": 0}, {"maxAge": 1, "name": "Mr. Vivekanandaa  M", "title": "Company Sec. & Compliance Officer", "exercisedValue": 0, "unexercisedValue": 0}, {"maxAge": 1, "name": "Mr. V.  Naraynan", "age": 51, "title": "Deputy Gen. Mang. of Marketing", "yearBorn": 1969, "exercisedValue": 0, "unexercisedValue": 0}, {"maxAge": 1, "name": "Mr. Venkat  Raj S R", "age": 51, "title": "Gen. Mang. of Marketing", "yearBorn": 1969, "exercisedValue": 0, "unexercisedValue": 0}, {"maxAge": 1, "name": "Mr. A. Selva Vinayaga Raja", "age": 46, "title": "Gen. Mang. of  HR", "yearBorn": 1974, "exercisedValue": 0, "unexercisedValue": 0}], "compensationAsOfEpochDate": "2020-12-31 05:30:00", "maxAge": 86400}, "cashflowStatementHistory": {"cashflowStatements": [{"maxAge": 1, "endDate": "2020-03-31", "netIncome": -163400000, "depreciation": 279900000, "changeToNetincome": -13600000, "changeToAccountReceivables": 233100000, "changeToLiabilities": -102300000, "changeToInventory": 39800000, "changeToOperatingActivities": 9400000, "totalCashFromOperatingActivities": 283900000, "capitalExpenditures": -69700000, "otherCashflowsFromInvestingActivities": 1200000, "totalCashflowsFromInvestingActivities": -68400000, "dividendsPaid": -500000, "netBorrowings": -122400000, "otherCashflowsFromFinancingActivities": -104700000, "totalCashFromFinancingActivities": -227600000, "changeInCash": -12100000}, {"maxAge": 1, "endDate": "2019-03-31", "netIncome": -135700000, "depreciation": 304500000, "changeToNetincome": 72200000, "changeToAccountReceivables": -80200000, "changeToLiabilities": 89500000, "changeToInventory": -217800000, "changeToOperatingActivities": -9800000, "totalCashFromOperatingActivities": 23500000, "capitalExpenditures": -252400000, "investments": -9000000, "otherCashflowsFromInvestingActivities": 6600000, "totalCashflowsFromInvestingActivities": -254800000, "dividendsPaid": -700000, "netBorrowings": 246600000, "otherCashflowsFromFinancingActivities": -98200000, "totalCashFromFinancingActivities": 147700000, "changeInCash": -83600000}, {"maxAge": 1, "endDate": "2018-03-31", "netIncome": -170600000, "depreciation": 289200000, "changeToNetincome": 18200000, "changeToAccountReceivables": -124300000, "changeToLiabilities": 87700000, "changeToInventory": -100700000, "changeToOperatingActivities": 146500000, "totalCashFromOperatingActivities": 146900000, "capitalExpenditures": -206900000, "investments": -9000000, "otherCashflowsFromInvestingActivities": 8000000, "totalCashflowsFromInvestingActivities": -198600000, "dividendsPaid": -17100000, "netBorrowings": 243900000, "otherCashflowsFromFinancingActivities": -78500000, "totalCashFromFinancingActivities": 148300000, "changeInCash": 96600000}, {"maxAge": 1, "endDate": "2017-03-31", "netIncome": 576900000, "depreciation": 277200000, "changeToNetincome": -744000000, "changeToAccountReceivables": -35800000, "changeToLiabilities": 8900000, "changeToInventory": -10900000, "changeToOperatingActivities": -113900000, "totalCashFromOperatingActivities": -41300000, "capitalExpenditures": -157500000, "investments": 5100000, "otherCashflowsFromInvestingActivities": 9000000, "totalCashflowsFromInvestingActivities": 803100000, "dividendsPaid": -400000, "netBorrowings": -654300000, "otherCashflowsFromFinancingActivities": -101800000, "totalCashFromFinancingActivities": -756500000, "changeInCash": 5300000}], "maxAge": 86400}, "institutionOwnership": {"ownershipList": [], "maxAge": 1}, "majorHoldersBreakdown": {"maxAge": 1, "insidersPercentHeld": 0.60068, "institutionsPercentHeld": 0.0, "institutionsFloatPercentHeld": 0.0, "institutionsCount": 0}, "balanceSheetHistoryQuarterly": {"balanceSheetStatements": [{"maxAge": 1, "endDate": "2020-12-31", "totalStockholderEquity": 910260000, "netTangibleAssets": 909087000}, {"maxAge": 1, "endDate": "2020-09-30", "cash": 60187000, "shortTermInvestments": 30895000, "netReceivables": 627139000, "inventory": 550779000, "otherCurrentAssets": 72649000, "totalCurrentAssets": 1341649000, "longTermInvestments": 9438000, "propertyPlantEquipment": 987840000, "intangibleAssets": 1173000, "otherAssets": 510415000, "deferredLongTermAssetCharges": 362151000, "totalAssets": 2850515000, "accountsPayable": 486658000, "otherCurrentLiab": 301162000, "longTermDebt": 275920000, "otherLiab": 161302000, "totalCurrentLiabilities": 1502172000, "totalLiab": 1940255000, "commonStock": 67190000, "treasuryStock": 843070000, "otherStockholderEquity": 843070000, "totalStockholderEquity": 910260000, "netTangibleAssets": 909087000}, {"maxAge": 1, "endDate": "2020-06-30", "totalStockholderEquity": 1110000000, "netTangibleAssets": 1108600000}, {"maxAge": 1, "endDate": "2020-03-31", "cash": 9800000, "netReceivables": 684700000, "inventory": 761700000, "otherCurrentAssets": 54500000, "totalCurrentAssets": 1530000000, "longTermInvestments": 9400000, "propertyPlantEquipment": 1099600000, "intangibleAssets": 1400000, "otherAssets": 384800000, "deferredLongTermAssetCharges": 255100000, "totalAssets": 3025200000, "accountsPayable": 476400000, "shortLongTermDebt": 96700000, "otherCurrentLiab": 20600000, "longTermDebt": 337300000, "otherLiab": 138500000, "totalCurrentLiabilities": 1435900000, "totalLiab": 1915200000, "commonStock": 67200000, "retainedEarnings": 1030600000, "treasuryStock": 12200000, "otherStockholderEquity": 12200000, "totalStockholderEquity": 1110000000, "netTangibleAssets": 1108600000}], "maxAge": 86400}, "indexTrend": {"maxAge": 1, "symbol": "SP5", "peRatio": 19.7411, "pegRatio": 1.34172, "estimates": [{"period": "0q", "growth": 0.549}, {"period": "+1q", "growth": 0.431}, {"period": "0y", "growth": 0.305}, {"period": "+1y", "growth": 0.109}, {"period": "+5y", "growth": 0.120865}, {"period": "-5y"}]}, "defaultKeyStatistics": {"maxAge": 1, "priceHint": 2, "enterpriseValue": 2713138176, "profitMargins": -0.03198, "floatShares": 2137032, "sharesOutstanding": 6718990, "heldPercentInsiders": 0.60068, "heldPercentInstitutions": 0.0, "beta": 1.613978, "category": null, "bookValue": 135.381, "priceToBook": 1.9688878, "fundFamily": null, "legalType": null, "lastFiscalYearEnd": "2020-03-31 05:30:00", "nextFiscalYearEnd": "2022-03-31 05:30:00", "mostRecentQuarter": "2020-12-31 05:30:00", "netIncomeToCommon": -89956000, "trailingEps": -13.388, "lastSplitFactor": null, "enterpriseToRevenue": 0.965, "enterpriseToEbitda": -109.163}, "summaryProfile": {"address1": "P.B.NO:3149, R.R Tower V", "address2": "Level IV, Plot No: 33-A, (South Phase) Developed Plot at Thiru.Vi.Ka.Ind. Est Ekkaduthangal", "city": "Chennai", "zip": "600032", "country": "India", "phone": "91 44 4297 1800", "fax": "91 44 4297 1818", "website": "http://www.ranegroup.com/revl", "industry": "Auto Parts", "sector": "Consumer Cyclical", "longBusinessSummary": "Rane Engine Valve Limited, together with its subsidiaries, manufactures and supplies auto components for the internal combustion engine industry. The company offers engine valves, valve guides, and tappets for passenger cars, commercial vehicles, farm tractors, stationary engines, railway/marine engines, and two/three wheelers. The company was founded in 1959 and is headquartered in Chennai, India. It serves original equipment manufacturer and aftermarkets in India and internationally. Rane Engine Valve Limited is a subsidiary of Rane Holdings Limited.", "fullTimeEmployees": 971, "companyOfficers": [], "maxAge": 86400}, "netSharePurchaseActivity": {"maxAge": 1, "period": "6m", "buyInfoCount": 0, "buyInfoShares": 0, "sellInfoCount": 0, "netInfoCount": 0, "netInfoShares": 0, "netPercentInsiderShares": 0.0, "totalInsiderShares": 4036324}, "insiderTransactions": {"transactions": [{"maxAge": 1, "shares": 252000, "filerUrl": "", "transactionText": "", "filerName": "TRW Automotive JV, L.L.C.", "filerRelation": "Promoter", "moneyText": "", "startDate": "2018-09-28", "ownership": "D"}, {"maxAge": 1, "shares": 259, "filerUrl": "", "transactionText": "", "filerName": "Narayan (Sumant)", "filerRelation": "UNREPORTED", "moneyText": "", "startDate": "2018-02-26", "ownership": "D"}, {"maxAge": 1, "shares": 565, "filerUrl": "", "transactionText": "", "filerName": "Narayan (Sumant)", "filerRelation": "UNREPORTED", "moneyText": "", "startDate": "2017-12-27", "ownership": "D"}, {"maxAge": 1, "shares": 200, "filerUrl": "", "transactionText": "", "filerName": "Narayan (Suchitra)", "filerRelation": "UNREPORTED", "moneyText": "", "startDate": "2017-12-22", "ownership": "D"}, {"maxAge": 1, "shares": 700, "filerUrl": "", "transactionText": "", "filerName": "Narayan (Sumant)", "filerRelation": "UNREPORTED", "moneyText": "", "startDate": "2017-12-21", "ownership": "D"}, {"maxAge": 1, "shares": 924, "filerUrl": "", "transactionText": "", "filerName": "Narayan (Suchitra)", "filerRelation": "UNREPORTED", "moneyText": "", "startDate": "2017-12-21", "ownership": "D"}, {"maxAge": 1, "shares": 1358, "filerUrl": "", "transactionText": "", "filerName": "Lakshman (Pushpa)", "filerRelation": "Promoter", "moneyText": "", "startDate": "2016-08-22", "ownership": "D"}, {"maxAge": 1, "shares": 621368, "filerUrl": "", "transactionText": "", "filerName": "Rane Holdings Ltd", "filerRelation": "Promoter", "moneyText": "", "startDate": "2015-05-04", "ownership": "D"}, {"maxAge": 1, "shares": 35, "filerUrl": "", "transactionText": "", "filerName": "Ganesh (L & Family)", "filerRelation": "UNREPORTED", "moneyText": "", "startDate": "2015-05-04", "ownership": "D"}, {"maxAge": 1, "shares": 50000, "filerUrl": "", "transactionText": "", "filerName": "Rane Holdings Ltd", "filerRelation": "Promoter", "moneyText": "", "startDate": "2014-06-06", "ownership": "D"}, {"maxAge": 1, "shares": 252000, "filerUrl": "", "transactionText": "", "filerName": "TRW Automotive JV, L.L.C.", "filerRelation": "Institution- Corporation", "moneyText": "", "startDate": "2011-06-30", "ownership": "D"}, {"maxAge": 1, "shares": 252000, "filerUrl": "", "transactionText": "", "filerName": "Enam Shares & Securities Pvt Ltd", "filerRelation": "UNREPORTED", "moneyText": "", "startDate": "2011-06-30", "ownership": "D"}], "maxAge": 1}, "quoteType": {"exchange": "NSI", "quoteType": "EQUITY", "symbol": "RANEENGINE.NS", "underlyingSymbol": "RANEENGINE.NS", "shortName": "RANE ENGINE VALVES", "longName": "Rane Engine Valve Limited", "firstTradeDateEpochUtc": "2008-06-24 09:15:00", "timeZoneFullName": "Asia/Kolkata", "timeZoneShortName": "IST", "uuid": "1b50a817-40a5-3ce4-9375-e101a86f5a15", "gmtOffSetMilliseconds": 19800000, "maxAge": 1}, "incomeStatementHistory": {"incomeStatementHistory": [{"maxAge": 1, "endDate": "2020-03-31", "totalRevenue": 3549900000, "costOfRevenue": 1579700000, "grossProfit": 1970200000, "researchDevelopment": {}, "sellingGeneralAdministrative": 1063200000, "nonRecurring": {}, "otherOperatingExpenses": 778600000, "totalOperatingExpenses": 3702400000, "operatingIncome": -152500000, "totalOtherIncomeExpenseNet": -100400000, "ebit": -152500000, "interestExpense": -101300000, "incomeBeforeTax": -252900000, "incomeTaxExpense": -89500000, "minorityInterest": {}, "netIncomeFromContinuingOps": -163400000, "discontinuedOperations": {}, "extraordinaryItems": {}, "effectOfAccountingCharges": {}, "otherItems": {}, "netIncome": -163400000, "netIncomeApplicableToCommonShares": -163400000}, {"maxAge": 1, "endDate": "2019-03-31", "totalRevenue": 4226300000, "costOfRevenue": 1903200000, "grossProfit": 2323100000, "researchDevelopment": {}, "sellingGeneralAdministrative": 1142000000, "nonRecurring": {}, "otherOperatingExpenses": 975200000, "totalOperatingExpenses": 4325700000, "operatingIncome": -99400000, "totalOtherIncomeExpenseNet": -105500000, "ebit": -99400000, "interestExpense": -93500000, "incomeBeforeTax": -204900000, "incomeTaxExpense": -69200000, "minorityInterest": {}, "netIncomeFromContinuingOps": -135700000, "discontinuedOperations": {}, "extraordinaryItems": {}, "effectOfAccountingCharges": {}, "otherItems": {}, "netIncome": -135700000, "netIncomeApplicableToCommonShares": -135700000}, {"maxAge": 1, "endDate": "2018-03-31", "totalRevenue": 3752400000, "costOfRevenue": 1681700000, "grossProfit": 2070700000, "researchDevelopment": {}, "sellingGeneralAdministrative": 1050500000, "nonRecurring": {}, "otherOperatingExpenses": 871400000, "totalOperatingExpenses": 3893700000, "operatingIncome": -141300000, "totalOtherIncomeExpenseNet": -70000000, "ebit": -141300000, "interestExpense": -68700000, "incomeBeforeTax": -211300000, "incomeTaxExpense": -40700000, "minorityInterest": {}, "netIncomeFromContinuingOps": -170600000, "discontinuedOperations": {}, "extraordinaryItems": {}, "effectOfAccountingCharges": {}, "otherItems": {}, "netIncome": -170600000, "netIncomeApplicableToCommonShares": -170600000}, {"maxAge": 1, "endDate": "2017-03-31", "totalRevenue": 3552900000, "costOfRevenue": 1272900000, "grossProfit": 2280000000, "researchDevelopment": {}, "sellingGeneralAdministrative": 963600000, "nonRecurring": {}, "otherOperatingExpenses": 1068700000, "totalOperatingExpenses": 3582700000, "operatingIncome": -29800000, "totalOtherIncomeExpenseNet": 805500000, "ebit": -29800000, "interestExpense": -91500000, "incomeBeforeTax": 775700000, "incomeTaxExpense": 198800000, "minorityInterest": {}, "netIncomeFromContinuingOps": 576900000, "discontinuedOperations": {}, "extraordinaryItems": {}, "effectOfAccountingCharges": {}, "otherItems": {}, "netIncome": 576900000, "netIncomeApplicableToCommonShares": 576900000}], "maxAge": 86400}, "fundOwnership": {"ownershipList": [], "maxAge": 1}, "summaryDetail": {"maxAge": 1, "priceHint": 2, "previousClose": 271.8, "open": 264.0, "dayLow": 264.0, "dayHigh": 274.95, "regularMarketPreviousClose": 271.8, "regularMarketOpen": 264.0, "regularMarketDayLow": 264.0, "regularMarketDayHigh": 274.95, "exDividendDate": "2017-08-11 05:30:00", "payoutRatio": 0.0, "beta": 1.613978, "volume": 1849, "regularMarketVolume": 1849, "averageVolume": 12824, "averageVolume10days": 5718, "averageDailyVolume10Day": 5718, "bid": 0.0, "ask": 0.0, "bidSize": 0, "askSize": 0, "marketCap": 1767554304, "fiftyTwoWeekLow": 135.5, "fiftyTwoWeekHigh": 342.9, "priceToSalesTrailing12Months": 0.6283969, "fiftyDayAverage": 279.8353, "twoHundredDayAverage": 241.50496, "trailingAnnualDividendRate": 2.5, "trailingAnnualDividendYield": 0.00919794, "currency": "INR", "fromCurrency": null, "lastMarket": null, "algorithm": null, "tradeable": false}, "incomeStatementHistoryQuarterly": {"incomeStatementHistory": [{"maxAge": 1, "endDate": "2020-12-31", "totalRevenue": 915761000, "costOfRevenue": 370431000, "grossProfit": 545330000, "researchDevelopment": {}, "sellingGeneralAdministrative": 261689000, "nonRecurring": {}, "otherOperatingExpenses": 227641000, "totalOperatingExpenses": 915095000, "operatingIncome": 666000, "totalOtherIncomeExpenseNet": 213944000, "ebit": 666000, "interestExpense": -20950000, "incomeBeforeTax": 214610000, "incomeTaxExpense": 72961000, "minorityInterest": {}, "netIncomeFromContinuingOps": 141649000, "discontinuedOperations": {}, "extraordinaryItems": {}, "effectOfAccountingCharges": {}, "otherItems": {}, "netIncome": 141649000, "netIncomeApplicableToCommonShares": 141649000}, {"maxAge": 1, "endDate": "2020-09-30", "totalRevenue": 820697000, "costOfRevenue": 381055000, "grossProfit": 439642000, "researchDevelopment": {}, "sellingGeneralAdministrative": 219721000, "nonRecurring": {}, "otherOperatingExpenses": 181389000, "totalOperatingExpenses": 839837000, "operatingIncome": -19140000, "totalOtherIncomeExpenseNet": -33713000, "ebit": -19140000, "interestExpense": -25656000, "incomeBeforeTax": -52853000, "incomeTaxExpense": -18226000, "minorityInterest": {}, "netIncomeFromContinuingOps": -34627000, "discontinuedOperations": {}, "extraordinaryItems": {}, "effectOfAccountingCharges": {}, "otherItems": {}, "netIncome": -34627000, "netIncomeApplicableToCommonShares": -34627000}, {"maxAge": 1, "endDate": "2020-06-30", "totalRevenue": 302842000, "costOfRevenue": 167093000, "grossProfit": 135749000, "researchDevelopment": {}, "sellingGeneralAdministrative": 197671000, "nonRecurring": {}, "otherOperatingExpenses": 103271000, "totalOperatingExpenses": 531034000, "operatingIncome": -228192000, "totalOtherIncomeExpenseNet": -22818000, "ebit": -228192000, "interestExpense": -22818000, "incomeBeforeTax": -251010000, "incomeTaxExpense": -87944000, "minorityInterest": {}, "netIncomeFromContinuingOps": -163066000, "discontinuedOperations": {}, "extraordinaryItems": {}, "effectOfAccountingCharges": {}, "otherItems": {}, "netIncome": -163066000, "netIncomeApplicableToCommonShares": -163066000}, {"maxAge": 1, "endDate": "2020-03-31", "totalRevenue": 773499000, "costOfRevenue": 435752000, "grossProfit": 337747000, "researchDevelopment": {}, "sellingGeneralAdministrative": 255834000, "nonRecurring": {}, "otherOperatingExpenses": 49477000, "totalOperatingExpenses": 809636000, "operatingIncome": -36137000, "totalOtherIncomeExpenseNet": -18943000, "ebit": -36137000, "interestExpense": -19843000, "incomeBeforeTax": -55080000, "incomeTaxExpense": -21168000, "minorityInterest": {}, "netIncomeFromContinuingOps": -33912000, "discontinuedOperations": {}, "extraordinaryItems": {}, "effectOfAccountingCharges": {}, "otherItems": {}, "netIncome": -33912000, "netIncomeApplicableToCommonShares": -33912000}], "maxAge": 86400}, "cashflowStatementHistoryQuarterly": {"cashflowStatements": [{"maxAge": 1, "endDate": "2020-12-31", "netIncome": 141649000, "changeToLiabilities": 0}, {"maxAge": 1, "endDate": "2020-09-30", "netIncome": -34627000, "changeToLiabilities": 0}, {"maxAge": 1, "endDate": "2020-06-30", "netIncome": -163066000, "changeToLiabilities": 0}, {"maxAge": 1, "endDate": "2020-03-31", "netIncome": -33912000, "changeToLiabilities": 0}], "maxAge": 86400}, "insiderHolders": {"holders": [{"maxAge": 1, "name": "Enam Shares & Securities Pvt Ltd", "relation": "UNREPORTED", "url": "", "transactionDescription": "Acquisition", "latestTransDate": "2011-06-30", "positionDirect": 453890, "positionDirectDate": "2011-06-30"}, {"maxAge": 1, "name": "Ganesh (L & Family)", "relation": "UNREPORTED", "url": "", "transactionDescription": "Other", "latestTransDate": "2015-05-04", "positionDirect": 4522, "positionDirectDate": "2015-05-04"}, {"maxAge": 1, "name": "Lakshman (Pushpa)", "relation": "Promoter", "url": "", "transactionDescription": "Sale", "latestTransDate": "2016-08-22", "positionDirectDate": "2016-08-22"}, {"maxAge": 1, "name": "Narayan (Suchitra)", "relation": "UNREPORTED", "url": "", "transactionDescription": "Sale", "latestTransDate": "2017-12-22", "positionDirect": 0, "positionDirectDate": "2017-12-22"}, {"maxAge": 1, "name": "Narayan (Sumant)", "relation": "UNREPORTED", "url": "", "transactionDescription": "Sale", "latestTransDate": "2018-02-26", "positionDirect": 0, "positionDirectDate": "2018-02-26"}, {"maxAge": 1, "name": "Rane Holdings Ltd", "relation": "Promoter", "url": "", "transactionDescription": "Other", "latestTransDate": "2015-05-04", "positionDirect": 3431054, "positionDirectDate": "2015-05-04"}, {"maxAge": 1, "name": "TRW Automotive JV, L.L.C.", "relation": "Promoter", "url": "", "transactionDescription": "Other", "latestTransDate": "2018-09-28", "positionDirect": 0, "positionDirectDate": "2018-09-28"}], "maxAge": 1}, "calendarEvents": {"maxAge": 1, "earnings": {"earningsDate": []}, "exDividendDate": "2017-08-11 05:30:00"}, "upgradeDowngradeHistory": {"history": [], "maxAge": 86400}, "price": {"maxAge": 1, "regularMarketChangePercent": -0.019315675, "regularMarketChange": -5.25, "regularMarketTime": "2021-04-30 15:29:04", "priceHint": 2, "regularMarketPrice": 266.55, "regularMarketDayHigh": 274.95, "regularMarketDayLow": 264.0, "regularMarketVolume": 1849, "averageDailyVolume10Day": 5718, "averageDailyVolume3Month": 12824, "regularMarketPreviousClose": 271.8, "regularMarketSource": "FREE_REALTIME", "regularMarketOpen": 264.0, "exchange": "NSI", "exchangeName": "NSE", "exchangeDataDelayedBy": 15, "marketState": "CLOSED", "quoteType": "EQUITY", "symbol": "RANEENGINE.NS", "underlyingSymbol": null, "shortName": "RANE ENGINE VALVES", "longName": "Rane Engine Valve Limited", "currency": "INR", "quoteSourceName": "Delayed Quote", "currencySymbol": "\u20b9", "fromCurrency": null, "lastMarket": null, "marketCap": 1767554304}, "balanceSheetHistory": {"balanceSheetStatements": [{"maxAge": 1, "endDate": "2020-03-31", "cash": 9800000, "netReceivables": 684700000, "inventory": 761700000, "otherCurrentAssets": 54500000, "totalCurrentAssets": 1530000000, "longTermInvestments": 9400000, "propertyPlantEquipment": 1099600000, "intangibleAssets": 1400000, "otherAssets": 384800000, "deferredLongTermAssetCharges": 255100000, "totalAssets": 3025200000, "accountsPayable": 476400000, "shortLongTermDebt": 96700000, "otherCurrentLiab": 20600000, "longTermDebt": 337300000, "otherLiab": 138500000, "totalCurrentLiabilities": 1435900000, "totalLiab": 1915200000, "commonStock": 67200000, "retainedEarnings": 1030600000, "treasuryStock": 12200000, "otherStockholderEquity": 12200000, "totalStockholderEquity": 1110000000, "netTangibleAssets": 1108600000}, {"maxAge": 1, "endDate": "2019-03-31", "cash": 21900000, "netReceivables": 911100000, "inventory": 801500000, "otherCurrentAssets": 60300000, "totalCurrentAssets": 1811900000, "longTermInvestments": 9400000, "propertyPlantEquipment": 1312100000, "intangibleAssets": 1200000, "otherAssets": 296200000, "deferredLongTermAssetCharges": 165700000, "totalAssets": 3430800000, "accountsPayable": 581700000, "shortLongTermDebt": 148600000, "otherCurrentLiab": 40100000, "longTermDebt": 363900000, "otherLiab": 129600000, "totalCurrentLiabilities": 1664200000, "totalLiab": 2157700000, "commonStock": 67200000, "retainedEarnings": 1192500000, "treasuryStock": 13400000, "otherStockholderEquity": 13400000, "totalStockholderEquity": 1273100000, "netTangibleAssets": 1271900000}, {"maxAge": 1, "endDate": "2018-03-31", "cash": 105500000, "netReceivables": 860200000, "inventory": 583600000, "otherCurrentAssets": 30600000, "totalCurrentAssets": 1594900000, "longTermInvestments": 400000, "propertyPlantEquipment": 1359500000, "intangibleAssets": 1400000, "otherAssets": 247500000, "deferredLongTermAssetCharges": 95900000, "totalAssets": 3203700000, "accountsPayable": 499100000, "shortLongTermDebt": 136000000, "otherCurrentLiab": 21600000, "longTermDebt": 332500000, "otherLiab": 110500000, "totalCurrentLiabilities": 1350900000, "totalLiab": 1793900000, "commonStock": 67200000, "retainedEarnings": 1335800000, "treasuryStock": 6800000, "otherStockholderEquity": 6800000, "totalStockholderEquity": 1409800000, "netTangibleAssets": 1408400000}, {"maxAge": 1, "endDate": "2017-03-31", "cash": 8900000, "shortTermInvestments": 90000000, "netReceivables": 741300000, "inventory": 482900000, "otherCurrentAssets": 84900000, "totalCurrentAssets": 1422500000, "longTermInvestments": 5900000, "propertyPlantEquipment": 1431600000, "intangibleAssets": 3100000, "otherAssets": 200000000, "deferredLongTermAssetCharges": 55500000, "totalAssets": 3063100000, "accountsPayable": 410100000, "shortLongTermDebt": 163300000, "otherCurrentLiab": 23500000, "longTermDebt": 288100000, "otherLiab": 77800000, "totalCurrentLiabilities": 1096700000, "totalLiab": 1462600000, "commonStock": 67200000, "retainedEarnings": 1526600000, "treasuryStock": 6700000, "otherStockholderEquity": 6700000, "totalStockholderEquity": 1600500000, "netTangibleAssets": 1597400000}], "maxAge": 86400}, "financialData": {"maxAge": 86400, "currentPrice": 266.55, "recommendationKey": "none", "totalCash": 91082000, "totalCashPerShare": 13.555, "ebitda": -24854000, "totalDebt": 977835008, "totalRevenue": 2812798976, "debtToEquity": 107.424, "revenuePerShare": 418.623, "grossProfits": 1970200000, "revenueGrowth": 0.117, "grossMargins": 0.51851004, "ebitdaMargins": -0.00884, "operatingMargins": -0.10054, "profitMargins": -0.03198, "financialCurrency": "INR"}}}