{"RAPICUT.BO": {"recommendationTrend": {"trend": [{"period": "0m", "strongBuy": 0, "buy": 0, "hold": 0, "sell": 0, "strongSell": 0}, {"period": "-1m", "strongBuy": 0, "buy": 0, "hold": 0, "sell": 0, "strongSell": 0}, {"period": "-2m", "strongBuy": 0, "buy": 0, "hold": 0, "sell": 0, "strongSell": 0}, {"period": "-3m", "strongBuy": 0, "buy": 0, "hold": 0, "sell": 0, "strongSell": 0}], "maxAge": 86400}, "cashflowStatementHistory": {"cashflowStatements": [{"maxAge": 1, "endDate": "2020-03-31", "netIncome": -848625, "depreciation": 7903137, "changeToNetincome": -3101691, "changeToAccountReceivables": 21725733, "changeToLiabilities": -3683160, "changeToInventory": 17870722, "changeToOperatingActivities": 1664102, "totalCashFromOperatingActivities": 42025882, "capitalExpenditures": -11213150, "otherCashflowsFromInvestingActivities": 157828, "totalCashflowsFromInvestingActivities": -11024421, "dividendsPaid": -10051664, "netBorrowings": -17402259, "otherCashflowsFromFinancingActivities": -3266914, "totalCashFromFinancingActivities": -30720837, "changeInCash": 280623}, {"maxAge": 1, "endDate": "2019-03-31", "netIncome": 28402619, "depreciation": 8555821, "changeToNetincome": 953904, "changeToAccountReceivables": -20716674, "changeToLiabilities": -11447960, "changeToInventory": -8141314, "changeToOperatingActivities": -8678341, "totalCashFromOperatingActivities": -11071945, "capitalExpenditures": -3664985, "otherCashflowsFromInvestingActivities": 187716, "totalCashflowsFromInvestingActivities": -3022269, "dividendsPaid": -11655570, "netBorrowings": 22083904, "otherCashflowsFromFinancingActivities": -1878438, "totalCashFromFinancingActivities": 8549896, "changeInCash": -5544318}, {"maxAge": 1, "endDate": "2018-03-31", "netIncome": 31638363, "depreciation": 7532314, "changeToNetincome": 10922782, "changeToAccountReceivables": -27573067, "changeToLiabilities": 9236474, "changeToInventory": -46080237, "changeToOperatingActivities": 10334718, "totalCashFromOperatingActivities": -3414001, "capitalExpenditures": -3929741, "otherCashflowsFromInvestingActivities": 460131, "totalCashflowsFromInvestingActivities": -3590879, "dividendsPaid": -9697171, "netBorrowings": 26102298, "otherCashflowsFromFinancingActivities": -10782189, "totalCashFromFinancingActivities": 5622938, "changeInCash": -1381942}, {"maxAge": 1, "endDate": "2017-03-31", "netIncome": 29762008, "depreciation": 6534656, "changeToNetincome": 12818211, "changeToAccountReceivables": 10933385, "changeToLiabilities": 26508181, "changeToInventory": -15497201, "changeToOperatingActivities": -3840944, "totalCashFromOperatingActivities": 67297776, "capitalExpenditures": -14816122, "investments": 1369300, "otherCashflowsFromInvestingActivities": 626727, "totalCashflowsFromInvestingActivities": -15537628, "dividendsPaid": -7757668, "netBorrowings": -31772645, "otherCashflowsFromFinancingActivities": -13704365, "totalCashFromFinancingActivities": -53234678, "changeInCash": -1474530}], "maxAge": 86400}, "institutionOwnership": {"maxAge": 1, "ownershipList": []}, "balanceSheetHistoryQuarterly": {"balanceSheetStatements": [{"maxAge": 1, "endDate": "2020-06-30", "totalStockholderEquity": 244700000, "netTangibleAssets": 243900000}, {"maxAge": 1, "endDate": "2020-03-31", "cash": 1491908, "netReceivables": 72382954, "inventory": 188710913, "otherCurrentAssets": 5402092, "totalCurrentAssets": 268146670, "longTermInvestments": 652305, "propertyPlantEquipment": 50190811, "intangibleAssets": 834414, "otherAssets": 6941345, "deferredLongTermAssetCharges": 2543188, "totalAssets": 326765545, "accountsPayable": 38858588, "shortLongTermDebt": 2146309, "otherCurrentLiab": 5015884, "longTermDebt": 1451270, "otherLiab": 10719922, "totalCurrentLiabilities": 69896173, "totalLiab": 82067365, "commonStock": 53712450, "retainedEarnings": 182403215, "treasuryStock": -4133433, "capitalSurplus": 12715948, "otherStockholderEquity": -4133433, "totalStockholderEquity": 244698180, "netTangibleAssets": 243863766}, {"maxAge": 1, "endDate": "2019-12-31", "totalStockholderEquity": 259000000, "netTangibleAssets": 257900000}, {"maxAge": 1, "endDate": "2019-09-30", "cash": 13300000, "netReceivables": 68600000, "inventory": 214300000, "otherCurrentAssets": 7300000, "totalCurrentAssets": 303500000, "propertyPlantEquipment": 50900000, "intangibleAssets": 1100000, "otherAssets": 5100000, "totalAssets": 360600000, "accountsPayable": 27300000, "otherCurrentLiab": 6600000, "longTermDebt": 1200000, "otherLiab": 13800000, "totalCurrentLiabilities": 86600000, "totalLiab": 101600000, "commonStock": 53700000, "treasuryStock": 205300000, "otherStockholderEquity": 205300000, "totalStockholderEquity": 259000000, "netTangibleAssets": 257900000}], "maxAge": 86400}, "earningsHistory": {"history": [{"maxAge": 1, "epsActual": {}, "epsEstimate": {}, "epsDifference": {}, "surprisePercent": {}, "quarter": {}, "period": "-4q"}, {"maxAge": 1, "epsActual": {}, "epsEstimate": {}, "epsDifference": {}, "surprisePercent": {}, "quarter": {}, "period": "-3q"}, {"maxAge": 1, "epsActual": 1.66, "epsEstimate": 1.12, "epsDifference": 0.54, "surprisePercent": 0.482, "quarter": "2016-12-31", "period": "-2q"}, {"maxAge": 1, "epsActual": 1.41, "epsEstimate": 1.55, "epsDifference": -0.14, "surprisePercent": -0.09, "quarter": "2017-03-31", "period": "-1q"}], "maxAge": 86400}, "indexTrend": {"maxAge": 1, "symbol": "SP5", "peRatio": 19.7411, "pegRatio": 1.34172, "estimates": [{"period": "0q", "growth": 0.549}, {"period": "+1q", "growth": 0.431}, {"period": "0y", "growth": 0.305}, {"period": "+1y", "growth": 0.109}, {"period": "+5y", "growth": 0.120859005}, {"period": "-5y"}]}, "industryTrend": {"maxAge": 1, "symbol": null, "estimates": []}, "insiderTransactions": {"transactions": [{"maxAge": 1, "shares": 138845, "filerUrl": "", "transactionText": "", "filerName": "Bhatia (Dayawanti Jagdish)", "filerRelation": "UNREPORTED", "moneyText": "", "startDate": "2020-03-20", "ownership": "D"}, {"maxAge": 1, "shares": 138845, "filerUrl": "", "transactionText": "", "filerName": "Gami (Abhishek)", "filerRelation": "UNREPORTED", "moneyText": "", "startDate": "2020-03-20", "ownership": "D"}, {"maxAge": 1, "shares": 13100, "filerUrl": "", "transactionText": "", "filerName": "Bhatia (Dayawanti Jagdish)", "filerRelation": "UNREPORTED", "moneyText": "", "startDate": "2020-03-19", "ownership": "D"}, {"maxAge": 1, "shares": 13100, "filerUrl": "", "transactionText": "", "filerName": "Gami (Abhishek)", "filerRelation": "UNREPORTED", "moneyText": "", "startDate": "2020-03-19", "ownership": "D"}, {"maxAge": 1, "shares": 176907, "filerUrl": "", "transactionText": "", "filerName": "Gami (Abhishek)", "filerRelation": "UNREPORTED", "moneyText": "", "startDate": "2020-03-18", "ownership": "D"}, {"maxAge": 1, "shares": 56655, "filerUrl": "", "transactionText": "", "filerName": "Bhatia (Shashidhar Jagdish)", "filerRelation": "UNREPORTED", "moneyText": "", "startDate": "2020-03-18", "ownership": "D"}, {"maxAge": 1, "shares": 69010, "filerUrl": "", "transactionText": "", "filerName": "Bhatia (Jagdish Chetandas)", "filerRelation": "UNREPORTED", "moneyText": "", "startDate": "2020-03-18", "ownership": "D"}, {"maxAge": 1, "shares": 148640, "filerUrl": "", "transactionText": "", "filerName": "Bhatia (Dayawanti Jagdish)", "filerRelation": "UNREPORTED", "moneyText": "", "startDate": "2020-03-18", "ownership": "D"}, {"maxAge": 1, "shares": 51242, "filerUrl": "", "transactionText": "", "filerName": "Bhatia (Girish Jagdish)", "filerRelation": "UNREPORTED", "moneyText": "", "startDate": "2020-03-18", "ownership": "D"}, {"maxAge": 1, "shares": 148640, "filerUrl": "", "transactionText": "", "filerName": "Gami (Shruti Abhishek)", "filerRelation": "UNREPORTED", "moneyText": "", "startDate": "2020-03-18", "ownership": "D"}, {"maxAge": 1, "shares": 956172, "filerUrl": "", "transactionText": "", "filerName": "Pragya Equities Pvt Ltd", "filerRelation": "Promoter", "moneyText": "", "startDate": "2020-03-17", "ownership": "D"}], "maxAge": 1}, "quoteType": {"exchange": "BSE", "quoteType": "EQUITY", "symbol": "RAPICUT.BO", "underlyingSymbol": "RAPICUT.BO", "shortName": "RAPICUT CARBIDES LTD.", "longName": "Rapicut Carbides Limited", "firstTradeDateEpochUtc": "2002-01-28 09:15:00", "timeZoneFullName": "Asia/Kolkata", "timeZoneShortName": "IST", "uuid": "423b6601-cca8-307a-8bd4-27bc95079e73", "messageBoardId": null, "gmtOffSetMilliseconds": 19800000, "maxAge": 1}, "incomeStatementHistory": {"incomeStatementHistory": [{"maxAge": 1, "endDate": "2020-03-31", "totalRevenue": 335719782, "costOfRevenue": 234074827, "grossProfit": 101644955, "researchDevelopment": {}, "sellingGeneralAdministrative": 53937033, "nonRecurring": {}, "otherOperatingExpenses": 40241016, "totalOperatingExpenses": 336648120, "operatingIncome": -928338, "totalOtherIncomeExpenseNet": -3315914, "ebit": -928338, "interestExpense": -3266914, "incomeBeforeTax": -4244252, "incomeTaxExpense": -3395627, "minorityInterest": {}, "netIncomeFromContinuingOps": -848625, "discontinuedOperations": {}, "extraordinaryItems": {}, "effectOfAccountingCharges": {}, "otherItems": {}, "netIncome": -848625, "netIncomeApplicableToCommonShares": -848625}, {"maxAge": 1, "endDate": "2019-03-31", "totalRevenue": 462495854, "costOfRevenue": 310309895, "grossProfit": 152185959, "researchDevelopment": {}, "sellingGeneralAdministrative": 56772572, "nonRecurring": {}, "otherOperatingExpenses": 47537637, "totalOperatingExpenses": 423175925, "operatingIncome": 39319929, "totalOtherIncomeExpenseNet": -2028453, "ebit": 39319929, "interestExpense": -1878438, "incomeBeforeTax": 37291476, "incomeTaxExpense": 8888857, "minorityInterest": {}, "netIncomeFromContinuingOps": 28402619, "discontinuedOperations": {}, "extraordinaryItems": {}, "effectOfAccountingCharges": {}, "otherItems": {}, "netIncome": 28402619, "netIncomeApplicableToCommonShares": 28402619}, {"maxAge": 1, "endDate": "2018-03-31", "totalRevenue": 417881606, "costOfRevenue": 252119203, "grossProfit": 165762403, "researchDevelopment": {}, "sellingGeneralAdministrative": 58300253, "nonRecurring": {}, "otherOperatingExpenses": 54409931, "totalOperatingExpenses": 372936353, "operatingIncome": 44945253, "totalOtherIncomeExpenseNet": -1947598, "ebit": 44945253, "interestExpense": -1905369, "incomeBeforeTax": 42997655, "incomeTaxExpense": 11359292, "minorityInterest": {}, "netIncomeFromContinuingOps": 31638363, "discontinuedOperations": {}, "extraordinaryItems": {}, "effectOfAccountingCharges": {}, "otherItems": {}, "netIncome": 31638363, "netIncomeApplicableToCommonShares": 31638363}, {"maxAge": 1, "endDate": "2017-03-31", "totalRevenue": 419415593, "costOfRevenue": 263134926, "grossProfit": 156280667, "researchDevelopment": {}, "sellingGeneralAdministrative": 52298770, "nonRecurring": {}, "otherOperatingExpenses": 52009633, "totalOperatingExpenses": 374053908, "operatingIncome": 45361685, "totalOtherIncomeExpenseNet": -1620262, "ebit": 45361685, "interestExpense": -2696261, "incomeBeforeTax": 43741423, "incomeTaxExpense": 13979415, "minorityInterest": {}, "netIncomeFromContinuingOps": 29762008, "discontinuedOperations": {}, "extraordinaryItems": {}, "effectOfAccountingCharges": {}, "otherItems": {}, "netIncome": 29762008, "netIncomeApplicableToCommonShares": 29762008}], "maxAge": 86400}, "fundOwnership": {"maxAge": 1, "ownershipList": []}, "summaryDetail": {"maxAge": 1, "priceHint": 2, "previousClose": 26.6, "open": 25.55, "dayLow": 25.55, "dayHigh": 26.55, "regularMarketPreviousClose": 26.6, "regularMarketOpen": 25.55, "regularMarketDayLow": 25.55, "regularMarketDayHigh": 26.55, "forwardPE": 3.6747851, "volume": 765, "regularMarketVolume": 765, "averageVolume": 4456, "averageVolume10days": 2831, "averageDailyVolume10Day": 2831, "bid": 25.65, "ask": 26.5, "bidSize": 0, "askSize": 0, "marketCap": 137772304, "fiftyTwoWeekLow": 16.05, "fiftyTwoWeekHigh": 35.95, "fiftyDayAverage": 27.705715, "twoHundredDayAverage": 25.379927, "trailingAnnualDividendRate": 1.5, "trailingAnnualDividendYield": 0.05639098, "currency": "INR", "fromCurrency": null, "toCurrency": null, "lastMarket": null, "algorithm": null, "tradeable": false}, "sectorTrend": {"maxAge": 1, "symbol": null, "estimates": []}, "incomeStatementHistoryQuarterly": {"incomeStatementHistory": [{"maxAge": 1, "endDate": "2020-06-30", "totalRevenue": 31400000, "costOfRevenue": 16500000, "grossProfit": 14900000, "researchDevelopment": {}, "sellingGeneralAdministrative": 11500000, "nonRecurring": {}, "otherOperatingExpenses": 6900000, "totalOperatingExpenses": 36900000, "operatingIncome": -5500000, "totalOtherIncomeExpenseNet": -200000, "ebit": -5500000, "interestExpense": -200000, "incomeBeforeTax": -5700000, "incomeTaxExpense": 200000, "minorityInterest": {}, "netIncomeFromContinuingOps": -5900000, "discontinuedOperations": {}, "extraordinaryItems": {}, "effectOfAccountingCharges": {}, "otherItems": {}, "netIncome": -5900000, "netIncomeApplicableToCommonShares": -5900000}, {"maxAge": 1, "endDate": "2020-03-31", "totalRevenue": 84019782, "costOfRevenue": 63774827, "grossProfit": 20244955, "researchDevelopment": {}, "sellingGeneralAdministrative": 15637033, "nonRecurring": {}, "otherOperatingExpenses": 7341016, "totalOperatingExpenses": 88848120, "operatingIncome": -4828338, "totalOtherIncomeExpenseNet": -515914, "ebit": -4828338, "interestExpense": -466914, "incomeBeforeTax": -5344252, "incomeTaxExpense": -3495627, "minorityInterest": {}, "netIncomeFromContinuingOps": -1848625, "discontinuedOperations": {}, "extraordinaryItems": {}, "effectOfAccountingCharges": {}, "otherItems": {}, "netIncome": -1848625, "netIncomeApplicableToCommonShares": -1848625}, {"maxAge": 1, "endDate": "2019-12-31", "totalRevenue": 67000000, "costOfRevenue": 45500000, "grossProfit": 21500000, "researchDevelopment": {}, "sellingGeneralAdministrative": 12100000, "nonRecurring": {}, "otherOperatingExpenses": 10900000, "totalOperatingExpenses": 70700000, "operatingIncome": -3700000, "totalOtherIncomeExpenseNet": -900000, "ebit": -3700000, "interestExpense": -900000, "incomeBeforeTax": -4600000, "incomeTaxExpense": -1400000, "minorityInterest": {}, "netIncomeFromContinuingOps": -3200000, "discontinuedOperations": {}, "extraordinaryItems": {}, "effectOfAccountingCharges": {}, "otherItems": {}, "netIncome": -3200000, "netIncomeApplicableToCommonShares": -3200000}, {"maxAge": 1, "endDate": "2019-09-30", "totalRevenue": 93300000, "costOfRevenue": 60600000, "grossProfit": 32700000, "researchDevelopment": {}, "sellingGeneralAdministrative": 12900000, "nonRecurring": {}, "otherOperatingExpenses": 13800000, "totalOperatingExpenses": 89400000, "operatingIncome": 3900000, "totalOtherIncomeExpenseNet": -900000, "ebit": 3900000, "interestExpense": -900000, "incomeBeforeTax": 3000000, "incomeTaxExpense": 800000, "minorityInterest": {}, "netIncomeFromContinuingOps": 2200000, "discontinuedOperations": {}, "extraordinaryItems": {}, "effectOfAccountingCharges": {}, "otherItems": {}, "netIncome": 2200000, "netIncomeApplicableToCommonShares": 2200000}], "maxAge": 86400}, "cashflowStatementHistoryQuarterly": {"cashflowStatements": [{"maxAge": 1, "endDate": "2020-06-30", "netIncome": -5900000, "changeToLiabilities": 0}, {"maxAge": 1, "endDate": "2020-03-31", "netIncome": -1848625, "changeToLiabilities": 0}, {"maxAge": 1, "endDate": "2019-12-31", "netIncome": -3200000, "changeToLiabilities": 0}, {"maxAge": 1, "endDate": "2019-09-30", "netIncome": 2200000, "changeToLiabilities": 0}], "maxAge": 86400}, "insiderHolders": {"holders": [{"maxAge": 1, "name": "Bhatia (Dayawanti Jagdish)", "relation": "UNREPORTED", "url": "", "transactionDescription": "Sale", "latestTransDate": "2020-03-20", "positionDirect": 0, "positionDirectDate": "2020-03-20"}, {"maxAge": 1, "name": "Bhatia (Girish Jagdish)", "relation": "UNREPORTED", "url": "", "transactionDescription": "Sale", "latestTransDate": "2020-03-18", "positionDirect": 0, "positionDirectDate": "2020-03-18"}, {"maxAge": 1, "name": "Bhatia (Jagdish Chetandas)", "relation": "UNREPORTED", "url": "", "transactionDescription": "Sale", "latestTransDate": "2020-03-18", "positionDirect": 0, "positionDirectDate": "2020-03-18"}, {"maxAge": 1, "name": "Bhatia (Shashidhar Jagdish)", "relation": "UNREPORTED", "url": "", "transactionDescription": "Sale", "latestTransDate": "2020-03-18", "positionDirect": 0, "positionDirectDate": "2020-03-18"}, {"maxAge": 1, "name": "Gami (Abhishek)", "relation": "UNREPORTED", "url": "", "transactionDescription": "Acquisition", "latestTransDate": "2020-03-20", "positionDirect": 1586986, "positionDirectDate": "2020-03-20"}, {"maxAge": 1, "name": "Gami (Shruti Abhishek)", "relation": "UNREPORTED", "url": "", "transactionDescription": "Purchase", "latestTransDate": "2020-03-18", "positionDirect": 148640, "positionDirectDate": "2020-03-18"}, {"maxAge": 1, "name": "Pragya Equities Pvt Ltd", "relation": "Promoter", "url": "", "transactionDescription": "Sale", "latestTransDate": "2020-03-17", "positionDirect": 0, "positionDirectDate": "2020-03-17"}], "maxAge": 1}, "earnings": {"maxAge": 86400, "earningsChart": {"quarterly": [{"date": "4Q2016", "actual": 1.66, "estimate": 1.12}, {"date": "1Q2017", "actual": 1.41, "estimate": 1.55}], "currentQuarterEstimateDate": "2Q", "currentQuarterEstimateYear": 2017, "earningsDate": ["2020-08-25 05:30:S"]}, "financialsChart": {"yearly": [{"date": 2017, "revenue": 419415593, "earnings": 29762008}, {"date": 2018, "revenue": 417881606, "earnings": 31638363}, {"date": 2019, "revenue": 462495854, "earnings": 28402619}, {"date": 2020, "revenue": 335719782, "earnings": -848625}], "quarterly": [{"date": "3Q2019", "revenue": 93300000, "earnings": 2200000}, {"date": "4Q2019", "revenue": 67000000, "earnings": -3200000}, {"date": "1Q2020", "revenue": 84019782, "earnings": -1848625}, {"date": "2Q2020", "revenue": 31400000, "earnings": -5900000}]}, "financialCurrency": "INR"}, "calendarEvents": {"maxAge": 1, "earnings": {"earningsDate": ["2020-08-25 05:30:S"]}}, "price": {"maxAge": 1, "regularMarketChangePercent": -0.035714313, "regularMarketChange": -0.95000076, "regularMarketTime": "2021-04-30 14:10:21", "priceHint": 2, "regularMarketPrice": 25.65, "regularMarketDayHigh": 26.55, "regularMarketDayLow": 25.55, "regularMarketVolume": 765, "averageDailyVolume10Day": 2831, "averageDailyVolume3Month": 4456, "regularMarketPreviousClose": 26.6, "regularMarketSource": "FREE_REALTIME", "regularMarketOpen": 25.55, "exchange": "BSE", "exchangeName": "BSE", "exchangeDataDelayedBy": 0, "marketState": "CLOSED", "quoteType": "EQUITY", "symbol": "RAPICUT.BO", "underlyingSymbol": null, "shortName": "RAPICUT CARBIDES LTD.", "longName": "Rapicut Carbides Limited", "currency": "INR", "quoteSourceName": "Delayed Quote", "currencySymbol": "\u20b9", "fromCurrency": null, "toCurrency": null, "lastMarket": null, "marketCap": 137772304}, "balanceSheetHistory": {"balanceSheetStatements": [{"maxAge": 1, "endDate": "2020-03-31", "cash": 1491908, "netReceivables": 72382954, "inventory": 188710913, "otherCurrentAssets": 5402092, "totalCurrentAssets": 268146670, "longTermInvestments": 652305, "propertyPlantEquipment": 50190811, "intangibleAssets": 834414, "otherAssets": 6941345, "deferredLongTermAssetCharges": 2543188, "totalAssets": 326765545, "accountsPayable": 38858588, "shortLongTermDebt": 2146309, "otherCurrentLiab": 5015884, "longTermDebt": 1451270, "otherLiab": 10719922, "totalCurrentLiabilities": 69896173, "totalLiab": 82067365, "commonStock": 53712450, "retainedEarnings": 182403215, "treasuryStock": -4133433, "capitalSurplus": 12715948, "otherStockholderEquity": -4133433, "totalStockholderEquity": 244698180, "netTangibleAssets": 243863766}, {"maxAge": 1, "endDate": "2019-03-31", "cash": 1261380, "netReceivables": 91689863, "inventory": 206581635, "otherCurrentAssets": 4371024, "totalCurrentAssets": 304645454, "longTermInvestments": 527407, "propertyPlantEquipment": 46961569, "intangibleAssets": 1364211, "otherAssets": 4453807, "totalAssets": 357952448, "accountsPayable": 42509334, "shortLongTermDebt": 244581, "otherCurrentLiab": 3560585, "longTermDebt": 1115162, "otherLiab": 11871787, "totalCurrentLiabilities": 89604774, "totalLiab": 102591723, "commonStock": 53712450, "retainedEarnings": 193164679, "treasuryStock": -4232352, "capitalSurplus": 12715948, "otherStockholderEquity": -4232352, "totalStockholderEquity": 255360725, "netTangibleAssets": 253996514}, {"maxAge": 1, "endDate": "2018-03-31", "cash": 5975077, "netReceivables": 77422075, "inventory": 198440321, "otherCurrentAssets": 4436386, "totalCurrentAssets": 287416020, "longTermInvestments": 423060, "propertyPlantEquipment": 51262000, "intangibleAssets": 2322992, "otherAssets": 4092085, "totalAssets": 345516157, "accountsPayable": 53986281, "shortLongTermDebt": 2495997, "otherCurrentLiab": 4432814, "longTermDebt": 740504, "otherLiab": 12991616, "totalCurrentLiabilities": 91336552, "totalLiab": 105068672, "commonStock": 53712450, "retainedEarnings": 176417630, "treasuryStock": -2398543, "capitalSurplus": 12715948, "otherStockholderEquity": -2398543, "totalStockholderEquity": 240447485, "netTangibleAssets": 238124493}, {"maxAge": 1, "endDate": "2017-03-31", "cash": 7357019, "netReceivables": 42759262, "inventory": 152360084, "otherCurrentAssets": 18087120, "totalCurrentAssets": 221542206, "longTermInvestments": 265704, "propertyPlantEquipment": 54767056, "intangibleAssets": 2897512, "otherAssets": 4201877, "totalAssets": 283674355, "accountsPayable": 44329303, "shortLongTermDebt": 3965888, "otherCurrentLiab": 5208740, "longTermDebt": 3288365, "otherLiab": 8313868, "totalCurrentLiabilities": 48023016, "totalLiab": 59625249, "commonStock": 53712450, "retainedEarnings": 154476437, "treasuryStock": 3144271, "capitalSurplus": 12715948, "otherStockholderEquity": 3144271, "totalStockholderEquity": 224049106, "netTangibleAssets": 221151594}], "maxAge": 86400}, "earningsTrend": {"trend": [{"maxAge": 1, "period": "0q", "endDate": "2017-06-30", "growth": {}, "earningsEstimate": {"avg": 0.0, "low": 0.0, "high": 0.0, "yearAgoEps": {}, "numberOfAnalysts": 0, "growth": {}}, "revenueEstimate": {"avg": 0, "low": 0, "high": 0, "numberOfAnalysts": 0, "yearAgoRevenue": {}, "growth": {}}, "epsTrend": {"current": 0.0, "7daysAgo": 0.0, "30daysAgo": 0.0, "60daysAgo": 0.0, "90daysAgo": 0.0}, "epsRevisions": {"upLast7days": 0, "upLast30days": 0, "downLast30days": 0, "downLast90days": {}}}, {"maxAge": 1, "period": "+1q", "endDate": "2017-09-30", "growth": {}, "earningsEstimate": {"avg": 0.0, "low": 0.0, "high": 0.0, "yearAgoEps": {}, "numberOfAnalysts": 0, "growth": {}}, "revenueEstimate": {"avg": 0, "low": 0, "high": 0, "numberOfAnalysts": 0, "yearAgoRevenue": {}, "growth": {}}, "epsTrend": {"current": 0.0, "7daysAgo": 0.0, "30daysAgo": 0.0, "60daysAgo": 0.0, "90daysAgo": 0.0}, "epsRevisions": {"upLast7days": 0, "upLast30days": 0, "downLast30days": 0, "downLast90days": {}}}, {"maxAge": 1, "period": "0y", "endDate": "2018-03-31", "growth": {}, "earningsEstimate": {"avg": 0.0, "low": 0.0, "high": 0.0, "yearAgoEps": {}, "numberOfAnalysts": 0, "growth": {}}, "revenueEstimate": {"avg": 528460000, "low": 528460000, "high": 528460000, "numberOfAnalysts": 1, "yearAgoRevenue": 436740000, "growth": 0.21}, "epsTrend": {"current": 0.0, "7daysAgo": 6.98, "30daysAgo": 6.98, "60daysAgo": 6.98, "90daysAgo": 6.98}, "epsRevisions": {"upLast7days": 0, "upLast30days": 0, "downLast30days": 0, "downLast90days": {}}}, {"maxAge": 1, "period": "+1y", "endDate": "2019-03-31", "growth": {}, "earningsEstimate": {"avg": 0.0, "low": 0.0, "high": 0.0, "yearAgoEps": {}, "numberOfAnalysts": 0, "growth": {}}, "revenueEstimate": {"avg": 0, "low": 0, "high": 0, "numberOfAnalysts": 0, "yearAgoRevenue": 528460000, "growth": {}}, "epsTrend": {"current": 0.0, "7daysAgo": 0.0, "30daysAgo": 0.0, "60daysAgo": 0.0, "90daysAgo": 0.0}, "epsRevisions": {"upLast7days": 0, "upLast30days": 0, "downLast30days": 0, "downLast90days": {}}}, {"maxAge": 1, "period": "+5y", "endDate": null, "growth": {}, "earningsEstimate": {"avg": {}, "low": {}, "high": {}, "yearAgoEps": {}, "numberOfAnalysts": {}, "growth": {}}, "revenueEstimate": {"avg": {}, "low": {}, "high": {}, "numberOfAnalysts": {}, "yearAgoRevenue": {}, "growth": {}}, "epsTrend": {"current": {}, "7daysAgo": {}, "30daysAgo": {}, "60daysAgo": {}, "90daysAgo": {}}, "epsRevisions": {"upLast7days": {}, "upLast30days": {}, "downLast30days": {}, "downLast90days": {}}}, {"maxAge": 1, "period": "-5y", "endDate": null, "growth": {}, "earningsEstimate": {"avg": {}, "low": {}, "high": {}, "yearAgoEps": {}, "numberOfAnalysts": {}, "growth": {}}, "revenueEstimate": {"avg": {}, "low": {}, "high": {}, "numberOfAnalysts": {}, "yearAgoRevenue": {}, "growth": {}}, "epsTrend": {"current": {}, "7daysAgo": {}, "30daysAgo": {}, "60daysAgo": {}, "90daysAgo": {}}, "epsRevisions": {"upLast7days": {}, "upLast30days": {}, "downLast30days": {}, "downLast90days": {}}}], "maxAge": 1}, "financialData": {"maxAge": 86400, "currentPrice": 25.65, "targetHighPrice": 53.0, "targetLowPrice": 53.0, "targetMeanPrice": 53.0, "targetMedianPrice": 53.0, "recommendationKey": "none", "numberOfAnalystOpinions": 1, "grossProfits": 101644955, "financialCurrency": "INR"}}}