{"RASANDIK.BO": {"cashflowStatementHistory": {"cashflowStatements": [{"maxAge": 1, "endDate": "2020-03-31", "netIncome": -33196000, "depreciation": 131138000, "changeToNetincome": 36712000, "changeToAccountReceivables": 152363000, "changeToLiabilities": -115310000, "changeToInventory": 93125000, "changeToOperatingActivities": -20327000, "totalCashFromOperatingActivities": 244505000, "capitalExpenditures": -4556000, "investments": -181000, "otherCashflowsFromInvestingActivities": -1782000, "totalCashflowsFromInvestingActivities": -6519000, "netBorrowings": -130933000, "otherCashflowsFromFinancingActivities": -106713000, "totalCashFromFinancingActivities": -237646000, "effectOfExchangeRate": 59000, "changeInCash": 399000}, {"maxAge": 1, "endDate": "2019-03-31", "netIncome": 29032000, "depreciation": 140613000, "changeToNetincome": 106023000, "changeToAccountReceivables": -105230000, "changeToLiabilities": 56929000, "changeToInventory": -98020000, "changeToOperatingActivities": -29802000, "totalCashFromOperatingActivities": 99545000, "capitalExpenditures": -49078000, "investments": -133000, "otherCashflowsFromInvestingActivities": 13516000, "totalCashflowsFromInvestingActivities": -25628000, "netBorrowings": -209045000, "otherCashflowsFromFinancingActivities": -125909000, "totalCashFromFinancingActivities": -96211000, "effectOfExchangeRate": 59000, "changeInCash": -22294000, "issuanceOfStock": 238743000}, {"maxAge": 1, "endDate": "2018-03-31", "netIncome": 12733000, "depreciation": 138451000, "changeToNetincome": 135116000, "changeToAccountReceivables": -45621000, "changeToLiabilities": 4977000, "changeToInventory": 97157000, "changeToOperatingActivities": 24430000, "totalCashFromOperatingActivities": 367243000, "capitalExpenditures": -51438000, "investments": -472000, "otherCashflowsFromInvestingActivities": 3236000, "totalCashflowsFromInvestingActivities": -48599000, "netBorrowings": -147902000, "otherCashflowsFromFinancingActivities": -169792000, "totalCashFromFinancingActivities": -297694000, "effectOfExchangeRate": 38000, "changeInCash": 20988000, "issuanceOfStock": 20000000}, {"maxAge": 1, "endDate": "2017-03-31", "netIncome": 49327000, "depreciation": 139465000, "changeToNetincome": 48305000, "changeToAccountReceivables": -48766000, "changeToLiabilities": 76996000, "changeToInventory": -51172000, "changeToOperatingActivities": 35205000, "totalCashFromOperatingActivities": 249360000, "capitalExpenditures": -25558000, "investments": 1102000, "otherCashflowsFromInvestingActivities": -6131000, "totalCashflowsFromInvestingActivities": -29077000, "netBorrowings": -36655000, "otherCashflowsFromFinancingActivities": -184628000, "totalCashFromFinancingActivities": -221283000, "effectOfExchangeRate": -21000, "changeInCash": -1021000, "issuanceOfStock": 20000000}], "maxAge": 86400}, "institutionOwnership": {"maxAge": 1, "ownershipList": []}, "balanceSheetHistoryQuarterly": {"balanceSheetStatements": [{"maxAge": 1, "endDate": "2020-06-30", "totalStockholderEquity": 1040259000, "netTangibleAssets": 1040259000}, {"maxAge": 1, "endDate": "2020-03-31", "cash": 2712000, "shortTermInvestments": 1264000, "netReceivables": 175230000, "inventory": 392720000, "otherCurrentAssets": 14197000, "totalCurrentAssets": 588829000, "propertyPlantEquipment": 1911277000, "otherAssets": 35412000, "totalAssets": 2535518000, "accountsPayable": 257326000, "shortLongTermDebt": 131183000, "otherCurrentLiab": 13633000, "longTermDebt": 136609000, "otherLiab": 335477000, "totalCurrentLiabilities": 1023173000, "totalLiab": 1495259000, "commonStock": 59750000, "retainedEarnings": 728081000, "treasuryStock": 4254000, "capitalSurplus": 248174000, "otherStockholderEquity": 4254000, "totalStockholderEquity": 1040259000, "netTangibleAssets": 1040259000}, {"maxAge": 1, "endDate": "2019-12-31", "totalStockholderEquity": 1074029000, "netTangibleAssets": 1074029000}, {"maxAge": 1, "endDate": "2019-09-30", "cash": 6415000, "shortTermInvestments": 15011000, "netReceivables": 181658000, "inventory": 473559000, "otherCurrentAssets": 59405000, "totalCurrentAssets": 736048000, "propertyPlantEquipment": 1984763000, "otherAssets": 28247000, "totalAssets": 2749058000, "accountsPayable": 278679000, "shortLongTermDebt": 204290000, "otherCurrentLiab": 72776000, "longTermDebt": 136787000, "otherLiab": 409491000, "totalCurrentLiabilities": 1128751000, "totalLiab": 1675029000, "commonStock": 59750000, "treasuryStock": 1014279000, "otherStockholderEquity": 1014279000, "totalStockholderEquity": 1074029000, "netTangibleAssets": 1074029000}], "maxAge": 86400}, "indexTrend": {"maxAge": 1, "symbol": "SP5", "peRatio": 19.7411, "pegRatio": 1.34172, "estimates": [{"period": "0q", "growth": 0.549}, {"period": "+1q", "growth": 0.431}, {"period": "0y", "growth": 0.305}, {"period": "+1y", "growth": 0.109}, {"period": "+5y", "growth": 0.120859005}, {"period": "-5y"}]}, "insiderTransactions": {"transactions": [{"maxAge": 1, "shares": 4100, "filerUrl": "", "transactionText": "", "filerName": "Kapoor (Rajiv)", "filerRelation": "Executive Chairman", "moneyText": "", "startDate": "2020-03-27", "ownership": "D"}, {"maxAge": 1, "shares": 6180, "filerUrl": "", "transactionText": "", "filerName": "Kapoor (Rajiv)", "filerRelation": "Managing Director", "moneyText": "", "startDate": "2019-12-23", "ownership": "D"}, {"maxAge": 1, "shares": 2400, "filerUrl": "", "transactionText": "", "filerName": "Kapoor (Rajiv)", "filerRelation": "Executive Chairman", "moneyText": "", "startDate": "2019-09-30", "ownership": "D"}, {"maxAge": 1, "shares": 18930, "filerUrl": "", "transactionText": "", "filerName": "Kapoor (Rajiv)", "filerRelation": "Executive Chairman", "moneyText": "", "startDate": "2019-09-18", "ownership": "D"}, {"maxAge": 1, "shares": 10205, "filerUrl": "", "transactionText": "", "filerName": "Kapoor (Rajiv)", "filerRelation": "Executive Chairman", "moneyText": "", "startDate": "2019-06-28", "ownership": "D"}, {"maxAge": 1, "shares": 1915, "filerUrl": "", "transactionText": "", "filerName": "Kapoor (Rajiv)", "filerRelation": "Executive Chairman", "moneyText": "", "startDate": "2019-03-26", "ownership": "D"}, {"maxAge": 1, "shares": 12610, "filerUrl": "", "transactionText": "", "filerName": "Kapoor (Rajiv)", "filerRelation": "Executive Chairman", "moneyText": "", "startDate": "2019-02-04", "ownership": "D"}, {"maxAge": 1, "shares": 7742, "filerUrl": "", "transactionText": "", "filerName": "Sethi (Shyam Sunder)", "filerRelation": "Non-Independent Executive Director", "moneyText": "", "startDate": "2019-01-23", "ownership": "D"}, {"maxAge": 1, "shares": 4850, "filerUrl": "", "transactionText": "", "filerName": "Kapoor (Rajiv)", "filerRelation": "Executive Chairman", "moneyText": "", "startDate": "2018-12-17", "ownership": "D"}], "maxAge": 1}, "quoteType": {"exchange": "BSE", "quoteType": "EQUITY", "symbol": "RASANDIK.BO", "underlyingSymbol": "RASANDIK.BO", "shortName": "RASANDIK ENGINEERING INDUSTRIE", "longName": "Rasandik Engineering Industries India Limited", "firstTradeDateEpochUtc": "2001-10-12 09:15:00", "timeZoneFullName": "Asia/Kolkata", "timeZoneShortName": "IST", "uuid": "bc1ccd97-bfb9-387d-b1a8-7b21420ce944", "messageBoardId": null, "gmtOffSetMilliseconds": 19800000, "maxAge": 1}, "incomeStatementHistory": {"incomeStatementHistory": [{"maxAge": 1, "endDate": "2020-03-31", "totalRevenue": 2077355000, "costOfRevenue": 1652943000, "grossProfit": 424412000, "researchDevelopment": {}, "sellingGeneralAdministrative": 198566000, "nonRecurring": {}, "otherOperatingExpenses": 111024000, "totalOperatingExpenses": 2148116000, "operatingIncome": -70761000, "totalOtherIncomeExpenseNet": -116279000, "ebit": -70761000, "interestExpense": -106369000, "incomeBeforeTax": -187040000, "incomeTaxExpense": -153844000, "minorityInterest": {}, "netIncomeFromContinuingOps": -33196000, "discontinuedOperations": {}, "extraordinaryItems": {}, "effectOfAccountingCharges": {}, "otherItems": {}, "netIncome": -33196000, "netIncomeApplicableToCommonShares": -33196000}, {"maxAge": 1, "endDate": "2019-03-31", "totalRevenue": 2671107000, "costOfRevenue": 2032524000, "grossProfit": 638583000, "researchDevelopment": {}, "sellingGeneralAdministrative": 231197000, "nonRecurring": {}, "otherOperatingExpenses": 42477000, "totalOperatingExpenses": 2480381000, "operatingIncome": 190726000, "totalOtherIncomeExpenseNet": -125542000, "ebit": 190726000, "interestExpense": -117583000, "incomeBeforeTax": 65184000, "incomeTaxExpense": 36152000, "minorityInterest": {}, "netIncomeFromContinuingOps": 29032000, "discontinuedOperations": {}, "extraordinaryItems": {}, "effectOfAccountingCharges": {}, "otherItems": {}, "netIncome": 29032000, "netIncomeApplicableToCommonShares": 29032000}, {"maxAge": 1, "endDate": "2018-03-31", "totalRevenue": 2391290000, "costOfRevenue": 1783072000, "grossProfit": 608218000, "researchDevelopment": {}, "sellingGeneralAdministrative": 237097000, "nonRecurring": {}, "otherOperatingExpenses": 84037000, "totalOperatingExpenses": 2235580000, "operatingIncome": 155710000, "totalOtherIncomeExpenseNet": -140424000, "ebit": 155710000, "interestExpense": -157069000, "incomeBeforeTax": 15286000, "incomeTaxExpense": 2553000, "minorityInterest": {}, "netIncomeFromContinuingOps": 12733000, "discontinuedOperations": {}, "extraordinaryItems": {}, "effectOfAccountingCharges": {}, "otherItems": {}, "netIncome": 12733000, "netIncomeApplicableToCommonShares": 12733000}, {"maxAge": 1, "endDate": "2017-03-31", "totalRevenue": 2153945000, "costOfRevenue": 1583809000, "grossProfit": 570136000, "researchDevelopment": {}, "sellingGeneralAdministrative": 229310000, "nonRecurring": {}, "otherOperatingExpenses": -15138000, "totalOperatingExpenses": 1930369000, "operatingIncome": 223576000, "totalOtherIncomeExpenseNet": -187941000, "ebit": 223576000, "interestExpense": -192347000, "incomeBeforeTax": 35635000, "incomeTaxExpense": -13692000, "minorityInterest": {}, "netIncomeFromContinuingOps": 49327000, "discontinuedOperations": {}, "extraordinaryItems": {}, "effectOfAccountingCharges": {}, "otherItems": {}, "netIncome": 49327000, "netIncomeApplicableToCommonShares": 49327000}], "maxAge": 86400}, "fundOwnership": {"maxAge": 1, "ownershipList": []}, "summaryDetail": {"maxAge": 1, "priceHint": 2, "previousClose": 67.4, "open": 64.5, "dayLow": 64.05, "dayHigh": 64.5, "regularMarketPreviousClose": 67.4, "regularMarketOpen": 64.5, "regularMarketDayLow": 64.05, "regularMarketDayHigh": 64.5, "volume": 2320, "regularMarketVolume": 2320, "averageVolume": 597, "averageVolume10days": 858, "averageDailyVolume10Day": 858, "bid": 0.0, "ask": 64.05, "bidSize": 0, "askSize": 0, "marketCap": 382698784, "fiftyTwoWeekLow": 31.9, "fiftyTwoWeekHigh": 73.0, "fiftyDayAverage": 60.004414, "twoHundredDayAverage": 52.464233, "currency": "INR", "fromCurrency": null, "toCurrency": null, "lastMarket": null, "algorithm": null, "tradeable": false}, "incomeStatementHistoryQuarterly": {"incomeStatementHistory": [{"maxAge": 1, "endDate": "2020-06-30", "totalRevenue": 87249000, "costOfRevenue": 59385000, "grossProfit": 27864000, "researchDevelopment": {}, "sellingGeneralAdministrative": 12881000, "nonRecurring": {}, "otherOperatingExpenses": 15853000, "totalOperatingExpenses": 120788000, "operatingIncome": -33539000, "totalOtherIncomeExpenseNet": -22559000, "ebit": -33539000, "interestExpense": -22559000, "incomeBeforeTax": -56098000, "incomeTaxExpense": -14450000, "minorityInterest": {}, "netIncomeFromContinuingOps": -41648000, "discontinuedOperations": {}, "extraordinaryItems": {}, "effectOfAccountingCharges": {}, "otherItems": {}, "netIncome": -41648000, "netIncomeApplicableToCommonShares": -41648000}, {"maxAge": 1, "endDate": "2020-03-31", "totalRevenue": 391424000, "costOfRevenue": 419076000, "grossProfit": -27652000, "researchDevelopment": {}, "sellingGeneralAdministrative": -28593000, "nonRecurring": {}, "otherOperatingExpenses": -40786000, "totalOperatingExpenses": 436823000, "operatingIncome": -45399000, "totalOtherIncomeExpenseNet": -32186000, "ebit": -45399000, "interestExpense": -22276000, "incomeBeforeTax": -77585000, "incomeTaxExpense": -72717000, "minorityInterest": {}, "netIncomeFromContinuingOps": -4868000, "discontinuedOperations": {}, "extraordinaryItems": {}, "effectOfAccountingCharges": {}, "otherItems": {}, "netIncome": -4868000, "netIncomeApplicableToCommonShares": -4868000}, {"maxAge": 1, "endDate": "2019-12-31", "totalRevenue": 489038000, "costOfRevenue": 368022000, "grossProfit": 121016000, "researchDevelopment": {}, "sellingGeneralAdministrative": 69603000, "nonRecurring": {}, "otherOperatingExpenses": 32647000, "totalOperatingExpenses": 503158000, "operatingIncome": -14120000, "totalOtherIncomeExpenseNet": -27400000, "ebit": -14120000, "interestExpense": -27400000, "incomeBeforeTax": -41520000, "incomeTaxExpense": -11362000, "minorityInterest": {}, "netIncomeFromContinuingOps": -30158000, "discontinuedOperations": {}, "extraordinaryItems": {}, "effectOfAccountingCharges": {}, "otherItems": {}, "netIncome": -30158000, "netIncomeApplicableToCommonShares": -30158000}, {"maxAge": 1, "endDate": "2019-09-30", "totalRevenue": 537801000, "costOfRevenue": 397644000, "grossProfit": 140157000, "researchDevelopment": {}, "sellingGeneralAdministrative": 71938000, "nonRecurring": {}, "otherOperatingExpenses": 85565000, "totalOperatingExpenses": 588062000, "operatingIncome": -50261000, "totalOtherIncomeExpenseNet": -24785000, "ebit": -50261000, "interestExpense": -28559000, "incomeBeforeTax": -78820000, "incomeTaxExpense": -76598000, "minorityInterest": {}, "netIncomeFromContinuingOps": -2222000, "discontinuedOperations": {}, "extraordinaryItems": {}, "effectOfAccountingCharges": {}, "otherItems": {}, "netIncome": -2222000, "netIncomeApplicableToCommonShares": -2222000}], "maxAge": 86400}, "cashflowStatementHistoryQuarterly": {"cashflowStatements": [{"maxAge": 1, "endDate": "2020-06-30", "netIncome": -41648000, "changeToLiabilities": 0}, {"maxAge": 1, "endDate": "2020-03-31", "netIncome": -4868000, "changeToLiabilities": 0}, {"maxAge": 1, "endDate": "2019-12-31", "netIncome": -30158000, "changeToLiabilities": 0}, {"maxAge": 1, "endDate": "2019-09-30", "netIncome": -2222000, "changeToLiabilities": 0}], "maxAge": 86400}, "insiderHolders": {"holders": [{"maxAge": 1, "name": "Kapoor (Rajiv)", "relation": "Executive Chairman", "url": "", "transactionDescription": "Acquisition", "latestTransDate": "2020-03-27", "positionDirect": 992794, "positionDirectDate": "2020-03-27"}, {"maxAge": 1, "name": "Sethi (Shyam Sunder)", "relation": "Non-Independent Executive Director", "url": "", "transactionDescription": "Acquisition", "latestTransDate": "2019-01-23", "positionDirect": 10242, "positionDirectDate": "2019-01-23"}], "maxAge": 1}, "calendarEvents": {"maxAge": 1, "earnings": {"earningsDate": []}}, "price": {"maxAge": 1, "regularMarketChangePercent": -0.04970324, "regularMarketChange": -3.3499985, "regularMarketTime": "2021-04-30 15:27:56", "priceHint": 2, "regularMarketPrice": 64.05, "regularMarketDayHigh": 64.5, "regularMarketDayLow": 64.05, "regularMarketVolume": 2320, "averageDailyVolume10Day": 858, "averageDailyVolume3Month": 597, "regularMarketPreviousClose": 67.4, "regularMarketSource": "FREE_REALTIME", "regularMarketOpen": 64.5, "exchange": "BSE", "exchangeName": "BSE", "exchangeDataDelayedBy": 0, "marketState": "CLOSED", "quoteType": "EQUITY", "symbol": "RASANDIK.BO", "underlyingSymbol": null, "shortName": "RASANDIK ENGINEERING INDUSTRIE", "longName": "Rasandik Engineering Industries India Limited", "currency": "INR", "quoteSourceName": "Delayed Quote", "currencySymbol": "\u20b9", "fromCurrency": null, "toCurrency": null, "lastMarket": null, "marketCap": 382698784}, "balanceSheetHistory": {"balanceSheetStatements": [{"maxAge": 1, "endDate": "2020-03-31", "cash": 2712000, "shortTermInvestments": 1264000, "netReceivables": 175230000, "inventory": 392720000, "otherCurrentAssets": 14197000, "totalCurrentAssets": 588829000, "propertyPlantEquipment": 1911277000, "otherAssets": 35412000, "totalAssets": 2535518000, "accountsPayable": 257326000, "shortLongTermDebt": 131183000, "otherCurrentLiab": 13633000, "longTermDebt": 136609000, "otherLiab": 335477000, "totalCurrentLiabilities": 1023173000, "totalLiab": 1495259000, "commonStock": 59750000, "retainedEarnings": 728081000, "treasuryStock": 4254000, "capitalSurplus": 248174000, "otherStockholderEquity": 4254000, "totalStockholderEquity": 1040259000, "netTangibleAssets": 1040259000}, {"maxAge": 1, "endDate": "2019-03-31", "cash": 2313000, "shortTermInvestments": 1189000, "netReceivables": 392111000, "inventory": 504943000, "otherCurrentAssets": 26561000, "totalCurrentAssets": 931124000, "propertyPlantEquipment": 2045859000, "otherAssets": 50065000, "totalAssets": 3027048000, "accountsPayable": 372636000, "shortLongTermDebt": 145133000, "otherCurrentLiab": 36602000, "longTermDebt": 231070000, "otherLiab": 511617000, "totalCurrentLiabilities": 1212162000, "totalLiab": 1954849000, "commonStock": 59750000, "retainedEarnings": 760021000, "treasuryStock": 4254000, "capitalSurplus": 248174000, "otherStockholderEquity": 4254000, "totalStockholderEquity": 1072199000, "netTangibleAssets": 1072199000}, {"maxAge": 1, "endDate": "2018-03-31", "cash": 24607000, "shortTermInvestments": 1125000, "netReceivables": 296135000, "inventory": 406923000, "otherCurrentAssets": 31123000, "totalCurrentAssets": 763967000, "propertyPlantEquipment": 2149277000, "otherAssets": 47832000, "totalAssets": 2961076000, "accountsPayable": 339120000, "shortLongTermDebt": 179958000, "otherCurrentLiab": 61342000, "longTermDebt": 379853000, "otherLiab": 502252000, "totalCurrentLiabilities": 1269595000, "totalLiab": 2151700000, "commonStock": 47250000, "retainedEarnings": 730372000, "treasuryStock": 24254000, "capitalSurplus": 7500000, "otherStockholderEquity": 24254000, "totalStockholderEquity": 809376000, "netTangibleAssets": 809376000}, {"maxAge": 1, "endDate": "2017-03-31", "cash": 3619000, "shortTermInvestments": 1052000, "netReceivables": 255576000, "inventory": 504080000, "otherCurrentAssets": 134610000, "totalCurrentAssets": 900885000, "propertyPlantEquipment": 2236377000, "otherAssets": 42478000, "totalAssets": 3179740000, "accountsPayable": 346877000, "shortLongTermDebt": 238280000, "otherCurrentLiab": 167340000, "longTermDebt": 502551000, "otherLiab": 507373000, "totalCurrentLiabilities": 1394078000, "totalLiab": 2404002000, "commonStock": 47250000, "retainedEarnings": 716734000, "treasuryStock": 4254000, "capitalSurplus": 7500000, "otherStockholderEquity": 4254000, "totalStockholderEquity": 775738000, "netTangibleAssets": 775738000}], "maxAge": 86400}, "financialData": {"maxAge": 86400, "currentPrice": 64.05, "recommendationKey": "none", "grossProfits": 424412000, "financialCurrency": "INR"}}}