{"RASIELEC.BO": {"cashflowStatementHistory": {"cashflowStatements": [{"maxAge": 1, "endDate": "2020-03-31", "netIncome": 5147857, "depreciation": 8765503, "changeToNetincome": 3378712, "changeToAccountReceivables": 2884739, "changeToLiabilities": 0, "changeToInventory": -11082, "changeToOperatingActivities": 23677012, "totalCashFromOperatingActivities": 43842741, "capitalExpenditures": -11620465, "investments": 281684, "otherCashflowsFromInvestingActivities": 3204954, "totalCashflowsFromInvestingActivities": -8133827, "netBorrowings": -31958566, "otherCashflowsFromFinancingActivities": -4646904, "totalCashFromFinancingActivities": -36605470, "changeInCash": -896556}, {"maxAge": 1, "endDate": "2019-03-31", "netIncome": 10198823, "depreciation": 8180805, "changeToNetincome": 4140360, "changeToAccountReceivables": -9519075, "changeToLiabilities": 0, "changeToInventory": -6766452, "changeToOperatingActivities": 9148713, "totalCashFromOperatingActivities": 15383174, "capitalExpenditures": -18406800, "investments": 134252, "otherCashflowsFromInvestingActivities": 3919287, "totalCashflowsFromInvestingActivities": -14321261, "netBorrowings": 1902735, "otherCashflowsFromFinancingActivities": -6796459, "totalCashFromFinancingActivities": -4893724, "changeInCash": -3831811}, {"maxAge": 1, "endDate": "2018-03-31", "netIncome": 8466652, "depreciation": 6765645, "changeToNetincome": -200858, "changeToAccountReceivables": -14534038, "changeToLiabilities": 0, "changeToInventory": -4604654, "changeToOperatingActivities": 1630106, "totalCashFromOperatingActivities": -2477147, "capitalExpenditures": -5322080, "investments": 2915337, "otherCashflowsFromInvestingActivities": 4052592, "totalCashflowsFromInvestingActivities": 2045849, "netBorrowings": 10046194, "otherCashflowsFromFinancingActivities": -7114968, "totalCashFromFinancingActivities": 2931226, "changeInCash": 2499928}, {"maxAge": 1, "endDate": "2017-03-31", "netIncome": 8516828, "depreciation": 8210154, "changeToNetincome": 2609267, "changeToAccountReceivables": -17465658, "changeToLiabilities": 0, "changeToInventory": -3499415, "changeToOperatingActivities": -3375076, "totalCashFromOperatingActivities": -5003900, "capitalExpenditures": -3552454, "investments": -2780128, "otherCashflowsFromInvestingActivities": 2622492, "totalCashflowsFromInvestingActivities": -3590590, "netBorrowings": -8726425, "otherCashflowsFromFinancingActivities": -5102140, "totalCashFromFinancingActivities": -13828565, "changeInCash": -22423055}], "maxAge": 86400}, "institutionOwnership": {"maxAge": 1, "ownershipList": []}, "balanceSheetHistoryQuarterly": {"balanceSheetStatements": [{"maxAge": 1, "endDate": "2020-06-30", "totalStockholderEquity": 232745000, "netTangibleAssets": 232745000}, {"maxAge": 1, "endDate": "2020-03-31", "cash": 5068516, "shortTermInvestments": 2119699, "netReceivables": 123650581, "inventory": 63459834, "otherCurrentAssets": 18223985, "totalCurrentAssets": 212571793, "propertyPlantEquipment": 71572369, "otherAssets": 1617603, "deferredLongTermAssetCharges": 1617603, "totalAssets": 285761765, "accountsPayable": 12890835, "otherCurrentLiab": 2986688, "otherLiab": 6030711, "totalCurrentLiabilities": 46985941, "totalLiab": 53016652, "commonStock": 62261000, "retainedEarnings": 100099378, "treasuryStock": 14057335, "capitalSurplus": 56327400, "otherStockholderEquity": 14057335, "totalStockholderEquity": 232745113, "netTangibleAssets": 232745113}, {"maxAge": 1, "endDate": "2019-12-31", "totalStockholderEquity": 237313000, "netTangibleAssets": 237313000}, {"maxAge": 1, "endDate": "2019-09-30", "cash": 4878000, "shortTermInvestments": 3518000, "netReceivables": 129374000, "inventory": 62131000, "otherCurrentAssets": 39136000, "totalCurrentAssets": 239037000, "propertyPlantEquipment": 67269000, "otherAssets": 1502000, "deferredLongTermAssetCharges": 1502000, "totalAssets": 307808000, "accountsPayable": 14622000, "otherCurrentLiab": 8844000, "otherLiab": 5738000, "totalCurrentLiabilities": 64757000, "totalLiab": 70495000, "commonStock": 62261000, "treasuryStock": 175052000, "otherStockholderEquity": 175052000, "totalStockholderEquity": 237313000, "netTangibleAssets": 237313000}], "maxAge": 86400}, "indexTrend": {"maxAge": 1, "symbol": "SP5", "peRatio": 19.7411, "pegRatio": 1.34172, "estimates": [{"period": "0q", "growth": 0.549}, {"period": "+1q", "growth": 0.431}, {"period": "0y", "growth": 0.305}, {"period": "+1y", "growth": 0.109}, {"period": "+5y", "growth": 0.120859005}, {"period": "-5y"}]}, "insiderTransactions": {"transactions": [{"maxAge": 1, "shares": 4295734, "filerUrl": "", "transactionText": "", "filerName": "Kothari (Popatlal B)", "filerRelation": "Chairman of the Board", "moneyText": "", "startDate": "2019-03-08", "ownership": "D"}], "maxAge": 1}, "quoteType": {"exchange": "BSE", "quoteType": "EQUITY", "symbol": "RASIELEC.BO", "underlyingSymbol": "RASIELEC.BO", "shortName": "RASI ELECTRODES LTD.", "longName": "Rasi Electrodes Limited", "firstTradeDateEpochUtc": "2003-08-07 09:15:00", "timeZoneFullName": "Asia/Kolkata", "timeZoneShortName": "IST", "uuid": "09e22b11-8458-3397-abc1-23bfb829bfa5", "messageBoardId": null, "gmtOffSetMilliseconds": 19800000, "maxAge": 1}, "incomeStatementHistory": {"incomeStatementHistory": [{"maxAge": 1, "endDate": "2020-03-31", "totalRevenue": 459561755, "costOfRevenue": 354947558, "grossProfit": 104614197, "researchDevelopment": {}, "sellingGeneralAdministrative": 34122903, "nonRecurring": {}, "otherOperatingExpenses": 56360314, "totalOperatingExpenses": 454196278, "operatingIncome": 5365477, "totalOtherIncomeExpenseNet": 2474020, "ebit": 5365477, "interestExpense": -4236598, "incomeBeforeTax": 7839497, "incomeTaxExpense": 2691640, "minorityInterest": {}, "netIncomeFromContinuingOps": 5147857, "discontinuedOperations": {}, "extraordinaryItems": {}, "effectOfAccountingCharges": {}, "otherItems": {}, "netIncome": 5147857, "netIncomeApplicableToCommonShares": 5147857}, {"maxAge": 1, "endDate": "2019-03-31", "totalRevenue": 474348378, "costOfRevenue": 378152293, "grossProfit": 96196085, "researchDevelopment": {}, "sellingGeneralAdministrative": 32794994, "nonRecurring": {}, "otherOperatingExpenses": 36084558, "totalOperatingExpenses": 455212650, "operatingIncome": 19135728, "totalOtherIncomeExpenseNet": -1424563, "ebit": 19135728, "interestExpense": -6040035, "incomeBeforeTax": 17711165, "incomeTaxExpense": 7512342, "minorityInterest": {}, "netIncomeFromContinuingOps": 10198823, "discontinuedOperations": {}, "extraordinaryItems": {}, "effectOfAccountingCharges": {}, "otherItems": {}, "netIncome": 10198823, "netIncomeApplicableToCommonShares": 10198823}, {"maxAge": 1, "endDate": "2018-03-31", "totalRevenue": 342358198, "costOfRevenue": 267548687, "grossProfit": 74809511, "researchDevelopment": {}, "sellingGeneralAdministrative": 29786466, "nonRecurring": {}, "otherOperatingExpenses": 28793724, "totalOperatingExpenses": 332894522, "operatingIncome": 9463676, "totalOtherIncomeExpenseNet": -1076333, "ebit": 9463676, "interestExpense": -6237054, "incomeBeforeTax": 8387343, "incomeTaxExpense": -79309, "minorityInterest": {}, "netIncomeFromContinuingOps": 8466652, "discontinuedOperations": {}, "extraordinaryItems": {}, "effectOfAccountingCharges": {}, "otherItems": {}, "netIncome": 8466652, "netIncomeApplicableToCommonShares": 8466652}, {"maxAge": 1, "endDate": "2017-03-31", "totalRevenue": 268405037, "costOfRevenue": 193971299, "grossProfit": 74433738, "researchDevelopment": {}, "sellingGeneralAdministrative": 28872197, "nonRecurring": {}, "otherOperatingExpenses": 24042731, "totalOperatingExpenses": 255096381, "operatingIncome": 13308656, "totalOtherIncomeExpenseNet": 844528, "ebit": 13308656, "interestExpense": -4506782, "incomeBeforeTax": 14153184, "incomeTaxExpense": 5636356, "minorityInterest": {}, "netIncomeFromContinuingOps": 8516828, "discontinuedOperations": {}, "extraordinaryItems": {}, "effectOfAccountingCharges": {}, "otherItems": {}, "netIncome": 8516828, "netIncomeApplicableToCommonShares": 8516828}], "maxAge": 86400}, "fundOwnership": {"maxAge": 1, "ownershipList": []}, "summaryDetail": {"maxAge": 1, "priceHint": 4, "previousClose": 4.2, "open": 4.15, "dayLow": 4.0, "dayHigh": 4.26, "regularMarketPreviousClose": 4.2, "regularMarketOpen": 4.15, "regularMarketDayLow": 4.0, "regularMarketDayHigh": 4.26, "trailingPE": 54.266666, "volume": 14548, "regularMarketVolume": 14548, "averageVolume": 23616, "averageVolume10days": 29589, "averageDailyVolume10Day": 29589, "bid": 4.11, "ask": 4.15, "bidSize": 0, "askSize": 0, "marketCap": 126701144, "fiftyTwoWeekLow": 1.56, "fiftyTwoWeekHigh": 4.79, "fiftyDayAverage": 3.5714285, "twoHundredDayAverage": 3.0155797, "trailingAnnualDividendRate": 0.1, "trailingAnnualDividendYield": 0.023809526, "currency": "INR", "fromCurrency": null, "toCurrency": null, "lastMarket": null, "algorithm": null, "tradeable": false}, "incomeStatementHistoryQuarterly": {"incomeStatementHistory": [{"maxAge": 1, "endDate": "2020-06-30", "totalRevenue": 25849000, "costOfRevenue": 19229000, "grossProfit": 6620000, "researchDevelopment": {}, "sellingGeneralAdministrative": 3834000, "nonRecurring": {}, "otherOperatingExpenses": 1240000, "totalOperatingExpenses": 26503000, "operatingIncome": -654000, "totalOtherIncomeExpenseNet": 378000, "ebit": -654000, "interestExpense": -846000, "incomeBeforeTax": -276000, "incomeTaxExpense": -92000, "minorityInterest": {}, "netIncomeFromContinuingOps": -184000, "discontinuedOperations": {}, "extraordinaryItems": {}, "effectOfAccountingCharges": {}, "otherItems": {}, "netIncome": -184000, "netIncomeApplicableToCommonShares": -184000}, {"maxAge": 1, "endDate": "2020-03-31", "totalRevenue": 110741755, "costOfRevenue": 85724558, "grossProfit": 25017197, "researchDevelopment": {}, "sellingGeneralAdministrative": 10463903, "nonRecurring": {}, "otherOperatingExpenses": 16064314, "totalOperatingExpenses": 115018278, "operatingIncome": -4276523, "totalOtherIncomeExpenseNet": -47980, "ebit": -4276523, "interestExpense": -403598, "incomeBeforeTax": -4324503, "incomeTaxExpense": -661360, "minorityInterest": {}, "netIncomeFromContinuingOps": -3663143, "discontinuedOperations": {}, "extraordinaryItems": {}, "effectOfAccountingCharges": {}, "otherItems": {}, "netIncome": -3663143, "netIncomeApplicableToCommonShares": -3663143}, {"maxAge": 1, "endDate": "2019-12-31", "totalRevenue": 115379000, "costOfRevenue": 87363000, "grossProfit": 28016000, "researchDevelopment": {}, "sellingGeneralAdministrative": 8096000, "nonRecurring": {}, "otherOperatingExpenses": 20267000, "totalOperatingExpenses": 117726000, "operatingIncome": -2347000, "totalOtherIncomeExpenseNet": 1417000, "ebit": -2347000, "interestExpense": -692000, "incomeBeforeTax": -930000, "incomeTaxExpense": -28000, "minorityInterest": {}, "netIncomeFromContinuingOps": -902000, "discontinuedOperations": {}, "extraordinaryItems": {}, "effectOfAccountingCharges": {}, "otherItems": {}, "netIncome": -902000, "netIncomeApplicableToCommonShares": -902000}, {"maxAge": 1, "endDate": "2019-09-30", "totalRevenue": 116435000, "costOfRevenue": 89024000, "grossProfit": 27411000, "researchDevelopment": {}, "sellingGeneralAdministrative": 7864000, "nonRecurring": {}, "otherOperatingExpenses": 10236000, "totalOperatingExpenses": 109124000, "operatingIncome": 7311000, "totalOtherIncomeExpenseNet": 1835000, "ebit": 7311000, "interestExpense": -1251000, "incomeBeforeTax": 9146000, "incomeTaxExpense": 2303000, "minorityInterest": {}, "netIncomeFromContinuingOps": 6843000, "discontinuedOperations": {}, "extraordinaryItems": {}, "effectOfAccountingCharges": {}, "otherItems": {}, "netIncome": 6843000, "netIncomeApplicableToCommonShares": 6843000}], "maxAge": 86400}, "cashflowStatementHistoryQuarterly": {"cashflowStatements": [{"maxAge": 1, "endDate": "2020-06-30", "netIncome": -184000, "changeToLiabilities": 0}, {"maxAge": 1, "endDate": "2020-03-31", "netIncome": -3663143, "changeToLiabilities": 0}, {"maxAge": 1, "endDate": "2019-12-31", "netIncome": -902000, "changeToLiabilities": 0}, {"maxAge": 1, "endDate": "2019-09-30", "netIncome": 6843000, "changeToLiabilities": 0}], "maxAge": 86400}, "insiderHolders": {"holders": [{"maxAge": 1, "name": "Kothari (Popatlal B)", "relation": "Chairman of the Board", "url": "", "transactionDescription": "Purchase", "latestTransDate": "2019-03-08", "positionDirect": 4962030, "positionDirectDate": "2019-03-08"}], "maxAge": 1}, "calendarEvents": {"maxAge": 1, "earnings": {"earningsDate": []}}, "price": {"maxAge": 1, "regularMarketChangePercent": -0.030952297, "regularMarketChange": -0.12999964, "regularMarketTime": "2021-04-30 15:25:31", "priceHint": 4, "regularMarketPrice": 4.07, "regularMarketDayHigh": 4.26, "regularMarketDayLow": 4.0, "regularMarketVolume": 14548, "averageDailyVolume10Day": 29589, "averageDailyVolume3Month": 23616, "regularMarketPreviousClose": 4.2, "regularMarketSource": "FREE_REALTIME", "regularMarketOpen": 4.15, "exchange": "BSE", "exchangeName": "BSE", "exchangeDataDelayedBy": 0, "marketState": "CLOSED", "quoteType": "EQUITY", "symbol": "RASIELEC.BO", "underlyingSymbol": null, "shortName": "RASI ELECTRODES LTD.", "longName": "Rasi Electrodes Limited", "currency": "INR", "quoteSourceName": "Delayed Quote", "currencySymbol": "\u20b9", "fromCurrency": null, "toCurrency": null, "lastMarket": null, "marketCap": 126701144}, "balanceSheetHistory": {"balanceSheetStatements": [{"maxAge": 1, "endDate": "2020-03-31", "cash": 5068516, "shortTermInvestments": 2119699, "netReceivables": 123650581, "inventory": 63459834, "otherCurrentAssets": 18223985, "totalCurrentAssets": 212571793, "propertyPlantEquipment": 71572369, "otherAssets": 1617603, "deferredLongTermAssetCharges": 1617603, "totalAssets": 285761765, "accountsPayable": 12890835, "otherCurrentLiab": 2986688, "otherLiab": 6030711, "totalCurrentLiabilities": 46985941, "totalLiab": 53016652, "commonStock": 62261000, "retainedEarnings": 100099378, "treasuryStock": 14057335, "capitalSurplus": 56327400, "otherStockholderEquity": 14057335, "totalStockholderEquity": 232745113, "netTangibleAssets": 232745113}, {"maxAge": 1, "endDate": "2019-03-31", "cash": 5965072, "shortTermInvestments": 4409570, "netReceivables": 128478800, "inventory": 63448752, "otherCurrentAssets": 36937998, "totalCurrentAssets": 239303942, "propertyPlantEquipment": 68746621, "otherAssets": 1355709, "deferredLongTermAssetCharges": 1355709, "totalAssets": 309406272, "accountsPayable": 12781916, "otherCurrentLiab": 1379811, "otherLiab": 5390054, "totalCurrentLiabilities": 75939559, "totalLiab": 81329613, "commonStock": 62261000, "retainedEarnings": 95430924, "treasuryStock": 14057335, "capitalSurplus": 56327400, "otherStockholderEquity": 14057335, "totalStockholderEquity": 228076659, "netTangibleAssets": 228076659}, {"maxAge": 1, "endDate": "2018-03-31", "cash": 9796883, "shortTermInvestments": 4710410, "netReceivables": 117343124, "inventory": 56682300, "otherCurrentAssets": 45141779, "totalCurrentAssets": 233738246, "propertyPlantEquipment": 58537797, "otherAssets": 2287422, "deferredLongTermAssetCharges": 2287422, "totalAssets": 294563465, "accountsPayable": 9356626, "otherCurrentLiab": 3195404, "otherLiab": 4692135, "totalCurrentLiabilities": 71475289, "totalLiab": 76167424, "commonStock": 62261000, "retainedEarnings": 85750306, "treasuryStock": 14057335, "capitalSurplus": 56327400, "otherStockholderEquity": 14057335, "totalStockholderEquity": 218396041, "netTangibleAssets": 218396041}, {"maxAge": 1, "endDate": "2017-03-31", "cash": 7296955, "shortTermInvestments": 7625747, "netReceivables": 97710035, "inventory": 52077646, "otherCurrentAssets": 49069990, "totalCurrentAssets": 213795576, "propertyPlantEquipment": 60305729, "otherAssets": -1010248, "deferredLongTermAssetCharges": -1010248, "totalAssets": 273091057, "accountsPayable": 4426157, "otherCurrentLiab": 5390371, "otherLiab": 4264677, "totalCurrentLiabilities": 58579603, "totalLiab": 62844280, "commonStock": 62261000, "retainedEarnings": 77601042, "treasuryStock": 14057335, "capitalSurplus": 56327400, "otherStockholderEquity": 14057335, "totalStockholderEquity": 210246777, "netTangibleAssets": 210246777}], "maxAge": 86400}, "financialData": {"maxAge": 86400, "currentPrice": 4.07, "recommendationKey": "none", "grossProfits": 104614197, "financialCurrency": "INR"}}}