{"RATHIBAR.BO": {"cashflowStatementHistory": {"cashflowStatements": [{"maxAge": 1, "endDate": "2020-03-31", "netIncome": 27209969, "depreciation": 57234392, "changeToNetincome": 28929978, "changeToAccountReceivables": -89554001, "changeToLiabilities": 0, "changeToInventory": -6669203, "changeToOperatingActivities": 4791055, "totalCashFromOperatingActivities": 21942190, "capitalExpenditures": -109859965, "investments": -408920, "otherCashflowsFromInvestingActivities": 1911389, "totalCashflowsFromInvestingActivities": -108357496, "netBorrowings": 125620795, "otherCashflowsFromFinancingActivities": -37202412, "totalCashFromFinancingActivities": 88418383, "changeInCash": 2003077}, {"maxAge": 1, "endDate": "2019-03-31", "netIncome": 18738649, "depreciation": 45182783, "changeToNetincome": 18095874, "changeToAccountReceivables": -93584309, "changeToLiabilities": 0, "changeToInventory": -25166687, "changeToOperatingActivities": 27907152, "totalCashFromOperatingActivities": -8826538, "capitalExpenditures": -143883446, "investments": -507155, "otherCashflowsFromInvestingActivities": 1909579, "totalCashflowsFromInvestingActivities": -139123783, "netBorrowings": 162279143, "otherCashflowsFromFinancingActivities": -13752521, "totalCashFromFinancingActivities": 148526622, "changeInCash": 576301}, {"maxAge": 1, "endDate": "2018-03-31", "netIncome": 13991016, "depreciation": 39504162, "changeToNetincome": 19998468, "changeToAccountReceivables": -20866383, "changeToLiabilities": 0, "changeToInventory": 50600865, "changeToOperatingActivities": -7169813, "totalCashFromOperatingActivities": 96058315, "capitalExpenditures": -58425737, "investments": -551600, "otherCashflowsFromInvestingActivities": 1537815, "totalCashflowsFromInvestingActivities": -57439522, "netBorrowings": -23122170, "otherCashflowsFromFinancingActivities": -18169210, "totalCashFromFinancingActivities": -41291380, "changeInCash": -2672587}, {"maxAge": 1, "endDate": "2017-03-31", "netIncome": 9701699, "depreciation": 40620977, "changeToNetincome": 17137566, "changeToAccountReceivables": 19788137, "changeToLiabilities": 0, "changeToInventory": 1008649, "changeToOperatingActivities": -114193331, "totalCashFromOperatingActivities": -25936303, "capitalExpenditures": -74237256, "investments": 115813193, "otherCashflowsFromInvestingActivities": 1760769, "totalCashflowsFromInvestingActivities": 43615098, "netBorrowings": -88037832, "otherCashflowsFromFinancingActivities": -18362442, "totalCashFromFinancingActivities": -106400274, "changeInCash": -88721479}], "maxAge": 86400}, "institutionOwnership": {"maxAge": 1, "ownershipList": []}, "balanceSheetHistoryQuarterly": {"balanceSheetStatements": [{"maxAge": 1, "endDate": "2020-06-30", "totalStockholderEquity": 823657171, "netTangibleAssets": 823657171}, {"maxAge": 1, "endDate": "2020-03-31", "cash": 3381885, "netReceivables": 616165983, "inventory": 133471365, "otherCurrentAssets": 155806133, "totalCurrentAssets": 909607942, "longTermInvestments": 6142572, "propertyPlantEquipment": 515046084, "totalAssets": 1430796598, "accountsPayable": 114863410, "shortLongTermDebt": 25683490, "otherCurrentLiab": 25814408, "longTermDebt": 53663191, "otherLiab": 45201280, "totalCurrentLiabilities": 508274956, "totalLiab": 607139427, "commonStock": 163303570, "retainedEarnings": 481782176, "capitalSurplus": 178571425, "totalStockholderEquity": 823657171, "netTangibleAssets": 823657171}, {"maxAge": 1, "endDate": "2019-12-31", "totalStockholderEquity": 816193000, "netTangibleAssets": 816193000}, {"maxAge": 1, "endDate": "2019-09-30", "cash": 1551000, "netReceivables": 755171000, "inventory": 136030000, "otherCurrentAssets": 3747000, "totalCurrentAssets": 896499000, "longTermInvestments": 5734000, "propertyPlantEquipment": 464751000, "totalAssets": 1366984000, "accountsPayable": 106969000, "shortLongTermDebt": 305617000, "otherCurrentLiab": 29516000, "longTermDebt": 59496000, "otherLiab": 45295000, "totalCurrentLiabilities": 446000000, "totalLiab": 550791000, "commonStock": 163304000, "treasuryStock": 652889000, "otherStockholderEquity": 652889000, "totalStockholderEquity": 816193000, "netTangibleAssets": 816193000}], "maxAge": 86400}, "indexTrend": {"maxAge": 1, "symbol": "SP5", "peRatio": 19.7411, "pegRatio": 1.34172, "estimates": [{"period": "0q", "growth": 0.549}, {"period": "+1q", "growth": 0.431}, {"period": "0y", "growth": 0.305}, {"period": "+1y", "growth": 0.109}, {"period": "+5y", "growth": 0.120859005}, {"period": "-5y"}]}, "insiderTransactions": {"transactions": [{"maxAge": 1, "shares": 49500, "filerUrl": "", "transactionText": "", "filerName": "Rathi (Anurag)", "filerRelation": "Wholetime Director", "moneyText": "", "startDate": "2018-02-07", "ownership": "D"}, {"maxAge": 1, "shares": 49500, "filerUrl": "", "transactionText": "", "filerName": "Rathi (Kamlesh Kumar)", "filerRelation": "Managing Director", "moneyText": "", "startDate": "2018-02-07", "ownership": "D"}, {"maxAge": 1, "shares": 49807, "filerUrl": "", "transactionText": "", "filerName": "Rathi (Uddhav)", "filerRelation": "Promoter", "moneyText": "", "startDate": "2018-02-07", "ownership": "D"}, {"maxAge": 1, "shares": 30433, "filerUrl": "", "transactionText": "", "filerName": "Rathi (Anurag)", "filerRelation": "Wholetime Director", "moneyText": "", "startDate": "2018-02-01", "ownership": "D"}, {"maxAge": 1, "shares": 29155, "filerUrl": "", "transactionText": "", "filerName": "Rathi (Kamlesh Kumar)", "filerRelation": "Managing Director", "moneyText": "", "startDate": "2018-02-01", "ownership": "D"}, {"maxAge": 1, "shares": 29952, "filerUrl": "", "transactionText": "", "filerName": "Rathi (Uddhav)", "filerRelation": "Promoter", "moneyText": "", "startDate": "2018-02-01", "ownership": "D"}, {"maxAge": 1, "shares": 33832, "filerUrl": "", "transactionText": "", "filerName": "Rathi (Anurag)", "filerRelation": "Wholetime Director", "moneyText": "", "startDate": "2018-01-25", "ownership": "D"}, {"maxAge": 1, "shares": 31534, "filerUrl": "", "transactionText": "", "filerName": "Rathi (Kamlesh Kumar)", "filerRelation": "Managing Director", "moneyText": "", "startDate": "2018-01-25", "ownership": "D"}, {"maxAge": 1, "shares": 33454, "filerUrl": "", "transactionText": "", "filerName": "Rathi (Uddhav)", "filerRelation": "Promoter", "moneyText": "", "startDate": "2018-01-25", "ownership": "D"}, {"maxAge": 1, "shares": 37882, "filerUrl": "", "transactionText": "", "filerName": "Rathi (Anurag)", "filerRelation": "Wholetime Director", "moneyText": "", "startDate": "2018-01-17", "ownership": "D"}, {"maxAge": 1, "shares": 38117, "filerUrl": "", "transactionText": "", "filerName": "Rathi (Kamlesh Kumar)", "filerRelation": "Managing Director", "moneyText": "", "startDate": "2018-01-17", "ownership": "D"}, {"maxAge": 1, "shares": 38743, "filerUrl": "", "transactionText": "", "filerName": "Rathi (Uddhav)", "filerRelation": "Promoter", "moneyText": "", "startDate": "2018-01-17", "ownership": "D"}, {"maxAge": 1, "shares": 33000, "filerUrl": "", "transactionText": "", "filerName": "Rathi (Anurag)", "filerRelation": "Wholetime Director", "moneyText": "", "startDate": "2018-01-10", "ownership": "D"}, {"maxAge": 1, "shares": 36971, "filerUrl": "", "transactionText": "", "filerName": "Rathi (Kamlesh Kumar)", "filerRelation": "Managing Director", "moneyText": "", "startDate": "2018-01-10", "ownership": "D"}, {"maxAge": 1, "shares": 33000, "filerUrl": "", "transactionText": "", "filerName": "Rathi (Uddhav)", "filerRelation": "Promoter", "moneyText": "", "startDate": "2018-01-10", "ownership": "D"}], "maxAge": 1}, "quoteType": {"exchange": "BSE", "quoteType": "EQUITY", "symbol": "RATHIBAR.BO", "underlyingSymbol": "RATHIBAR.BO", "shortName": "RATHI BARS LTD.", "longName": "Rathi Bars Limited", "firstTradeDateEpochUtc": "2007-11-23 09:15:00", "timeZoneFullName": "Asia/Kolkata", "timeZoneShortName": "IST", "uuid": "702d861b-7e23-3926-8ba6-3dccb74023b5", "messageBoardId": null, "gmtOffSetMilliseconds": 19800000, "maxAge": 1}, "incomeStatementHistory": {"incomeStatementHistory": [{"maxAge": 1, "endDate": "2020-03-31", "totalRevenue": 3830050390, "costOfRevenue": 3337850223, "grossProfit": 492200167, "researchDevelopment": {}, "sellingGeneralAdministrative": 105946180, "nonRecurring": {}, "otherOperatingExpenses": 268364023, "totalOperatingExpenses": 3769394818, "operatingIncome": 60655572, "totalOtherIncomeExpenseNet": -31918371, "ebit": 60655572, "interestExpense": -34187920, "incomeBeforeTax": 28737201, "incomeTaxExpense": 1527232, "minorityInterest": {}, "netIncomeFromContinuingOps": 27209969, "discontinuedOperations": {}, "extraordinaryItems": {}, "effectOfAccountingCharges": {}, "otherItems": {}, "netIncome": 27209969, "netIncomeApplicableToCommonShares": 27209969}, {"maxAge": 1, "endDate": "2019-03-31", "totalRevenue": 4095324078, "costOfRevenue": 3429483619, "grossProfit": 665840459, "researchDevelopment": {}, "sellingGeneralAdministrative": 110276336, "nonRecurring": {}, "otherOperatingExpenses": 470688924, "totalOperatingExpenses": 4055631662, "operatingIncome": 39692416, "totalOtherIncomeExpenseNet": -12362827, "ebit": 39692416, "interestExpense": -14871748, "incomeBeforeTax": 27329589, "incomeTaxExpense": 8590940, "minorityInterest": {}, "netIncomeFromContinuingOps": 18738649, "discontinuedOperations": {}, "extraordinaryItems": {}, "effectOfAccountingCharges": {}, "otherItems": {}, "netIncome": 18738649, "netIncomeApplicableToCommonShares": 18738649}, {"maxAge": 1, "endDate": "2018-03-31", "totalRevenue": 2466452105, "costOfRevenue": 1883078469, "grossProfit": 583373636, "researchDevelopment": {}, "sellingGeneralAdministrative": 74416767, "nonRecurring": {}, "otherOperatingExpenses": 434093798, "totalOperatingExpenses": 2431093196, "operatingIncome": 35358909, "totalOtherIncomeExpenseNet": -13777820, "ebit": 35358909, "interestExpense": -16812662, "incomeBeforeTax": 21581089, "incomeTaxExpense": 7590073, "minorityInterest": {}, "netIncomeFromContinuingOps": 13991016, "discontinuedOperations": {}, "extraordinaryItems": {}, "effectOfAccountingCharges": {}, "otherItems": {}, "netIncome": 13991016, "netIncomeApplicableToCommonShares": 13991016}, {"maxAge": 1, "endDate": "2017-03-31", "totalRevenue": 1859877885, "costOfRevenue": 1415412915, "grossProfit": 444464970, "researchDevelopment": {}, "sellingGeneralAdministrative": 31891103, "nonRecurring": {}, "otherOperatingExpenses": 341900625, "totalOperatingExpenses": 1829825620, "operatingIncome": 30052265, "totalOtherIncomeExpenseNet": -14318480, "ebit": 30052265, "interestExpense": -17529084, "incomeBeforeTax": 15733785, "incomeTaxExpense": 6032086, "minorityInterest": {}, "netIncomeFromContinuingOps": 9701699, "discontinuedOperations": {}, "extraordinaryItems": {}, "effectOfAccountingCharges": {}, "otherItems": {}, "netIncome": 9701699, "netIncomeApplicableToCommonShares": 9701699}], "maxAge": 86400}, "fundOwnership": {"maxAge": 1, "ownershipList": []}, "summaryDetail": {"maxAge": 1, "priceHint": 2, "previousClose": 18.95, "open": 19.15, "dayLow": 18.5, "dayHigh": 19.25, "regularMarketPreviousClose": 18.95, "regularMarketOpen": 19.15, "regularMarketDayLow": 18.5, "regularMarketDayHigh": 19.25, "trailingPE": 13.656227, "volume": 39167, "regularMarketVolume": 39167, "averageVolume": 56506, "averageVolume10days": 39853, "averageDailyVolume10Day": 39853, "bid": 18.75, "ask": 19.15, "bidSize": 0, "askSize": 0, "marketCap": 306195008, "fiftyTwoWeekLow": 7.05, "fiftyTwoWeekHigh": 25.35, "fiftyDayAverage": 19.235428, "twoHundredDayAverage": 13.422555, "currency": "INR", "fromCurrency": null, "toCurrency": null, "lastMarket": null, "algorithm": null, "tradeable": false}, "incomeStatementHistoryQuarterly": {"incomeStatementHistory": [{"maxAge": 1, "endDate": "2020-06-30", "totalRevenue": 428932000, "costOfRevenue": 380999000, "grossProfit": 47933000, "researchDevelopment": {}, "sellingGeneralAdministrative": 8369000, "nonRecurring": {}, "otherOperatingExpenses": 16042000, "totalOperatingExpenses": 419855000, "operatingIncome": 9077000, "totalOtherIncomeExpenseNet": -7708000, "ebit": 9077000, "interestExpense": -7848000, "incomeBeforeTax": 1369000, "incomeTaxExpense": 0, "minorityInterest": {}, "netIncomeFromContinuingOps": 1369000, "discontinuedOperations": {}, "extraordinaryItems": {}, "effectOfAccountingCharges": {}, "otherItems": {}, "netIncome": 1369000, "netIncomeApplicableToCommonShares": 1369000}, {"maxAge": 1, "endDate": "2020-03-31", "totalRevenue": 1062417390, "costOfRevenue": 981104223, "grossProfit": 81313167, "researchDevelopment": {}, "sellingGeneralAdministrative": 36831180, "nonRecurring": {}, "otherOperatingExpenses": 9427023, "totalOperatingExpenses": 1041303818, "operatingIncome": 21113572, "totalOtherIncomeExpenseNet": -13489371, "ebit": 21113572, "interestExpense": -13905920, "incomeBeforeTax": 7624201, "incomeTaxExpense": 1527232, "minorityInterest": {}, "netIncomeFromContinuingOps": 6096969, "discontinuedOperations": {}, "extraordinaryItems": {}, "effectOfAccountingCharges": {}, "otherItems": {}, "netIncome": 6096969, "netIncomeApplicableToCommonShares": 6096969}, {"maxAge": 1, "endDate": "2019-12-31", "totalRevenue": 789539000, "costOfRevenue": 675435000, "grossProfit": 114104000, "researchDevelopment": {}, "sellingGeneralAdministrative": 24030000, "nonRecurring": {}, "otherOperatingExpenses": 64304000, "totalOperatingExpenses": 779734000, "operatingIncome": 9805000, "totalOtherIncomeExpenseNet": -6463000, "ebit": 9805000, "interestExpense": -7434000, "incomeBeforeTax": 3342000, "incomeTaxExpense": 0, "minorityInterest": {}, "netIncomeFromContinuingOps": 3342000, "discontinuedOperations": {}, "extraordinaryItems": {}, "effectOfAccountingCharges": {}, "otherItems": {}, "netIncome": 3342000, "netIncomeApplicableToCommonShares": 3342000}, {"maxAge": 1, "endDate": "2019-09-30", "totalRevenue": 838905000, "costOfRevenue": 705487000, "grossProfit": 133418000, "researchDevelopment": {}, "sellingGeneralAdministrative": 20029000, "nonRecurring": {}, "otherOperatingExpenses": 81826000, "totalOperatingExpenses": 821146000, "operatingIncome": 17759000, "totalOtherIncomeExpenseNet": -5910000, "ebit": 17759000, "interestExpense": -5931000, "incomeBeforeTax": 11849000, "incomeTaxExpense": 0, "minorityInterest": {}, "netIncomeFromContinuingOps": 11849000, "discontinuedOperations": {}, "extraordinaryItems": {}, "effectOfAccountingCharges": {}, "otherItems": {}, "netIncome": 11849000, "netIncomeApplicableToCommonShares": 11849000}], "maxAge": 86400}, "cashflowStatementHistoryQuarterly": {"cashflowStatements": [{"maxAge": 1, "endDate": "2020-06-30", "netIncome": 1369000, "changeToLiabilities": 0}, {"maxAge": 1, "endDate": "2020-03-31", "netIncome": 6096969, "changeToLiabilities": 0}, {"maxAge": 1, "endDate": "2019-12-31", "netIncome": 3342000, "changeToLiabilities": 0}, {"maxAge": 1, "endDate": "2019-09-30", "netIncome": 11849000, "changeToLiabilities": 0}], "maxAge": 86400}, "insiderHolders": {"holders": [{"maxAge": 1, "name": "Rathi (Anurag)", "relation": "Wholetime Director", "url": "", "transactionDescription": "Acquisition", "latestTransDate": "2018-02-07", "positionDirect": 1216751, "positionDirectDate": "2018-02-07"}, {"maxAge": 1, "name": "Rathi (Kamlesh Kumar)", "relation": "Managing Director", "url": "", "transactionDescription": "Acquisition", "latestTransDate": "2018-02-07", "positionDirect": 818321, "positionDirectDate": "2018-02-07"}, {"maxAge": 1, "name": "Rathi (Uddhav)", "relation": "Promoter", "url": "", "transactionDescription": "Acquisition", "latestTransDate": "2018-02-07", "positionDirect": 859249, "positionDirectDate": "2018-02-07"}], "maxAge": 1}, "calendarEvents": {"maxAge": 1, "earnings": {"earningsDate": []}}, "price": {"maxAge": 1, "regularMarketChangePercent": -0.010554129, "regularMarketChange": -0.20000076, "regularMarketTime": "2021-04-30 15:25:25", "priceHint": 2, "regularMarketPrice": 18.75, "regularMarketDayHigh": 19.25, "regularMarketDayLow": 18.5, "regularMarketVolume": 39167, "averageDailyVolume10Day": 39853, "averageDailyVolume3Month": 56506, "regularMarketPreviousClose": 18.95, "regularMarketSource": "FREE_REALTIME", "regularMarketOpen": 19.15, "exchange": "BSE", "exchangeName": "BSE", "exchangeDataDelayedBy": 0, "marketState": "CLOSED", "quoteType": "EQUITY", "symbol": "RATHIBAR.BO", "underlyingSymbol": null, "shortName": "RATHI BARS LTD.", "longName": "Rathi Bars Limited", "currency": "INR", "quoteSourceName": "Delayed Quote", "currencySymbol": "\u20b9", "fromCurrency": null, "toCurrency": null, "lastMarket": null, "marketCap": 306195008}, "balanceSheetHistory": {"balanceSheetStatements": [{"maxAge": 1, "endDate": "2020-03-31", "cash": 3381885, "netReceivables": 616165983, "inventory": 133471365, "otherCurrentAssets": 155806133, "totalCurrentAssets": 909607942, "longTermInvestments": 6142572, "propertyPlantEquipment": 515046084, "totalAssets": 1430796598, "accountsPayable": 114863410, "shortLongTermDebt": 25683490, "otherCurrentLiab": 25814408, "longTermDebt": 53663191, "otherLiab": 45201280, "totalCurrentLiabilities": 508274956, "totalLiab": 607139427, "commonStock": 163303570, "retainedEarnings": 481782176, "capitalSurplus": 178571425, "totalStockholderEquity": 823657171, "netTangibleAssets": 823657171}, {"maxAge": 1, "endDate": "2019-03-31", "cash": 1378809, "netReceivables": 524535001, "inventory": 126802162, "otherCurrentAssets": 145555829, "totalCurrentAssets": 799025670, "longTermInvestments": 5733652, "propertyPlantEquipment": 462420511, "totalAssets": 1267179833, "accountsPayable": 103785654, "shortLongTermDebt": 10562783, "otherCurrentLiab": 12816790, "longTermDebt": 56829619, "otherLiab": 45270598, "totalCurrentLiabilities": 366656728, "totalLiab": 468756945, "commonStock": 163303570, "retainedEarnings": 456547893, "treasuryStock": 635119318, "capitalSurplus": 178571425, "otherStockholderEquity": 635119318, "totalStockholderEquity": 798422888, "netTangibleAssets": 798422888}, {"maxAge": 1, "endDate": "2018-03-31", "cash": 802507, "netReceivables": 432077983, "inventory": 101635475, "otherCurrentAssets": 188545700, "totalCurrentAssets": 723445286, "longTermInvestments": 5226497, "propertyPlantEquipment": 367077087, "totalAssets": 1095748870, "accountsPayable": 91119980, "shortLongTermDebt": 2149500, "otherCurrentLiab": 13629645, "longTermDebt": 11671003, "otherLiab": 42629986, "totalCurrentLiabilities": 263393162, "totalLiab": 317694151, "commonStock": 163303570, "retainedEarnings": 433620787, "treasuryStock": 2558937, "capitalSurplus": 178571425, "otherStockholderEquity": 2558937, "totalStockholderEquity": 778054719, "netTangibleAssets": 778054719}, {"maxAge": 1, "endDate": "2017-03-31", "cash": 3475094, "shortTermInvestments": 6045, "netReceivables": 413111281, "inventory": 152236340, "otherCurrentAssets": 196190089, "totalCurrentAssets": 766415031, "longTermInvestments": 4668852, "propertyPlantEquipment": 348155512, "totalAssets": 1119239395, "accountsPayable": 110113660, "shortLongTermDebt": 4921964, "otherCurrentLiab": 12363615, "longTermDebt": 13846844, "otherLiab": 38267618, "totalCurrentLiabilities": 303061230, "totalLiab": 355175692, "commonStock": 163303570, "retainedEarnings": 419629771, "treasuryStock": 2558937, "capitalSurplus": 178571425, "otherStockholderEquity": 2558937, "totalStockholderEquity": 764063703, "netTangibleAssets": 764063703}], "maxAge": 86400}, "financialData": {"maxAge": 86400, "currentPrice": 18.75, "recommendationKey": "none", "grossProfits": 492200167, "financialCurrency": "INR"}}}