{"RAUNAQEPC.BO": {"cashflowStatementHistory": {"cashflowStatements": [{"maxAge": 1, "endDate": "2020-03-31", "netIncome": -217766000, "depreciation": 16735000, "changeToNetincome": 162794000, "changeToAccountReceivables": -64400000, "changeToLiabilities": -123335000, "changeToInventory": -4682000, "changeToOperatingActivities": 223241000, "totalCashFromOperatingActivities": -6026000, "capitalExpenditures": -5814000, "otherCashflowsFromInvestingActivities": 40190000, "totalCashflowsFromInvestingActivities": 35280000, "dividendsPaid": -134000, "netBorrowings": 920000, "otherCashflowsFromFinancingActivities": -41667000, "totalCashFromFinancingActivities": -40881000, "changeInCash": -11628000}, {"maxAge": 1, "endDate": "2019-03-31", "netIncome": -46149000, "depreciation": 14517000, "changeToNetincome": 32875000, "changeToAccountReceivables": 12111000, "changeToLiabilities": 49885000, "changeToInventory": 18573000, "changeToOperatingActivities": -41045000, "totalCashFromOperatingActivities": 41709000, "capitalExpenditures": -7685000, "otherCashflowsFromInvestingActivities": 195000, "totalCashflowsFromInvestingActivities": -5763000, "dividendsPaid": -163000, "netBorrowings": 10378000, "otherCashflowsFromFinancingActivities": -45846000, "totalCashFromFinancingActivities": -35631000, "changeInCash": 314000}, {"maxAge": 1, "endDate": "2018-03-31", "netIncome": -14832000, "depreciation": 14725000, "changeToNetincome": 9887000, "changeToAccountReceivables": 82200000, "changeToLiabilities": 27416000, "changeToInventory": -37691000, "changeToOperatingActivities": -102808000, "totalCashFromOperatingActivities": -19691000, "capitalExpenditures": -17280000, "otherCashflowsFromInvestingActivities": 41061000, "totalCashflowsFromInvestingActivities": 24792000, "dividendsPaid": -141000, "netBorrowings": 12911000, "otherCashflowsFromFinancingActivities": -32317000, "totalCashFromFinancingActivities": -19547000, "changeInCash": -14445000}, {"maxAge": 1, "endDate": "2017-03-31", "netIncome": 10928000, "depreciation": 13348000, "changeToNetincome": 14185000, "changeToAccountReceivables": 84285000, "changeToLiabilities": -98183000, "changeToInventory": 21697000, "changeToOperatingActivities": -40104000, "totalCashFromOperatingActivities": 7203000, "capitalExpenditures": -6805000, "otherCashflowsFromInvestingActivities": 4947000, "totalCashflowsFromInvestingActivities": -1647000, "dividendsPaid": -4724000, "netBorrowings": 14335000, "otherCashflowsFromFinancingActivities": -32673000, "totalCashFromFinancingActivities": -23062000, "changeInCash": -17506000}], "maxAge": 86400}, "institutionOwnership": {"ownershipList": [], "maxAge": 1}, "balanceSheetHistoryQuarterly": {"balanceSheetStatements": [{"maxAge": 1, "endDate": "2020-06-30", "totalStockholderEquity": 150570000, "netTangibleAssets": 149932000}, {"maxAge": 1, "endDate": "2020-03-31", "cash": 3565000, "netReceivables": 379207000, "inventory": 51687000, "otherCurrentAssets": 71498000, "totalCurrentAssets": 510736000, "longTermInvestments": 6054000, "propertyPlantEquipment": 182416000, "intangibleAssets": 638000, "otherAssets": 64179000, "deferredLongTermAssetCharges": 18026000, "totalAssets": 764023000, "accountsPayable": 288387000, "shortLongTermDebt": 2605000, "otherCurrentLiab": 79812000, "longTermDebt": 127760000, "otherLiab": 6427000, "totalCurrentLiabilities": 479266000, "totalLiab": 613453000, "commonStock": 33432000, "retainedEarnings": 100828000, "treasuryStock": 67000, "capitalSurplus": 16243000, "otherStockholderEquity": 67000, "totalStockholderEquity": 150570000, "netTangibleAssets": 149932000}, {"maxAge": 1, "endDate": "2019-12-31", "totalStockholderEquity": 275724000, "netTangibleAssets": 274070000}, {"maxAge": 1, "endDate": "2019-09-30", "cash": 72680000, "shortTermInvestments": 86428000, "netReceivables": 182293000, "inventory": 2290000, "otherCurrentAssets": 57534000, "totalCurrentAssets": 401225000, "longTermInvestments": 20047000, "propertyPlantEquipment": 48067000, "intangibleAssets": 1654000, "otherAssets": 210602000, "deferredLongTermAssetCharges": 50683000, "totalAssets": 681595000, "accountsPayable": 190922000, "otherCurrentLiab": 128282000, "longTermDebt": 43304000, "otherLiab": 6265000, "totalCurrentLiabilities": 356302000, "totalLiab": 405871000, "commonStock": 33432000, "treasuryStock": 242292000, "otherStockholderEquity": 242292000, "totalStockholderEquity": 275724000, "netTangibleAssets": 274070000}], "maxAge": 86400}, "indexTrend": {"maxAge": 1, "symbol": "SP5", "peRatio": 19.7411, "pegRatio": 1.34172, "estimates": [{"period": "0q", "growth": 0.549}, {"period": "+1q", "growth": 0.431}, {"period": "0y", "growth": 0.305}, {"period": "+1y", "growth": 0.109}, {"period": "+5y", "growth": 0.120859005}, {"period": "-5y"}]}, "insiderTransactions": {"transactions": [{"maxAge": 1, "shares": 18712, "filerUrl": "", "transactionText": "", "filerName": "Strategic Capital Partners, L.L.C.", "filerRelation": "Institution- Corporation", "moneyText": "", "startDate": "2019-06-27", "ownership": "D"}, {"maxAge": 1, "shares": 264028, "filerUrl": "", "transactionText": "", "filerName": "Gulab Merchandise Pvt. Ltd.", "filerRelation": "Promoter", "moneyText": "", "startDate": "2018-06-15", "ownership": "D"}, {"maxAge": 1, "shares": 500000, "filerUrl": "", "transactionText": "", "filerName": "Gulab Merchandise Pvt. Ltd.", "filerRelation": "Promoter", "moneyText": "", "startDate": "2018-06-15", "ownership": "D"}, {"maxAge": 1, "shares": 400000, "filerUrl": "", "transactionText": "", "filerName": "Gulab Merchandise Pvt. Ltd.", "filerRelation": "Promoter", "moneyText": "", "startDate": "2016-11-30", "ownership": "D"}, {"maxAge": 1, "shares": 400000, "filerUrl": "", "transactionText": "", "filerName": "Kanwar (Surinder P)", "filerRelation": "Executive Chairman", "moneyText": "", "startDate": "2016-11-30", "ownership": "D"}, {"maxAge": 1, "shares": 73700, "filerUrl": "", "transactionText": "", "filerName": "Gulab Merchandise Pvt. Ltd.", "filerRelation": "Promoter", "moneyText": "", "startDate": "2014-09-03", "ownership": "D"}, {"maxAge": 1, "shares": 73700, "filerUrl": "", "transactionText": "", "filerName": "Kanwar (Surinder P)", "filerRelation": "Executive Chairman", "moneyText": "", "startDate": "2014-09-03", "ownership": "D"}, {"maxAge": 1, "shares": 74000, "filerUrl": "", "transactionText": "", "filerName": "Gulab Merchandise Pvt. Ltd.", "filerRelation": "Promoter", "moneyText": "", "startDate": "2014-08-20", "ownership": "D"}, {"maxAge": 1, "shares": 74000, "filerUrl": "", "transactionText": "", "filerName": "Kanwar (Surinder P)", "filerRelation": "Executive Chairman", "moneyText": "", "startDate": "2014-08-20", "ownership": "D"}, {"maxAge": 1, "shares": 71000, "filerUrl": "", "transactionText": "", "filerName": "Gulab Merchandise Pvt. Ltd.", "filerRelation": "Promoter", "moneyText": "", "startDate": "2014-08-18", "ownership": "D"}, {"maxAge": 1, "shares": 71000, "filerUrl": "", "transactionText": "", "filerName": "Kanwar (Surinder P)", "filerRelation": "Executive Chairman", "moneyText": "", "startDate": "2014-08-18", "ownership": "D"}], "maxAge": 1}, "quoteType": {"exchange": "BSE", "quoteType": "EQUITY", "symbol": "RAUNAQEPC.BO", "underlyingSymbol": "RAUNAQEPC.BO", "shortName": "Raunaq EPC International Limit", "longName": "Raunaq EPC International Limited", "firstTradeDateEpochUtc": "2014-03-21 09:15:00", "timeZoneFullName": "Asia/Kolkata", "timeZoneShortName": "IST", "uuid": "8affe597-2c66-39a8-a8d1-6034bf5f7f9b", "gmtOffSetMilliseconds": 19800000, "maxAge": 1}, "incomeStatementHistory": {"incomeStatementHistory": [{"maxAge": 1, "endDate": "2020-03-31", "totalRevenue": 616761000, "costOfRevenue": 362345000, "grossProfit": 254416000, "researchDevelopment": {}, "sellingGeneralAdministrative": 100189000, "nonRecurring": {}, "otherOperatingExpenses": 155968000, "totalOperatingExpenses": 761256000, "operatingIncome": -144495000, "totalOtherIncomeExpenseNet": -44154000, "ebit": -144495000, "interestExpense": -29362000, "incomeBeforeTax": -188649000, "incomeTaxExpense": 29117000, "minorityInterest": {}, "netIncomeFromContinuingOps": -217766000, "discontinuedOperations": {}, "extraordinaryItems": {}, "effectOfAccountingCharges": {}, "otherItems": {}, "netIncome": -217766000, "netIncomeApplicableToCommonShares": -217766000}, {"maxAge": 1, "endDate": "2019-03-31", "totalRevenue": 928169000, "costOfRevenue": 623317000, "grossProfit": 304852000, "researchDevelopment": {}, "sellingGeneralAdministrative": 134070000, "nonRecurring": {}, "otherOperatingExpenses": 178736000, "totalOperatingExpenses": 952999000, "operatingIncome": -24830000, "totalOtherIncomeExpenseNet": -29577000, "ebit": -24830000, "interestExpense": -29384000, "incomeBeforeTax": -54407000, "incomeTaxExpense": -8258000, "minorityInterest": {}, "netIncomeFromContinuingOps": -46149000, "discontinuedOperations": {}, "extraordinaryItems": {}, "effectOfAccountingCharges": {}, "otherItems": {}, "netIncome": -46149000, "netIncomeApplicableToCommonShares": -46149000}, {"maxAge": 1, "endDate": "2018-03-31", "totalRevenue": 747515000, "costOfRevenue": 391434000, "grossProfit": 356081000, "researchDevelopment": {}, "sellingGeneralAdministrative": 125940000, "nonRecurring": {}, "otherOperatingExpenses": 234898000, "totalOperatingExpenses": 768408000, "operatingIncome": -20893000, "totalOtherIncomeExpenseNet": 915000, "ebit": -20893000, "interestExpense": -17867000, "incomeBeforeTax": -19978000, "incomeTaxExpense": -5146000, "minorityInterest": {}, "netIncomeFromContinuingOps": -14832000, "discontinuedOperations": {}, "extraordinaryItems": {}, "effectOfAccountingCharges": {}, "otherItems": {}, "netIncome": -14832000, "netIncomeApplicableToCommonShares": -14832000}, {"maxAge": 1, "endDate": "2017-03-31", "totalRevenue": 784058000, "costOfRevenue": 344236000, "grossProfit": 439822000, "researchDevelopment": {}, "sellingGeneralAdministrative": 127599000, "nonRecurring": {}, "otherOperatingExpenses": 287545000, "totalOperatingExpenses": 773775000, "operatingIncome": 10283000, "totalOtherIncomeExpenseNet": -529000, "ebit": 10283000, "interestExpense": -13235000, "incomeBeforeTax": 9754000, "incomeTaxExpense": -1174000, "minorityInterest": {}, "netIncomeFromContinuingOps": 10928000, "discontinuedOperations": {}, "extraordinaryItems": {}, "effectOfAccountingCharges": {}, "otherItems": {}, "netIncome": 10928000, "netIncomeApplicableToCommonShares": 10928000}], "maxAge": 86400}, "fundOwnership": {"ownershipList": [], "maxAge": 1}, "summaryDetail": {"maxAge": 1, "priceHint": 2, "previousClose": 21.85, "open": 21.9, "dayLow": 21.9, "dayHigh": 21.9, "regularMarketPreviousClose": 21.85, "regularMarketOpen": 21.9, "regularMarketDayLow": 21.9, "regularMarketDayHigh": 21.9, "volume": 250, "regularMarketVolume": 250, "averageVolume": 1106, "averageVolume10days": 3686, "averageDailyVolume10Day": 3686, "bid": 0.0, "ask": 20.8, "bidSize": 0, "askSize": 0, "marketCap": 73216952, "fiftyTwoWeekLow": 18.3, "fiftyTwoWeekHigh": 41.5, "fiftyDayAverage": 23.30606, "twoHundredDayAverage": 22.641912, "currency": "INR", "fromCurrency": null, "lastMarket": null, "algorithm": null, "tradeable": false}, "incomeStatementHistoryQuarterly": {"incomeStatementHistory": [{"maxAge": 1, "endDate": "2020-06-30", "totalRevenue": 64763000, "costOfRevenue": 43943000, "grossProfit": 20820000, "researchDevelopment": {}, "sellingGeneralAdministrative": 13399000, "nonRecurring": {}, "otherOperatingExpenses": 11735000, "totalOperatingExpenses": 73954000, "operatingIncome": -9191000, "totalOtherIncomeExpenseNet": 1571000, "ebit": -9191000, "interestExpense": -7289000, "incomeBeforeTax": -7620000, "incomeTaxExpense": 260000, "minorityInterest": {}, "netIncomeFromContinuingOps": -7880000, "discontinuedOperations": {}, "extraordinaryItems": {}, "effectOfAccountingCharges": {}, "otherItems": {}, "netIncome": -7880000, "netIncomeApplicableToCommonShares": -7880000}, {"maxAge": 1, "endDate": "2020-03-31", "totalRevenue": 177210000, "costOfRevenue": 84497000, "grossProfit": 92713000, "researchDevelopment": {}, "sellingGeneralAdministrative": 28254000, "nonRecurring": {}, "otherOperatingExpenses": 90027000, "totalOperatingExpenses": 332363000, "operatingIncome": -155153000, "totalOtherIncomeExpenseNet": 143818000, "ebit": -155153000, "interestExpense": -7289000, "incomeBeforeTax": -11335000, "incomeTaxExpense": 69893000, "minorityInterest": {}, "netIncomeFromContinuingOps": -81228000, "discontinuedOperations": {}, "extraordinaryItems": {}, "effectOfAccountingCharges": {}, "otherItems": {}, "netIncome": -81228000, "netIncomeApplicableToCommonShares": -81228000}, {"maxAge": 1, "endDate": "2019-12-31", "totalRevenue": 149357000, "costOfRevenue": 93138000, "grossProfit": 56219000, "researchDevelopment": {}, "sellingGeneralAdministrative": 22853000, "nonRecurring": {}, "otherOperatingExpenses": 24692000, "totalOperatingExpenses": 145215000, "operatingIncome": 4142000, "totalOtherIncomeExpenseNet": -8969000, "ebit": 4142000, "interestExpense": -8970000, "incomeBeforeTax": -4827000, "incomeTaxExpense": 6736000, "minorityInterest": {}, "netIncomeFromContinuingOps": -11563000, "discontinuedOperations": {}, "extraordinaryItems": {}, "effectOfAccountingCharges": {}, "otherItems": {}, "netIncome": -11563000, "netIncomeApplicableToCommonShares": -11563000}, {"maxAge": 1, "endDate": "2019-09-30", "totalRevenue": 126107000, "costOfRevenue": 93491000, "grossProfit": 32616000, "researchDevelopment": {}, "sellingGeneralAdministrative": 23901000, "nonRecurring": {}, "otherOperatingExpenses": 24728000, "totalOperatingExpenses": 146479000, "operatingIncome": -20372000, "totalOtherIncomeExpenseNet": -21311000, "ebit": -20372000, "interestExpense": -13261000, "incomeBeforeTax": -41683000, "incomeTaxExpense": -8811000, "minorityInterest": {}, "netIncomeFromContinuingOps": -32872000, "discontinuedOperations": {}, "extraordinaryItems": {}, "effectOfAccountingCharges": {}, "otherItems": {}, "netIncome": -32872000, "netIncomeApplicableToCommonShares": -32872000}], "maxAge": 86400}, "cashflowStatementHistoryQuarterly": {"cashflowStatements": [{"maxAge": 1, "endDate": "2020-06-30", "netIncome": -7880000, "changeToLiabilities": 0}, {"maxAge": 1, "endDate": "2020-03-31", "netIncome": -81228000, "changeToLiabilities": 0}, {"maxAge": 1, "endDate": "2019-12-31", "netIncome": -11563000, "changeToLiabilities": 0}, {"maxAge": 1, "endDate": "2019-09-30", "netIncome": -32872000, "changeToLiabilities": 0}], "maxAge": 86400}, "insiderHolders": {"holders": [{"maxAge": 1, "name": "Gulab Merchandise Pvt. Ltd.", "relation": "Promoter", "url": "", "transactionDescription": "Sale", "latestTransDate": "2018-06-15", "positionDirect": 408853, "positionDirectDate": "2018-06-15"}, {"maxAge": 1, "name": "Kanwar (Surinder P)", "relation": "Executive Chairman", "url": "", "transactionDescription": "Other", "latestTransDate": "2016-11-30", "positionDirect": 1466695, "positionDirectDate": "2016-11-30"}, {"maxAge": 1, "name": "Strategic Capital Partners, L.L.C.", "relation": "Institution- Corporation", "url": "", "transactionDescription": "Sale", "latestTransDate": "2019-06-27", "positionDirect": 245316, "positionDirectDate": "2019-06-27"}], "maxAge": 1}, "calendarEvents": {"maxAge": 1, "earnings": {"earningsDate": []}}, "upgradeDowngradeHistory": {"history": [], "maxAge": 86400}, "price": {"maxAge": 1, "regularMarketChangePercent": 0.0022882945, "regularMarketChange": 0.049999237, "regularMarketTime": "2021-04-30 09:37:43", "priceHint": 2, "regularMarketPrice": 21.9, "regularMarketDayHigh": 21.9, "regularMarketDayLow": 21.9, "regularMarketVolume": 250, "averageDailyVolume10Day": 3686, "averageDailyVolume3Month": 1106, "regularMarketPreviousClose": 21.85, "regularMarketSource": "FREE_REALTIME", "regularMarketOpen": 21.9, "exchange": "BSE", "exchangeName": "BSE", "exchangeDataDelayedBy": 0, "marketState": "CLOSED", "quoteType": "EQUITY", "symbol": "RAUNAQEPC.BO", "underlyingSymbol": null, "shortName": "Raunaq EPC International Limit", "longName": "Raunaq EPC International Limited", "currency": "INR", "quoteSourceName": "Delayed Quote", "currencySymbol": "\u20b9", "fromCurrency": null, "lastMarket": null, "marketCap": 73216952}, "balanceSheetHistory": {"balanceSheetStatements": [{"maxAge": 1, "endDate": "2020-03-31", "cash": 3565000, "netReceivables": 379207000, "inventory": 51687000, "otherCurrentAssets": 71498000, "totalCurrentAssets": 510736000, "longTermInvestments": 6054000, "propertyPlantEquipment": 182416000, "intangibleAssets": 638000, "otherAssets": 64179000, "deferredLongTermAssetCharges": 18026000, "totalAssets": 764023000, "accountsPayable": 288387000, "shortLongTermDebt": 2605000, "otherCurrentLiab": 79812000, "longTermDebt": 127760000, "otherLiab": 6427000, "totalCurrentLiabilities": 479266000, "totalLiab": 613453000, "commonStock": 33432000, "retainedEarnings": 100828000, "treasuryStock": 67000, "capitalSurplus": 16243000, "otherStockholderEquity": 67000, "totalStockholderEquity": 150570000, "netTangibleAssets": 149932000}, {"maxAge": 1, "endDate": "2019-03-31", "cash": 15059000, "netReceivables": 363377000, "inventory": 47005000, "otherCurrentAssets": 121023000, "totalCurrentAssets": 556231000, "longTermInvestments": 49949000, "propertyPlantEquipment": 149175000, "intangibleAssets": 1918000, "otherAssets": 304423000, "deferredLongTermAssetCharges": 47147000, "totalAssets": 1061696000, "accountsPayable": 411720000, "shortLongTermDebt": 2291000, "otherCurrentLiab": 70271000, "longTermDebt": 57636000, "otherLiab": 7696000, "totalCurrentLiabilities": 629158000, "totalLiab": 694490000, "commonStock": 33432000, "retainedEarnings": 317464000, "treasuryStock": 67000, "capitalSurplus": 16243000, "otherStockholderEquity": 67000, "totalStockholderEquity": 367206000, "netTangibleAssets": 365288000}, {"maxAge": 1, "endDate": "2018-03-31", "cash": 14582000, "netReceivables": 373334000, "inventory": 65575000, "otherCurrentAssets": 72623000, "totalCurrentAssets": 538141000, "longTermInvestments": 49348000, "propertyPlantEquipment": 158256000, "intangibleAssets": 2783000, "otherAssets": 306332000, "deferredLongTermAssetCharges": 39462000, "totalAssets": 1054860000, "accountsPayable": 361835000, "shortLongTermDebt": 2412000, "otherCurrentLiab": 100031000, "longTermDebt": 20427000, "otherLiab": 11898000, "totalCurrentLiabilities": 610815000, "totalLiab": 643140000, "commonStock": 33432000, "retainedEarnings": 361978000, "treasuryStock": 67000, "capitalSurplus": 16243000, "otherStockholderEquity": 67000, "totalStockholderEquity": 411720000, "netTangibleAssets": 408937000}, {"maxAge": 1, "endDate": "2017-03-31", "cash": 28887000, "netReceivables": 459163000, "inventory": 27887000, "otherCurrentAssets": 103699000, "totalCurrentAssets": 631796000, "longTermInvestments": 33930000, "propertyPlantEquipment": 158385000, "intangibleAssets": 4196000, "otherAssets": 141854000, "deferredLongTermAssetCharges": 34072000, "totalAssets": 970161000, "accountsPayable": 331885000, "shortLongTermDebt": 4115000, "otherCurrentLiab": 60888000, "longTermDebt": 12797000, "otherLiab": 11969000, "totalCurrentLiabilities": 520948000, "totalLiab": 545714000, "commonStock": 33432000, "retainedEarnings": 374705000, "treasuryStock": 67000, "capitalSurplus": 16243000, "otherStockholderEquity": 67000, "totalStockholderEquity": 424447000, "netTangibleAssets": 420251000}], "maxAge": 86400}, "financialData": {"maxAge": 86400, "currentPrice": 21.9, "recommendationKey": "none", "grossProfits": 254416000, "financialCurrency": "INR"}}}