{"RAVALSUGAR.BO": {"cashflowStatementHistory": {"cashflowStatements": [{"maxAge": 1, "endDate": "2019-03-31", "netIncome": 199277000, "depreciation": 9645000, "changeToNetincome": -284646000, "changeToAccountReceivables": 396000, "changeToLiabilities": -4498000, "changeToInventory": 20431000, "changeToOperatingActivities": -1549000, "totalCashFromOperatingActivities": -60930000, "capitalExpenditures": -1406000, "investments": -410000, "otherCashflowsFromInvestingActivities": 1105000, "totalCashflowsFromInvestingActivities": 296895000, "netBorrowings": -218032000, "otherCashflowsFromFinancingActivities": -18341000, "totalCashFromFinancingActivities": -236373000, "changeInCash": -408000}, {"maxAge": 1, "endDate": "2018-03-31", "netIncome": -37195000, "depreciation": 16873000, "changeToNetincome": -477000, "changeToAccountReceivables": 266000, "changeToLiabilities": -5662000, "changeToInventory": -7366000, "changeToOperatingActivities": -3557000, "totalCashFromOperatingActivities": -36838000, "capitalExpenditures": -1406000, "investments": -410000, "otherCashflowsFromInvestingActivities": 24000, "totalCashflowsFromInvestingActivities": 24645000, "dividendsPaid": -108000, "netBorrowings": 38162000, "otherCashflowsFromFinancingActivities": -26568000, "totalCashFromFinancingActivities": 11486000, "changeInCash": -708000}, {"maxAge": 1, "endDate": "2017-03-31", "netIncome": -76090000, "depreciation": 18477000, "changeToNetincome": 23332000, "changeToAccountReceivables": 6848000, "changeToLiabilities": -9204000, "changeToInventory": 38190000, "changeToOperatingActivities": -3557000, "totalCashFromOperatingActivities": 1553000, "capitalExpenditures": -3000, "investments": -410000, "otherCashflowsFromInvestingActivities": 136000, "totalCashflowsFromInvestingActivities": 1114000, "dividendsPaid": -133000, "netBorrowings": 20389000, "otherCashflowsFromFinancingActivities": -24366000, "totalCashFromFinancingActivities": -4110000, "changeInCash": -1443000}, {"maxAge": 1, "endDate": "2016-03-31", "netIncome": 49243000, "depreciation": 19746000, "changeToNetincome": 37919000, "changeToAccountReceivables": 1765000, "changeToLiabilities": -34551000, "changeToInventory": 102464000, "changeToOperatingActivities": -3557000, "totalCashFromOperatingActivities": 176959000, "capitalExpenditures": -38000, "investments": -410000, "otherCashflowsFromInvestingActivities": 942000, "totalCashflowsFromInvestingActivities": 3790000, "dividendsPaid": -78000, "netBorrowings": -141245000, "otherCashflowsFromFinancingActivities": -38383000, "totalCashFromFinancingActivities": -179706000, "changeInCash": 1043000}], "maxAge": 86400}, "institutionOwnership": {"maxAge": 1, "ownershipList": []}, "balanceSheetHistoryQuarterly": {"balanceSheetStatements": [{"maxAge": 1, "endDate": "2020-06-30"}, {"maxAge": 1, "endDate": "2019-12-31", "totalStockholderEquity": 72537000, "netTangibleAssets": 72537000}, {"maxAge": 1, "endDate": "2019-09-30", "cash": 1725000, "shortTermInvestments": 209000, "netReceivables": 10190000, "inventory": 27535000, "otherCurrentAssets": 2775000, "totalCurrentAssets": 42434000, "longTermInvestments": 2741000, "propertyPlantEquipment": 111808000, "otherAssets": 51297000, "deferredLongTermAssetCharges": 45896000, "totalAssets": 208280000, "accountsPayable": 17973000, "otherCurrentLiab": 29994000, "otherLiab": 763000, "totalCurrentLiabilities": 134980000, "totalLiab": 135743000, "commonStock": 3400000, "treasuryStock": 69137000, "otherStockholderEquity": 69137000, "totalStockholderEquity": 72537000, "netTangibleAssets": 72537000}, {"maxAge": 1, "endDate": "2019-06-30", "totalStockholderEquity": 87814000, "netTangibleAssets": 87814000}], "maxAge": 86400}, "indexTrend": {"maxAge": 1, "symbol": "SP5", "peRatio": 19.7411, "pegRatio": 1.34172, "estimates": [{"period": "0q", "growth": 0.549}, {"period": "+1q", "growth": 0.431}, {"period": "0y", "growth": 0.305}, {"period": "+1y", "growth": 0.109}, {"period": "+5y", "growth": 0.120859005}, {"period": "-5y"}]}, "quoteType": {"exchange": "BSE", "quoteType": "EQUITY", "symbol": "RAVALSUGAR.BO", "underlyingSymbol": "RAVALSUGAR.BO", "shortName": "RAVALGAON SUGAR FARM LTD.", "longName": "The Ravalgaon Sugar Farm Limited", "firstTradeDateEpochUtc": "2000-12-13 09:15:00", "timeZoneFullName": "Asia/Kolkata", "timeZoneShortName": "IST", "uuid": "d37d3ae4-6ae5-3d0d-97f1-2f5c77a271ae", "messageBoardId": null, "gmtOffSetMilliseconds": 19800000, "maxAge": 1}, "incomeStatementHistory": {"incomeStatementHistory": [{"maxAge": 1, "endDate": "2019-03-31", "totalRevenue": 112688000, "costOfRevenue": 61207000, "grossProfit": 51481000, "researchDevelopment": {}, "sellingGeneralAdministrative": 62114000, "nonRecurring": {}, "otherOperatingExpenses": 42927000, "totalOperatingExpenses": 175907000, "operatingIncome": -63219000, "totalOtherIncomeExpenseNet": 228709000, "ebit": -63219000, "interestExpense": -17885000, "incomeBeforeTax": 165490000, "incomeTaxExpense": -33787000, "minorityInterest": {}, "netIncomeFromContinuingOps": 199277000, "discontinuedOperations": {}, "extraordinaryItems": {}, "effectOfAccountingCharges": {}, "otherItems": {}, "netIncome": 199277000, "netIncomeApplicableToCommonShares": 199277000}, {"maxAge": 1, "endDate": "2018-03-31", "totalRevenue": 109066000, "costOfRevenue": 48012000, "grossProfit": 61054000, "researchDevelopment": {}, "sellingGeneralAdministrative": 42906000, "nonRecurring": {}, "otherOperatingExpenses": 43134000, "totalOperatingExpenses": 151205000, "operatingIncome": -42139000, "totalOtherIncomeExpenseNet": 181000, "ebit": -42139000, "interestExpense": -26182000, "incomeBeforeTax": -41958000, "incomeTaxExpense": -4763000, "minorityInterest": {}, "netIncomeFromContinuingOps": -37195000, "discontinuedOperations": {}, "extraordinaryItems": {}, "effectOfAccountingCharges": {}, "otherItems": {}, "netIncome": -37195000, "netIncomeApplicableToCommonShares": -37195000}, {"maxAge": 1, "endDate": "2017-03-31", "totalRevenue": 129094000, "costOfRevenue": 81978000, "grossProfit": 47116000, "researchDevelopment": {}, "sellingGeneralAdministrative": 44373000, "nonRecurring": {}, "otherOperatingExpenses": 42666000, "totalOperatingExpenses": 187494000, "operatingIncome": -58400000, "totalOtherIncomeExpenseNet": -18081000, "ebit": -58400000, "interestExpense": -23842000, "incomeBeforeTax": -76481000, "incomeTaxExpense": -391000, "minorityInterest": {}, "netIncomeFromContinuingOps": -76090000, "discontinuedOperations": {}, "extraordinaryItems": {}, "effectOfAccountingCharges": {}, "otherItems": {}, "netIncome": -76090000, "netIncomeApplicableToCommonShares": -76090000}, {"maxAge": 1, "endDate": "2016-03-31", "totalRevenue": 184929000, "costOfRevenue": 141691000, "grossProfit": 43238000, "researchDevelopment": {}, "sellingGeneralAdministrative": 49651000, "nonRecurring": {}, "otherOperatingExpenses": 48964000, "totalOperatingExpenses": 260425000, "operatingIncome": -75496000, "totalOtherIncomeExpenseNet": 123087000, "ebit": -75496000, "interestExpense": -36999000, "incomeBeforeTax": 47591000, "incomeTaxExpense": -1652000, "minorityInterest": {}, "netIncomeFromContinuingOps": 49243000, "discontinuedOperations": {}, "extraordinaryItems": {}, "effectOfAccountingCharges": {}, "otherItems": {}, "netIncome": 49243000, "netIncomeApplicableToCommonShares": 49243000}], "maxAge": 86400}, "fundOwnership": {"maxAge": 1, "ownershipList": []}, "summaryDetail": {"maxAge": 1, "priceHint": 2, "previousClose": 1740.0, "open": 1801.0, "dayLow": 1801.0, "dayHigh": 1827.0, "regularMarketPreviousClose": 1740.0, "regularMarketOpen": 1801.0, "regularMarketDayLow": 1801.0, "regularMarketDayHigh": 1827.0, "volume": 43, "regularMarketVolume": 43, "averageVolume": 25, "averageVolume10days": 37, "averageDailyVolume10Day": 37, "bid": 1802.1, "ask": 0.0, "bidSize": 0, "askSize": 0, "marketCap": 122536000, "fiftyTwoWeekLow": 1167.3, "fiftyTwoWeekHigh": 2245.0, "fiftyDayAverage": 1771.3029, "twoHundredDayAverage": 1738.2692, "currency": "INR", "fromCurrency": null, "toCurrency": null, "lastMarket": null, "algorithm": null, "tradeable": false}, "incomeStatementHistoryQuarterly": {"incomeStatementHistory": [{"maxAge": 1, "endDate": "2020-06-30", "totalRevenue": 6109000, "costOfRevenue": 6360000, "grossProfit": -251000, "researchDevelopment": {}, "sellingGeneralAdministrative": 4101000, "nonRecurring": {}, "otherOperatingExpenses": 3222000, "totalOperatingExpenses": 14191000, "operatingIncome": -8082000, "totalOtherIncomeExpenseNet": -2958000, "ebit": -8082000, "interestExpense": -2985000, "incomeBeforeTax": -11040000, "incomeTaxExpense": 0, "minorityInterest": {}, "netIncomeFromContinuingOps": -11040000, "discontinuedOperations": {}, "extraordinaryItems": {}, "effectOfAccountingCharges": {}, "otherItems": {}, "netIncome": -11040000, "netIncomeApplicableToCommonShares": -11040000}, {"maxAge": 1, "endDate": "2019-12-31", "totalRevenue": 26674000, "costOfRevenue": 14701000, "grossProfit": 11973000, "researchDevelopment": {}, "sellingGeneralAdministrative": 10588000, "nonRecurring": {}, "otherOperatingExpenses": 8928000, "totalOperatingExpenses": 34725000, "operatingIncome": -8051000, "totalOtherIncomeExpenseNet": -2435000, "ebit": -8051000, "interestExpense": -2519000, "incomeBeforeTax": -10486000, "incomeTaxExpense": -142000, "minorityInterest": {}, "netIncomeFromContinuingOps": -10344000, "discontinuedOperations": {}, "extraordinaryItems": {}, "effectOfAccountingCharges": {}, "otherItems": {}, "netIncome": -10344000, "netIncomeApplicableToCommonShares": -10344000}, {"maxAge": 1, "endDate": "2019-09-30", "totalRevenue": 29134000, "costOfRevenue": 13505000, "grossProfit": 15629000, "researchDevelopment": {}, "sellingGeneralAdministrative": 10503000, "nonRecurring": {}, "otherOperatingExpenses": 11723000, "totalOperatingExpenses": 36239000, "operatingIncome": -7105000, "totalOtherIncomeExpenseNet": -9605000, "ebit": -7105000, "interestExpense": -2218000, "incomeBeforeTax": -16710000, "incomeTaxExpense": 0, "minorityInterest": {}, "netIncomeFromContinuingOps": -16710000, "discontinuedOperations": {}, "extraordinaryItems": {}, "effectOfAccountingCharges": {}, "otherItems": {}, "netIncome": -16710000, "netIncomeApplicableToCommonShares": -16710000}, {"maxAge": 1, "endDate": "2019-06-30", "totalRevenue": 24275000, "costOfRevenue": 11931000, "grossProfit": 12344000, "researchDevelopment": {}, "sellingGeneralAdministrative": 10692000, "nonRecurring": {}, "otherOperatingExpenses": 15447000, "totalOperatingExpenses": 38578000, "operatingIncome": -14303000, "totalOtherIncomeExpenseNet": -1214000, "ebit": -14303000, "interestExpense": -1507000, "incomeBeforeTax": -15517000, "incomeTaxExpense": 0, "minorityInterest": {}, "netIncomeFromContinuingOps": -15517000, "discontinuedOperations": {}, "extraordinaryItems": {}, "effectOfAccountingCharges": {}, "otherItems": {}, "netIncome": -15517000, "netIncomeApplicableToCommonShares": -15517000}], "maxAge": 86400}, "cashflowStatementHistoryQuarterly": {"cashflowStatements": [{"maxAge": 1, "endDate": "2020-06-30", "netIncome": -11040000, "changeToLiabilities": 0}, {"maxAge": 1, "endDate": "2019-12-31", "netIncome": -10344000, "changeToLiabilities": 0}, {"maxAge": 1, "endDate": "2019-09-30", "netIncome": -16710000, "changeToLiabilities": 0}, {"maxAge": 1, "endDate": "2019-06-30", "netIncome": -15517000, "changeToLiabilities": 0}], "maxAge": 86400}, "insiderHolders": {"holders": [], "maxAge": 1}, "calendarEvents": {"maxAge": 1, "earnings": {"earningsDate": []}}, "price": {"maxAge": 1, "regularMarketChangePercent": 0.035632186, "regularMarketChange": 62.0, "regularMarketTime": "2021-04-30 14:16:34", "priceHint": 2, "regularMarketPrice": 1802.0, "regularMarketDayHigh": 1827.0, "regularMarketDayLow": 1801.0, "regularMarketVolume": 43, "averageDailyVolume10Day": 37, "averageDailyVolume3Month": 25, "regularMarketPreviousClose": 1740.0, "regularMarketSource": "FREE_REALTIME", "regularMarketOpen": 1801.0, "exchange": "BSE", "exchangeName": "BSE", "exchangeDataDelayedBy": 0, "marketState": "CLOSED", "quoteType": "EQUITY", "symbol": "RAVALSUGAR.BO", "underlyingSymbol": null, "shortName": "RAVALGAON SUGAR FARM LTD.", "longName": "The Ravalgaon Sugar Farm Limited", "currency": "INR", "quoteSourceName": "Delayed Quote", "currencySymbol": "\u20b9", "fromCurrency": null, "toCurrency": null, "lastMarket": null, "marketCap": 122536000}, "balanceSheetHistory": {"balanceSheetStatements": [{"maxAge": 1, "endDate": "2019-03-31", "cash": 1026000, "shortTermInvestments": 209000, "netReceivables": 10535000, "inventory": 30854000, "otherCurrentAssets": 2490000, "totalCurrentAssets": 45548000, "longTermInvestments": 2741000, "propertyPlantEquipment": 112716000, "intangibleAssets": 108000, "otherAssets": 51008000, "deferredLongTermAssetCharges": 45896000, "totalAssets": 212121000, "accountsPayable": 14860000, "shortLongTermDebt": 7656000, "otherCurrentLiab": 22497000, "longTermDebt": 565000, "otherLiab": 762000, "totalCurrentLiabilities": 106030000, "totalLiab": 107357000, "commonStock": 3400000, "retainedEarnings": 97364000, "treasuryStock": 4000000, "otherStockholderEquity": 4000000, "totalStockholderEquity": 104764000, "netTangibleAssets": 104656000}, {"maxAge": 1, "endDate": "2018-03-31", "cash": 1541000, "netReceivables": 18595000, "inventory": 51285000, "otherCurrentAssets": 2946000, "totalCurrentAssets": 74799000, "longTermInvestments": 2741000, "propertyPlantEquipment": 172909000, "intangibleAssets": 122000, "otherAssets": -19862000, "deferredLongTermAssetCharges": -25390000, "totalAssets": 230709000, "accountsPayable": 19358000, "shortLongTermDebt": 12223000, "otherCurrentLiab": 24841000, "longTermDebt": 7413000, "otherLiab": 724000, "totalCurrentLiabilities": 317085000, "totalLiab": 325222000, "commonStock": 3400000, "retainedEarnings": -101913000, "treasuryStock": 4000000, "otherStockholderEquity": 4000000, "totalStockholderEquity": -94513000, "netTangibleAssets": -94635000}, {"maxAge": 1, "endDate": "2017-03-31", "cash": 2269000, "netReceivables": 25260000, "inventory": 43919000, "totalCurrentAssets": 71448000, "longTermInvestments": 2741000, "propertyPlantEquipment": 190999000, "intangibleAssets": 297000, "otherAssets": 4959000, "totalAssets": 270444000, "accountsPayable": 22074000, "shortLongTermDebt": 15614000, "otherCurrentLiab": 31012000, "longTermDebt": 20492000, "otherLiab": 32886000, "totalCurrentLiabilities": 275505000, "totalLiab": 328883000, "commonStock": 3400000, "retainedEarnings": -65839000, "treasuryStock": 4000000, "otherStockholderEquity": 4000000, "totalStockholderEquity": -58439000, "netTangibleAssets": -58736000}, {"maxAge": 1, "endDate": "2016-03-31", "cash": 3692000, "netReceivables": 3791000, "inventory": 82109000, "otherCurrentAssets": 20960000, "totalCurrentAssets": 111280000, "longTermInvestments": 2741000, "propertyPlantEquipment": 209932000, "intangibleAssets": 297000, "otherAssets": 11624000, "totalAssets": 335874000, "accountsPayable": 14245000, "shortLongTermDebt": 30817000, "otherCurrentLiab": 32048000, "longTermDebt": 32328000, "otherLiab": 33088000, "totalCurrentLiabilities": 252807000, "totalLiab": 318223000, "commonStock": 3400000, "retainedEarnings": 10251000, "treasuryStock": 4000000, "otherStockholderEquity": 4000000, "totalStockholderEquity": 17651000, "netTangibleAssets": 17354000}], "maxAge": 86400}, "financialData": {"maxAge": 86400, "currentPrice": 1802.0, "recommendationKey": "none", "grossProfits": 51481000, "financialCurrency": "INR"}}}