{"RAYALEMA.BO": {"cashflowStatementHistory": {"cashflowStatements": [{"maxAge": 1, "endDate": "2020-03-31", "netIncome": 25209000, "changeToLiabilities": 0}, {"maxAge": 1, "endDate": "2019-03-31", "netIncome": 33034713, "depreciation": 10626825, "changeToNetincome": 3875494, "changeToAccountReceivables": -12819661, "changeToLiabilities": 7851277, "changeToInventory": -603326, "changeToOperatingActivities": 13283157, "totalCashFromOperatingActivities": 56975888, "capitalExpenditures": -3033225, "otherCashflowsFromInvestingActivities": 5581990, "totalCashflowsFromInvestingActivities": 2548765, "netBorrowings": 12675302, "otherCashflowsFromFinancingActivities": -73629626, "totalCashFromFinancingActivities": -60954324, "changeInCash": -1429671}, {"maxAge": 1, "endDate": "2018-03-31", "netIncome": 25128737, "depreciation": 10418600, "changeToNetincome": 11673581, "changeToAccountReceivables": -6878584, "changeToLiabilities": -9732018, "changeToInventory": -92753, "changeToOperatingActivities": -15032435, "totalCashFromOperatingActivities": 16751985, "capitalExpenditures": -33032, "otherCashflowsFromInvestingActivities": 1966550, "totalCashflowsFromInvestingActivities": 1933518, "netBorrowings": -26264557, "otherCashflowsFromFinancingActivities": 10637155, "totalCashFromFinancingActivities": -15627402, "changeInCash": 3058101}, {"maxAge": 1, "endDate": "2017-03-31", "netIncome": 10165191, "depreciation": 10142398, "changeToNetincome": 21437801, "changeToAccountReceivables": 6869772, "changeToLiabilities": -23754084, "changeToInventory": -218474, "changeToOperatingActivities": -4363719, "totalCashFromOperatingActivities": 14990099, "capitalExpenditures": -5197743, "otherCashflowsFromInvestingActivities": 1513197, "totalCashflowsFromInvestingActivities": -3684546, "dividendsPaid": -115440, "netBorrowings": 31312361, "otherCashflowsFromFinancingActivities": -29852002, "totalCashFromFinancingActivities": -10706081, "changeInCash": 599472}], "maxAge": 86400}, "institutionOwnership": {"ownershipList": [], "maxAge": 1}, "balanceSheetHistoryQuarterly": {"balanceSheetStatements": [{"maxAge": 1, "endDate": "2020-06-30", "totalStockholderEquity": 437321000, "netTangibleAssets": 437321000}, {"maxAge": 1, "endDate": "2020-03-31", "cash": 2773000, "netReceivables": 158775000, "inventory": 21504000, "otherCurrentAssets": 1861000, "totalCurrentAssets": 186510000, "longTermInvestments": 28500000, "propertyPlantEquipment": 199358000, "otherAssets": 180652000, "deferredLongTermAssetCharges": 12886000, "totalAssets": 595020000, "accountsPayable": 29563000, "shortLongTermDebt": 7675000, "otherCurrentLiab": 17694000, "longTermDebt": 39424000, "otherLiab": 28055000, "totalCurrentLiabilities": 90220000, "totalLiab": 157699000, "commonStock": 169322000, "treasuryStock": 267999000, "otherStockholderEquity": 267999000, "totalStockholderEquity": 437321000, "netTangibleAssets": 437321000}, {"maxAge": 1, "endDate": "2019-12-31", "totalStockholderEquity": 417197000, "netTangibleAssets": 417197000}, {"maxAge": 1, "endDate": "2019-09-30", "cash": 3330000, "netReceivables": 176616000, "inventory": 19806000, "otherCurrentAssets": 3600000, "totalCurrentAssets": 204775000, "longTermInvestments": 28500000, "propertyPlantEquipment": 203024000, "otherAssets": 144349000, "deferredLongTermAssetCharges": 12448000, "totalAssets": 580648000, "accountsPayable": 20755000, "shortLongTermDebt": 8233000, "otherCurrentLiab": 32889000, "longTermDebt": 41507000, "otherLiab": 26033000, "totalCurrentLiabilities": 95911000, "totalLiab": 163451000, "commonStock": 169322000, "treasuryStock": 247875000, "otherStockholderEquity": 247875000, "totalStockholderEquity": 417197000, "netTangibleAssets": 417197000}], "maxAge": 86400}, "indexTrend": {"maxAge": 1, "symbol": "SP5", "peRatio": 19.7411, "pegRatio": 1.34172, "estimates": [{"period": "0q", "growth": 0.549}, {"period": "+1q", "growth": 0.431}, {"period": "0y", "growth": 0.305}, {"period": "+1y", "growth": 0.109}, {"period": "+5y", "growth": 0.120859005}, {"period": "-5y"}]}, "insiderTransactions": {"transactions": [{"maxAge": 1, "shares": 2916, "filerUrl": "", "transactionText": "", "filerName": "Goenka (Kailash Ramavatar)", "filerRelation": "Promoter", "moneyText": "", "startDate": "2020-04-03", "ownership": "D"}], "maxAge": 1}, "quoteType": {"exchange": "BSE", "quoteType": "EQUITY", "symbol": "RAYALEMA.BO", "underlyingSymbol": "RAYALEMA.BO", "shortName": "ROYALE MANOR HOTELS & INDUSTRI", "longName": "Royale Manor Hotels and Industries Limited", "firstTradeDateEpochUtc": "2000-10-13 09:15:00", "timeZoneFullName": "Asia/Kolkata", "timeZoneShortName": "IST", "uuid": "7ff90b9b-4270-3cc2-be6a-d3b1c4431b51", "gmtOffSetMilliseconds": 19800000, "maxAge": 1}, "incomeStatementHistory": {"incomeStatementHistory": [{"maxAge": 1, "endDate": "2020-03-31", "totalRevenue": 214722000, "costOfRevenue": 93371000, "grossProfit": 121351000, "researchDevelopment": {}, "sellingGeneralAdministrative": {}, "nonRecurring": {}, "otherOperatingExpenses": 77429000, "totalOperatingExpenses": 180235000, "operatingIncome": 34487000, "totalOtherIncomeExpenseNet": -4066000, "ebit": 34487000, "interestExpense": -10927000, "incomeBeforeTax": 30421000, "incomeTaxExpense": 5212000, "minorityInterest": {}, "netIncomeFromContinuingOps": 25209000, "discontinuedOperations": {}, "extraordinaryItems": {}, "effectOfAccountingCharges": {}, "otherItems": {}, "netIncome": 25209000, "netIncomeApplicableToCommonShares": 25209000}, {"maxAge": 1, "endDate": "2019-03-31", "totalRevenue": 231993567, "costOfRevenue": 116730948, "grossProfit": 115262619, "researchDevelopment": {}, "sellingGeneralAdministrative": 7292355, "nonRecurring": {}, "otherOperatingExpenses": 53325212, "totalOperatingExpenses": 187975340, "operatingIncome": 44018227, "totalOtherIncomeExpenseNet": -2750595, "ebit": 44018227, "interestExpense": -8351730, "incomeBeforeTax": 41267632, "incomeTaxExpense": 8232919, "minorityInterest": {}, "netIncomeFromContinuingOps": 33034713, "discontinuedOperations": {}, "extraordinaryItems": {}, "effectOfAccountingCharges": {}, "otherItems": {}, "netIncome": 33034713, "netIncomeApplicableToCommonShares": 33034713}, {"maxAge": 1, "endDate": "2018-03-31", "totalRevenue": 220080295, "costOfRevenue": 108140269, "grossProfit": 111940026, "researchDevelopment": {}, "sellingGeneralAdministrative": 5938250, "nonRecurring": {}, "otherOperatingExpenses": 53554497, "totalOperatingExpenses": 178051616, "operatingIncome": 42028679, "totalOtherIncomeExpenseNet": -10848242, "ebit": 42028679, "interestExpense": -11933549, "incomeBeforeTax": 31180437, "incomeTaxExpense": 6051700, "minorityInterest": {}, "netIncomeFromContinuingOps": 25128737, "discontinuedOperations": {}, "extraordinaryItems": {}, "effectOfAccountingCharges": {}, "otherItems": {}, "netIncome": 25128737, "netIncomeApplicableToCommonShares": 25128737}, {"maxAge": 1, "endDate": "2017-03-31", "totalRevenue": 180833164, "costOfRevenue": 82506571, "grossProfit": 98326593, "researchDevelopment": {}, "sellingGeneralAdministrative": 4309912, "nonRecurring": {}, "otherOperatingExpenses": 50963456, "totalOperatingExpenses": 147922337, "operatingIncome": 32910827, "totalOtherIncomeExpenseNet": -19934809, "ebit": 32910827, "interestExpense": -15825268, "incomeBeforeTax": 12976018, "incomeTaxExpense": 2810827, "minorityInterest": {}, "netIncomeFromContinuingOps": 10165191, "discontinuedOperations": {}, "extraordinaryItems": {}, "effectOfAccountingCharges": {}, "otherItems": {}, "netIncome": 10165191, "netIncomeApplicableToCommonShares": 10026250}], "maxAge": 86400}, "fundOwnership": {"ownershipList": [], "maxAge": 1}, "summaryDetail": {"maxAge": 1, "priceHint": 2, "previousClose": 16.0, "open": 16.35, "dayLow": 15.62, "dayHigh": 16.7, "regularMarketPreviousClose": 16.0, "regularMarketOpen": 16.35, "regularMarketDayLow": 15.62, "regularMarketDayHigh": 16.7, "trailingPE": 16.551363, "volume": 21490, "regularMarketVolume": 21490, "averageVolume": 7631, "averageVolume10days": 2977, "averageDailyVolume10Day": 2977, "bid": 15.75, "ask": 16.3, "bidSize": 0, "askSize": 0, "marketCap": 267359440, "fiftyTwoWeekLow": 8.71, "fiftyTwoWeekHigh": 16.7, "fiftyDayAverage": 13.565758, "twoHundredDayAverage": 12.377132, "currency": "INR", "fromCurrency": null, "lastMarket": null, "algorithm": null, "tradeable": false}, "incomeStatementHistoryQuarterly": {"incomeStatementHistory": [{"maxAge": 1, "endDate": "2020-06-30", "totalRevenue": 4569000, "costOfRevenue": 3013000, "grossProfit": 1556000, "researchDevelopment": {}, "sellingGeneralAdministrative": {}, "nonRecurring": {}, "otherOperatingExpenses": 3153000, "totalOperatingExpenses": 8667000, "operatingIncome": -4098000, "totalOtherIncomeExpenseNet": -1956000, "ebit": -4098000, "interestExpense": -1977000, "incomeBeforeTax": -6054000, "incomeTaxExpense": 0, "minorityInterest": {}, "netIncomeFromContinuingOps": -6054000, "discontinuedOperations": {}, "extraordinaryItems": {}, "effectOfAccountingCharges": {}, "otherItems": {}, "netIncome": -6054000, "netIncomeApplicableToCommonShares": -6054000}, {"maxAge": 1, "endDate": "2020-03-31", "totalRevenue": 53544000, "costOfRevenue": 19908000, "grossProfit": 33636000, "researchDevelopment": {}, "sellingGeneralAdministrative": {}, "nonRecurring": {}, "otherOperatingExpenses": 20495000, "totalOperatingExpenses": 42609000, "operatingIncome": 10935000, "totalOtherIncomeExpenseNet": 3369000, "ebit": 10935000, "interestExpense": -2962000, "incomeBeforeTax": 14304000, "incomeTaxExpense": 1887000, "minorityInterest": {}, "netIncomeFromContinuingOps": 12417000, "discontinuedOperations": {}, "extraordinaryItems": {}, "effectOfAccountingCharges": {}, "otherItems": {}, "netIncome": 12417000, "netIncomeApplicableToCommonShares": 12417000}, {"maxAge": 1, "endDate": "2019-12-31", "totalRevenue": 63087000, "costOfRevenue": 25961000, "grossProfit": 37126000, "researchDevelopment": {}, "sellingGeneralAdministrative": {}, "nonRecurring": {}, "otherOperatingExpenses": 22161000, "totalOperatingExpenses": 50398000, "operatingIncome": 12689000, "totalOtherIncomeExpenseNet": -2617000, "ebit": 12689000, "interestExpense": -2831000, "incomeBeforeTax": 10072000, "incomeTaxExpense": 2075000, "minorityInterest": {}, "netIncomeFromContinuingOps": 7997000, "discontinuedOperations": {}, "extraordinaryItems": {}, "effectOfAccountingCharges": {}, "otherItems": {}, "netIncome": 7997000, "netIncomeApplicableToCommonShares": 7997000}, {"maxAge": 1, "endDate": "2019-09-30", "totalRevenue": 47363000, "costOfRevenue": 24034000, "grossProfit": 23329000, "researchDevelopment": {}, "sellingGeneralAdministrative": {}, "nonRecurring": {}, "otherOperatingExpenses": 16712000, "totalOperatingExpenses": 42832000, "operatingIncome": 4531000, "totalOtherIncomeExpenseNet": -2332000, "ebit": 4531000, "interestExpense": -2491000, "incomeBeforeTax": 2199000, "incomeTaxExpense": 450000, "minorityInterest": {}, "netIncomeFromContinuingOps": 1749000, "discontinuedOperations": {}, "extraordinaryItems": {}, "effectOfAccountingCharges": {}, "otherItems": {}, "netIncome": 1749000, "netIncomeApplicableToCommonShares": 1749000}], "maxAge": 86400}, "cashflowStatementHistoryQuarterly": {"cashflowStatements": [{"maxAge": 1, "endDate": "2020-06-30", "netIncome": -6054000, "changeToLiabilities": 0}, {"maxAge": 1, "endDate": "2020-03-31", "netIncome": 12417000, "changeToLiabilities": 0}, {"maxAge": 1, "endDate": "2019-12-31", "netIncome": 7997000, "changeToLiabilities": 0}, {"maxAge": 1, "endDate": "2019-09-30", "netIncome": 1749000, "depreciation": 2476500, "changeToNetincome": 2567000, "changeToAccountReceivables": 2245500, "changeToLiabilities": 4524500, "changeToInventory": 86500, "changeToOperatingActivities": -23205500, "totalCashFromOperatingActivities": -9053000, "capitalExpenditures": -1073500, "totalCashflowsFromInvestingActivities": -1073500, "netBorrowings": -1901000, "otherCashflowsFromFinancingActivities": 10007000, "totalCashFromFinancingActivities": 8106000, "changeInCash": -2020500}], "maxAge": 86400}, "insiderHolders": {"holders": [{"maxAge": 1, "name": "Goenka (Kailash Ramavatar)", "relation": "Promoter", "url": "", "transactionDescription": "Acquisition", "latestTransDate": "2020-04-03", "positionDirect": 847726, "positionDirectDate": "2020-04-03"}], "maxAge": 1}, "calendarEvents": {"maxAge": 1, "earnings": {"earningsDate": []}}, "upgradeDowngradeHistory": {"history": [], "maxAge": 86400}, "price": {"maxAge": 1, "regularMarketChangePercent": -0.013125002, "regularMarketChange": -0.21000004, "regularMarketTime": "2021-04-30 15:16:27", "priceHint": 2, "regularMarketPrice": 15.79, "regularMarketDayHigh": 16.7, "regularMarketDayLow": 15.62, "regularMarketVolume": 21490, "averageDailyVolume10Day": 2977, "averageDailyVolume3Month": 7631, "regularMarketPreviousClose": 16.0, "regularMarketSource": "FREE_REALTIME", "regularMarketOpen": 16.35, "exchange": "BSE", "exchangeName": "BSE", "exchangeDataDelayedBy": 0, "marketState": "CLOSED", "quoteType": "EQUITY", "symbol": "RAYALEMA.BO", "underlyingSymbol": null, "shortName": "ROYALE MANOR HOTELS & INDUSTRI", "longName": "Royale Manor Hotels and Industries Limited", "currency": "INR", "quoteSourceName": "Delayed Quote", "currencySymbol": "\u20b9", "fromCurrency": null, "lastMarket": null, "marketCap": 267359440}, "balanceSheetHistory": {"balanceSheetStatements": [{"maxAge": 1, "endDate": "2020-03-31", "cash": 2773000, "netReceivables": 158775000, "inventory": 21504000, "otherCurrentAssets": 1861000, "totalCurrentAssets": 186510000, "longTermInvestments": 28500000, "propertyPlantEquipment": 199358000, "otherAssets": 180652000, "deferredLongTermAssetCharges": 12886000, "totalAssets": 595020000, "accountsPayable": 29563000, "shortLongTermDebt": 7675000, "otherCurrentLiab": 17694000, "longTermDebt": 39424000, "otherLiab": 28055000, "totalCurrentLiabilities": 90220000, "totalLiab": 157699000, "commonStock": 169322000, "treasuryStock": 267999000, "otherStockholderEquity": 267999000, "totalStockholderEquity": 437321000, "netTangibleAssets": 437321000}, {"maxAge": 1, "endDate": "2019-03-31", "cash": 6748206, "shortTermInvestments": 623047, "netReceivables": 133940017, "inventory": 19979292, "otherCurrentAssets": 3309632, "totalCurrentAssets": 166779068, "longTermInvestments": 28500000, "propertyPlantEquipment": 205829268, "otherAssets": 169498141, "deferredLongTermAssetCharges": 12448048, "totalAssets": 570606477, "accountsPayable": 28886736, "shortLongTermDebt": 5373888, "otherCurrentLiab": 13474329, "longTermDebt": 44007066, "otherLiab": 27334670, "totalCurrentLiabilities": 86862487, "totalLiab": 158204223, "commonStock": 169322000, "retainedEarnings": 160969303, "treasuryStock": 74136951, "capitalSurplus": 7974000, "otherStockholderEquity": 74136951, "totalStockholderEquity": 412402254, "netTangibleAssets": 412402254}, {"maxAge": 1, "endDate": "2018-03-31", "cash": 8579462, "shortTermInvestments": 221462, "netReceivables": 134661886, "inventory": 19375966, "otherCurrentAssets": 5037041, "totalCurrentAssets": 169796318, "longTermInvestments": 28500000, "propertyPlantEquipment": 213422868, "otherAssets": 103399660, "deferredLongTermAssetCharges": 11845380, "totalAssets": 515118846, "accountsPayable": 17555224, "shortLongTermDebt": 14021458, "otherCurrentLiab": 15529784, "longTermDebt": 31331764, "otherLiab": 25408331, "totalCurrentLiabilities": 79011210, "totalLiab": 135751305, "commonStock": 169322000, "retainedEarnings": 128017356, "treasuryStock": 74054185, "capitalSurplus": 7974000, "otherStockholderEquity": 74054185, "totalStockholderEquity": 379367541, "netTangibleAssets": 379367541}, {"maxAge": 1, "endDate": "2017-03-31", "cash": 5522840, "shortTermInvestments": 219983, "netReceivables": 113122183, "inventory": 19283213, "otherCurrentAssets": 6476893, "totalCurrentAssets": 146001302, "longTermInvestments": 28500000, "propertyPlantEquipment": 223808436, "otherAssets": 129694480, "deferredLongTermAssetCharges": 11537080, "totalAssets": 528004218, "accountsPayable": 12547636, "shortLongTermDebt": 26185373, "otherCurrentLiab": 10940766, "longTermDebt": 57596321, "otherLiab": 27466565, "totalCurrentLiabilities": 88702528, "totalLiab": 173765414, "commonStock": 169322000, "retainedEarnings": 95161330, "treasuryStock": 81781474, "capitalSurplus": 7974000, "otherStockholderEquity": 81781474, "totalStockholderEquity": 354238804, "netTangibleAssets": 354238804}], "maxAge": 86400}, "financialData": {"maxAge": 86400, "currentPrice": 15.79, "recommendationKey": "none", "grossProfits": 121351000, "financialCurrency": "INR"}}}