{"RCCL.BO": {"cashflowStatementHistory": {"cashflowStatements": [{"maxAge": 1, "endDate": "2019-03-31", "netIncome": -33120000, "depreciation": 6437000, "changeToNetincome": 16490000, "changeToAccountReceivables": 24550000, "changeToLiabilities": 1988000, "changeToInventory": 3468000, "changeToOperatingActivities": 10504000, "totalCashFromOperatingActivities": 30317000, "capitalExpenditures": -870000, "otherCashflowsFromInvestingActivities": -9189000, "totalCashflowsFromInvestingActivities": -9859000, "netBorrowings": 549000, "otherCashflowsFromFinancingActivities": -11985000, "totalCashFromFinancingActivities": -11436000, "changeInCash": 9022000}, {"maxAge": 1, "endDate": "2018-03-31", "netIncome": -15967000, "depreciation": 5589000, "changeToNetincome": 30009000, "changeToAccountReceivables": 53381000, "changeToLiabilities": -13581000, "changeToInventory": 5942000, "changeToOperatingActivities": -54321000, "totalCashFromOperatingActivities": 11052000, "capitalExpenditures": -19116000, "investments": -200000, "otherCashflowsFromInvestingActivities": -5114000, "totalCashflowsFromInvestingActivities": -24430000, "netBorrowings": 27503000, "otherCashflowsFromFinancingActivities": -11440000, "totalCashFromFinancingActivities": 16063000, "changeInCash": 2685000}, {"maxAge": 1, "endDate": "2017-03-31", "netIncome": 5724000, "depreciation": 4577000, "changeToNetincome": 24606000, "changeToAccountReceivables": -66987000, "changeToLiabilities": 57073000, "changeToInventory": -27939000, "changeToOperatingActivities": 19895000, "totalCashFromOperatingActivities": 16949000, "capitalExpenditures": -13892000, "investments": -200000, "otherCashflowsFromInvestingActivities": -5766000, "totalCashflowsFromInvestingActivities": -19658000, "netBorrowings": 11096000, "otherCashflowsFromFinancingActivities": -13750000, "totalCashFromFinancingActivities": -2654000, "changeInCash": -5363000}, {"maxAge": 1, "endDate": "2016-03-31", "netIncome": 22044162, "depreciation": 6666142, "changeToNetincome": -25247917, "changeToAccountReceivables": 16988122, "changeToLiabilities": -31574782, "changeToInventory": -6489086, "changeToOperatingActivities": -5052431, "totalCashFromOperatingActivities": -22176963, "capitalExpenditures": -5598323, "investments": -200000, "otherCashflowsFromInvestingActivities": 6970894, "totalCashflowsFromInvestingActivities": 1922571, "netBorrowings": 21957573, "otherCashflowsFromFinancingActivities": -5655430, "totalCashFromFinancingActivities": 16302143, "changeInCash": -3952249}], "maxAge": 86400}, "institutionOwnership": {"ownershipList": [], "maxAge": 1}, "balanceSheetHistoryQuarterly": {"balanceSheetStatements": [{"maxAge": 1, "endDate": "2016-03-31", "cash": 7353163, "netReceivables": 140031738, "inventory": 62900148, "otherCurrentAssets": 17425595, "totalCurrentAssets": 227710644, "longTermInvestments": 104077762, "propertyPlantEquipment": 73184607, "otherAssets": 10589406, "totalAssets": 415562419, "accountsPayable": 26183654, "otherCurrentLiab": 7473185, "longTermDebt": 36808069, "otherLiab": 2555381, "deferredLongTermLiab": 890390, "totalCurrentLiabilities": 85483634, "totalLiab": 124847084, "commonStock": 33615950, "retainedEarnings": 227363050, "treasuryStock": 29736335, "otherStockholderEquity": 29736335, "totalStockholderEquity": 290715335, "netTangibleAssets": 290715335}, {"maxAge": 1, "endDate": "2015-12-31", "totalStockholderEquity": 251329697, "netTangibleAssets": 251329697}, {"maxAge": 1, "endDate": "2015-09-30", "cash": 6967210, "netReceivables": 134942255, "inventory": 65856773, "otherCurrentAssets": 33312386, "totalCurrentAssets": 241078624, "longTermInvestments": 60921733, "propertyPlantEquipment": 72691370, "otherAssets": 10287620, "totalAssets": 384979347, "accountsPayable": 44616368, "otherCurrentLiab": 11546110, "longTermDebt": 21900000, "otherLiab": 3121513, "totalCurrentLiabilities": 108628137, "totalLiab": 133649650, "commonStock": 33615950, "treasuryStock": 217713747, "otherStockholderEquity": 217713747, "totalStockholderEquity": 251329697, "netTangibleAssets": 251329697}, {"maxAge": 1, "endDate": "2015-06-30", "totalStockholderEquity": 249342023, "netTangibleAssets": 249342023}], "maxAge": 86400}, "indexTrend": {"maxAge": 1, "symbol": "SP5", "peRatio": 19.7411, "pegRatio": 1.34172, "estimates": [{"period": "0q", "growth": 0.549}, {"period": "+1q", "growth": 0.431}, {"period": "0y", "growth": 0.305}, {"period": "+1y", "growth": 0.109}, {"period": "+5y", "growth": 0.120859005}, {"period": "-5y"}]}, "insiderTransactions": {"transactions": [{"maxAge": 1, "shares": 37500, "filerUrl": "", "transactionText": "", "filerName": "Bajoria (Preetanjali)", "filerRelation": "Director", "moneyText": "", "startDate": "2015-03-30", "ownership": "D"}, {"maxAge": 1, "shares": 42150, "filerUrl": "", "transactionText": "", "filerName": "Choudhary (Krishna Kumar)", "filerRelation": "UNREPORTED", "moneyText": "", "startDate": "2015-03-30", "ownership": "D"}, {"maxAge": 1, "shares": 25000, "filerUrl": "", "transactionText": "", "filerName": "Choudhary (Manoj Kumar)", "filerRelation": "Director", "moneyText": "", "startDate": "2015-03-30", "ownership": "D"}], "maxAge": 1}, "quoteType": {"exchange": "BSE", "quoteType": "EQUITY", "symbol": "RCCL.BO", "underlyingSymbol": "RCCL.BO", "shortName": "Rajasthan Cylinders & Containe", "longName": "Rajasthan Cylinders &amp; Containers Limited", "firstTradeDateEpochUtc": "2014-10-17 09:15:00", "timeZoneFullName": "Asia/Kolkata", "timeZoneShortName": "IST", "uuid": "300e6cc3-3beb-3927-988d-515a422d6da2", "gmtOffSetMilliseconds": 19800000, "maxAge": 1}, "incomeStatementHistory": {"incomeStatementHistory": [{"maxAge": 1, "endDate": "2019-03-31", "totalRevenue": 535912000, "costOfRevenue": 386508000, "grossProfit": 149404000, "researchDevelopment": {}, "sellingGeneralAdministrative": 22708000, "nonRecurring": {}, "otherOperatingExpenses": 155304000, "totalOperatingExpenses": 570957000, "operatingIncome": -35045000, "totalOtherIncomeExpenseNet": -10050000, "ebit": -35045000, "interestExpense": -11916000, "incomeBeforeTax": -45095000, "incomeTaxExpense": -11975000, "minorityInterest": {}, "netIncomeFromContinuingOps": -33120000, "discontinuedOperations": {}, "extraordinaryItems": {}, "effectOfAccountingCharges": {}, "otherItems": {}, "netIncome": -33120000, "netIncomeApplicableToCommonShares": -33120000}, {"maxAge": 1, "endDate": "2018-03-31", "totalRevenue": 569651000, "costOfRevenue": 382751000, "grossProfit": 186900000, "researchDevelopment": {}, "sellingGeneralAdministrative": 22194000, "nonRecurring": {}, "otherOperatingExpenses": 154241000, "totalOperatingExpenses": 564775000, "operatingIncome": 4876000, "totalOtherIncomeExpenseNet": -19601000, "ebit": 4876000, "interestExpense": -11109000, "incomeBeforeTax": -14725000, "incomeTaxExpense": 1242000, "minorityInterest": {}, "netIncomeFromContinuingOps": -15967000, "discontinuedOperations": {}, "extraordinaryItems": {}, "effectOfAccountingCharges": {}, "otherItems": {}, "netIncome": -15967000, "netIncomeApplicableToCommonShares": -15967000}, {"maxAge": 1, "endDate": "2017-03-31", "totalRevenue": 775785000, "costOfRevenue": 537266000, "grossProfit": 238519000, "researchDevelopment": {}, "sellingGeneralAdministrative": 19162000, "nonRecurring": {}, "otherOperatingExpenses": 195436000, "totalOperatingExpenses": 756441000, "operatingIncome": 19344000, "totalOtherIncomeExpenseNet": -9669000, "ebit": 19344000, "interestExpense": -13292000, "incomeBeforeTax": 9675000, "incomeTaxExpense": 3951000, "minorityInterest": {}, "netIncomeFromContinuingOps": 5724000, "discontinuedOperations": {}, "extraordinaryItems": {}, "effectOfAccountingCharges": {}, "otherItems": {}, "netIncome": 5724000, "netIncomeApplicableToCommonShares": 5724000}, {"maxAge": 1, "endDate": "2016-03-31", "totalRevenue": 542750666, "costOfRevenue": 506164869, "grossProfit": 36585797, "researchDevelopment": {}, "sellingGeneralAdministrative": 12620404, "nonRecurring": {}, "otherOperatingExpenses": 20508928, "totalOperatingExpenses": 545960343, "operatingIncome": -3209677, "totalOtherIncomeExpenseNet": 24687707, "ebit": -3209677, "interestExpense": -5451121, "incomeBeforeTax": 21478030, "incomeTaxExpense": -566132, "minorityInterest": {}, "netIncomeFromContinuingOps": 22044162, "discontinuedOperations": {}, "extraordinaryItems": {}, "effectOfAccountingCharges": {}, "otherItems": {}, "netIncome": 22044162, "netIncomeApplicableToCommonShares": 22044162}], "maxAge": 86400}, "fundOwnership": {"ownershipList": [], "maxAge": 1}, "summaryDetail": {"maxAge": 1, "priceHint": 2, "previousClose": 10.78, "open": 10.78, "dayLow": 10.78, "dayHigh": 10.78, "regularMarketPreviousClose": 10.78, "regularMarketOpen": 10.78, "regularMarketDayLow": 10.78, "regularMarketDayHigh": 10.78, "volume": 1000, "regularMarketVolume": 1000, "averageVolume": 284, "averageVolume10days": 26, "averageDailyVolume10Day": 26, "bid": 10.78, "ask": 0.0, "bidSize": 0, "askSize": 0, "marketCap": 36238048, "fiftyTwoWeekLow": 9.46, "fiftyTwoWeekHigh": 21.65, "fiftyDayAverage": 11.626364, "twoHundredDayAverage": 14.668897, "currency": "INR", "fromCurrency": null, "lastMarket": null, "algorithm": null, "tradeable": false}, "incomeStatementHistoryQuarterly": {"incomeStatementHistory": [{"maxAge": 1, "endDate": "2016-03-31", "totalRevenue": 118425666, "costOfRevenue": 111101869, "grossProfit": 7323797, "researchDevelopment": {}, "sellingGeneralAdministrative": 3472404, "nonRecurring": {}, "otherOperatingExpenses": 3628928, "totalOperatingExpenses": 119833343, "operatingIncome": -1407677, "totalOtherIncomeExpenseNet": 23854707, "ebit": -1407677, "interestExpense": -1128121, "incomeBeforeTax": 22447030, "incomeTaxExpense": -566132, "minorityInterest": {}, "netIncomeFromContinuingOps": 23013162, "discontinuedOperations": {}, "extraordinaryItems": {}, "effectOfAccountingCharges": {}, "otherItems": {}, "netIncome": 23013162, "netIncomeApplicableToCommonShares": 23013162}, {"maxAge": 1, "endDate": "2015-12-31", "totalRevenue": 119628000, "costOfRevenue": 111898000, "grossProfit": 7730000, "researchDevelopment": {}, "sellingGeneralAdministrative": 3598000, "nonRecurring": {}, "otherOperatingExpenses": 5535000, "totalOperatingExpenses": 122802000, "operatingIncome": -3174000, "totalOtherIncomeExpenseNet": 217000, "ebit": -3174000, "interestExpense": -1340000, "incomeBeforeTax": -2957000, "incomeTaxExpense": 0, "minorityInterest": {}, "netIncomeFromContinuingOps": -2957000, "discontinuedOperations": {}, "extraordinaryItems": {}, "effectOfAccountingCharges": {}, "otherItems": {}, "netIncome": -2957000, "netIncomeApplicableToCommonShares": -2957000}, {"maxAge": 1, "endDate": "2015-09-30", "totalRevenue": 159550000, "costOfRevenue": 148187000, "grossProfit": 11363000, "researchDevelopment": {}, "sellingGeneralAdministrative": 3015000, "nonRecurring": {}, "otherOperatingExpenses": 5510000, "totalOperatingExpenses": 158345000, "operatingIncome": 1205000, "totalOtherIncomeExpenseNet": 291000, "ebit": 1205000, "interestExpense": -1549000, "incomeBeforeTax": 1496000, "incomeTaxExpense": 0, "minorityInterest": {}, "netIncomeFromContinuingOps": 1496000, "discontinuedOperations": {}, "extraordinaryItems": {}, "effectOfAccountingCharges": {}, "otherItems": {}, "netIncome": 1496000, "netIncomeApplicableToCommonShares": 1496000}, {"maxAge": 1, "endDate": "2015-06-30", "totalRevenue": 145147000, "costOfRevenue": 134978000, "grossProfit": 10169000, "researchDevelopment": {}, "sellingGeneralAdministrative": 2535000, "nonRecurring": {}, "otherOperatingExpenses": 5835000, "totalOperatingExpenses": 144980000, "operatingIncome": 167000, "totalOtherIncomeExpenseNet": 325000, "ebit": 167000, "interestExpense": -1434000, "incomeBeforeTax": 492000, "incomeTaxExpense": 0, "minorityInterest": {}, "netIncomeFromContinuingOps": 492000, "discontinuedOperations": {}, "extraordinaryItems": {}, "effectOfAccountingCharges": {}, "otherItems": {}, "netIncome": 492000, "netIncomeApplicableToCommonShares": 492000}], "maxAge": 86400}, "cashflowStatementHistoryQuarterly": {"cashflowStatements": [{"maxAge": 1, "endDate": "2016-03-31", "netIncome": 23013162, "changeToLiabilities": 0}, {"maxAge": 1, "endDate": "2015-12-31", "netIncome": -2957000, "changeToLiabilities": 0}, {"maxAge": 1, "endDate": "2015-09-30", "netIncome": 1496000, "changeToLiabilities": 0}, {"maxAge": 1, "endDate": "2015-06-30", "netIncome": 492000, "changeToLiabilities": 0}], "maxAge": 86400}, "insiderHolders": {"holders": [{"maxAge": 1, "name": "Bajoria (Preetanjali)", "relation": "Director", "url": "", "transactionDescription": "Other", "latestTransDate": "2015-03-30", "positionDirect": 37500, "positionDirectDate": "2015-03-30"}, {"maxAge": 1, "name": "Choudhary (Krishna Kumar)", "relation": "UNREPORTED", "url": "", "transactionDescription": "Other", "latestTransDate": "2015-03-30", "positionDirect": 42150, "positionDirectDate": "2015-03-30"}, {"maxAge": 1, "name": "Choudhary (Manoj Kumar)", "relation": "Director", "url": "", "transactionDescription": "Other", "latestTransDate": "2015-03-30", "positionDirect": 25000, "positionDirectDate": "2015-03-30"}], "maxAge": 1}, "calendarEvents": {"maxAge": 1, "earnings": {"earningsDate": []}}, "upgradeDowngradeHistory": {"history": [], "maxAge": 86400}, "price": {"maxAge": 1, "regularMarketChangePercent": 0.0, "regularMarketChange": 0.0, "regularMarketTime": "2021-04-27 11:15:00", "priceHint": 2, "regularMarketPrice": 10.78, "regularMarketDayHigh": 10.78, "regularMarketDayLow": 10.78, "regularMarketVolume": 1000, "averageDailyVolume10Day": 26, "averageDailyVolume3Month": 284, "regularMarketPreviousClose": 10.78, "regularMarketSource": "FREE_REALTIME", "regularMarketOpen": 10.78, "exchange": "BSE", "exchangeName": "BSE", "exchangeDataDelayedBy": 0, "marketState": "CLOSED", "quoteType": "EQUITY", "symbol": "RCCL.BO", "underlyingSymbol": null, "shortName": "Rajasthan Cylinders & Containe", "longName": "Rajasthan Cylinders &amp; Containers Limited", "currency": "INR", "quoteSourceName": "Delayed Quote", "currencySymbol": "\u20b9", "fromCurrency": null, "lastMarket": null, "marketCap": 36238048}, "balanceSheetHistory": {"balanceSheetStatements": [{"maxAge": 1, "endDate": "2019-03-31", "cash": 12331000, "shortTermInvestments": 1272000, "netReceivables": 137339000, "inventory": 81429000, "otherCurrentAssets": 22697000, "totalCurrentAssets": 255490000, "longTermInvestments": 100193000, "propertyPlantEquipment": 90277000, "otherAssets": 29467000, "deferredLongTermAssetCharges": 8299000, "totalAssets": 475427000, "accountsPayable": 71664000, "otherCurrentLiab": 9764000, "longTermDebt": 58132000, "otherLiab": 3874000, "totalCurrentLiabilities": 151922000, "totalLiab": 213928000, "commonStock": 33616000, "retainedEarnings": 198522000, "treasuryStock": 29361000, "otherStockholderEquity": 29361000, "totalStockholderEquity": 261499000, "netTangibleAssets": 261499000}, {"maxAge": 1, "endDate": "2018-03-31", "cash": 3309000, "netReceivables": 162847000, "inventory": 84897000, "otherCurrentAssets": 23150000, "totalCurrentAssets": 274678000, "longTermInvestments": 110579000, "propertyPlantEquipment": 96027000, "otherAssets": 29056000, "totalAssets": 510340000, "accountsPayable": 69676000, "otherCurrentLiab": 7306000, "longTermDebt": 59768000, "otherLiab": 7297000, "totalCurrentLiabilities": 145451000, "totalLiab": 212516000, "commonStock": 33616000, "retainedEarnings": 231827000, "treasuryStock": 32381000, "otherStockholderEquity": 32381000, "totalStockholderEquity": 297824000, "netTangibleAssets": 297824000}, {"maxAge": 1, "endDate": "2017-03-31", "cash": 624000, "netReceivables": 170733000, "inventory": 90839000, "otherCurrentAssets": 27311000, "totalCurrentAssets": 289767000, "longTermInvestments": 128513000, "propertyPlantEquipment": 82500000, "otherAssets": 23822000, "totalAssets": 524602000, "accountsPayable": 83257000, "otherCurrentLiab": 13650000, "longTermDebt": 26161000, "otherLiab": 6234000, "totalCurrentLiabilities": 173517000, "totalLiab": 205912000, "commonStock": 33616000, "retainedEarnings": 247502000, "treasuryStock": 37572000, "otherStockholderEquity": 37572000, "totalStockholderEquity": 318690000, "netTangibleAssets": 318690000}, {"maxAge": 1, "endDate": "2016-03-31", "cash": 7353163, "netReceivables": 141310194, "inventory": 62900148, "otherCurrentAssets": 16147139, "totalCurrentAssets": 227710644, "longTermInvestments": 104077762, "propertyPlantEquipment": 73184607, "otherAssets": 10589406, "totalAssets": 415562419, "accountsPayable": 26183654, "otherCurrentLiab": 7473185, "longTermDebt": 36808069, "otherLiab": 2555381, "deferredLongTermLiab": 890390, "totalCurrentLiabilities": 85483634, "totalLiab": 124847084, "commonStock": 33615950, "retainedEarnings": 227363050, "treasuryStock": 29736335, "otherStockholderEquity": 29736335, "totalStockholderEquity": 290715335, "netTangibleAssets": 290715335}], "maxAge": 86400}, "financialData": {"maxAge": 86400, "currentPrice": 10.78, "recommendationKey": "none", "grossProfits": 149404000, "financialCurrency": "INR"}}}