{"RCF.BO": {"recommendationTrend": {"trend": [{"period": "0m", "strongBuy": 0, "buy": 0, "hold": 0, "sell": 0, "strongSell": 0}, {"period": "-1m", "strongBuy": 0, "buy": 0, "hold": 0, "sell": 0, "strongSell": 0}, {"period": "-2m", "strongBuy": 0, "buy": 0, "hold": 0, "sell": 0, "strongSell": 0}, {"period": "-3m", "strongBuy": 0, "buy": 0, "hold": 0, "sell": 0, "strongSell": 0}], "maxAge": 86400}, "cashflowStatementHistory": {"cashflowStatements": [{"maxAge": 1, "endDate": "2020-03-31", "netIncome": 2071300000, "depreciation": 1710400000, "changeToNetincome": 2030800000, "changeToAccountReceivables": -14944400000, "changeToLiabilities": -1453200000, "changeToInventory": 5288400000, "totalCashFromOperatingActivities": -5296700000, "capitalExpenditures": -4254700000, "investments": -1431600000, "otherCashflowsFromInvestingActivities": 415700000, "totalCashflowsFromInvestingActivities": -5267500000, "dividendsPaid": -512200000, "netBorrowings": 13476400000, "otherCashflowsFromFinancingActivities": -2415200000, "totalCashFromFinancingActivities": 10549000000, "changeInCash": -15200000}, {"maxAge": 1, "endDate": "2019-03-31", "netIncome": 1340800000, "depreciation": 1548900000, "changeToNetincome": 1568400000, "changeToAccountReceivables": -16362300000, "changeToLiabilities": 2899800000, "changeToInventory": -7371300000, "totalCashFromOperatingActivities": -16364300000, "capitalExpenditures": -3027700000, "investments": -113300000, "otherCashflowsFromInvestingActivities": -9300000, "totalCashflowsFromInvestingActivities": -3102800000, "dividendsPaid": -329300000, "netBorrowings": 21366900000, "otherCashflowsFromFinancingActivities": -1587000000, "totalCashFromFinancingActivities": 19450600000, "changeInCash": -16500000}, {"maxAge": 1, "endDate": "2018-03-31", "netIncome": 788200000, "depreciation": 1355300000, "changeToNetincome": 1028200000, "changeToAccountReceivables": 4128800000, "changeToLiabilities": 2936300000, "changeToInventory": 516500000, "totalCashFromOperatingActivities": 10781200000, "capitalExpenditures": -5009000000, "investments": -50000000, "otherCashflowsFromInvestingActivities": 30200000, "totalCashflowsFromInvestingActivities": -4956700000, "dividendsPaid": -606400000, "netBorrowings": -4533700000, "otherCashflowsFromFinancingActivities": -735100000, "totalCashFromFinancingActivities": -5875200000, "changeInCash": -50700000}, {"maxAge": 1, "endDate": "2017-03-31", "netIncome": 1792500000, "depreciation": 1370600000, "changeToNetincome": 983000000, "changeToAccountReceivables": 8069400000, "changeToLiabilities": 80000000, "changeToInventory": 3616200000, "totalCashFromOperatingActivities": 15954000000, "capitalExpenditures": -1879100000, "investments": -50000000, "otherCashflowsFromInvestingActivities": 56800000, "totalCashflowsFromInvestingActivities": -1802800000, "dividendsPaid": -606700000, "netBorrowings": -12321500000, "otherCashflowsFromFinancingActivities": -1133500000, "totalCashFromFinancingActivities": -14061700000, "changeInCash": 89500000}], "maxAge": 86400}, "institutionOwnership": {"ownershipList": [], "maxAge": 1}, "balanceSheetHistoryQuarterly": {"balanceSheetStatements": [{"maxAge": 1, "endDate": "2020-06-30", "totalStockholderEquity": 31790400000, "netTangibleAssets": 31764200000}, {"maxAge": 1, "endDate": "2020-03-31", "cash": 33600000, "shortTermInvestments": 16552000000, "netReceivables": 45577300000, "inventory": 9499400000, "otherCurrentAssets": 835300000, "totalCurrentAssets": 72497600000, "longTermInvestments": 2557700000, "propertyPlantEquipment": 25547900000, "intangibleAssets": 26200000, "otherAssets": 2303300000, "totalAssets": 102932700000, "accountsPayable": 9967300000, "otherCurrentLiab": 6173000000, "longTermDebt": 6009100000, "otherLiab": 6802800000, "totalCurrentLiabilities": 58330400000, "totalLiab": 71142300000, "commonStock": 5516900000, "treasuryStock": 26273500000, "otherStockholderEquity": 26273500000, "totalStockholderEquity": 31790400000, "netTangibleAssets": 31764200000}, {"maxAge": 1, "endDate": "2019-12-31", "totalStockholderEquity": 29567100000, "netTangibleAssets": 29560700000}, {"maxAge": 1, "endDate": "2019-09-30", "cash": 915300000, "shortTermInvestments": 562500000, "netReceivables": 28441900000, "inventory": 12504400000, "otherCurrentAssets": 2517200000, "totalCurrentAssets": 44941300000, "longTermInvestments": 957200000, "propertyPlantEquipment": 24277200000, "intangibleAssets": 6400000, "otherAssets": 2863500000, "totalAssets": 73045600000, "accountsPayable": 10309400000, "otherCurrentLiab": 4806200000, "longTermDebt": 3602000000, "otherLiab": 7380100000, "totalCurrentLiabilities": 32496400000, "totalLiab": 43478500000, "commonStock": 5516900000, "treasuryStock": 24050200000, "otherStockholderEquity": 24050200000, "totalStockholderEquity": 29567100000, "netTangibleAssets": 29560700000}], "maxAge": 86400}, "earningsHistory": {"history": [{"maxAge": 1, "epsActual": {}, "epsEstimate": {}, "epsDifference": {}, "surprisePercent": {}, "quarter": {}, "period": "-4q"}, {"maxAge": 1, "epsActual": {}, "epsEstimate": {}, "epsDifference": {}, "surprisePercent": {}, "quarter": {}, "period": "-3q"}, {"maxAge": 1, "epsActual": {}, "epsEstimate": {}, "epsDifference": {}, "surprisePercent": {}, "quarter": {}, "period": "-2q"}, {"maxAge": 1, "epsActual": {}, "epsEstimate": {}, "epsDifference": {}, "surprisePercent": {}, "quarter": {}, "period": "-1q"}], "maxAge": 86400}, "indexTrend": {"maxAge": 1, "symbol": "SP5", "peRatio": 19.7411, "pegRatio": 1.34172, "estimates": [{"period": "0q", "growth": 0.549}, {"period": "+1q", "growth": 0.431}, {"period": "0y", "growth": 0.305}, {"period": "+1y", "growth": 0.109}, {"period": "+5y", "growth": 0.120865}, {"period": "-5y"}]}, "industryTrend": {"maxAge": 1, "symbol": null, "estimates": []}, "insiderTransactions": {"transactions": [{"maxAge": 1, "shares": 22067524, "filerUrl": "", "transactionText": "", "filerName": "President of India", "filerRelation": "Promoter", "moneyText": "", "startDate": "2017-06-29", "ownership": "D"}, {"maxAge": 1, "shares": 31632850, "filerUrl": "", "transactionText": "", "filerName": "Life Insurance Corporation of India", "filerRelation": "Institution- Corporation", "moneyText": "", "startDate": "2013-03-12", "ownership": "D"}, {"maxAge": 1, "shares": 68961012, "filerUrl": "", "transactionText": "", "filerName": "President of India", "filerRelation": "Promoter", "moneyText": "", "startDate": "2013-03-08", "ownership": "D"}], "maxAge": 1}, "quoteType": {"exchange": "BSE", "quoteType": "EQUITY", "symbol": "RCF.BO", "underlyingSymbol": "RCF.BO", "shortName": "RASHTRIYA CHEMICALS & FERTILIZ", "longName": "Rashtriya Chemicals and Fertilizers Limited", "firstTradeDateEpochUtc": "2000-01-03 09:15:00", "timeZoneFullName": "Asia/Kolkata", "timeZoneShortName": "IST", "uuid": "d9ffc3ba-1784-31a3-a12a-5d68b5393bac", "gmtOffSetMilliseconds": 19800000, "maxAge": 1}, "incomeStatementHistory": {"incomeStatementHistory": [{"maxAge": 1, "endDate": "2020-03-31", "totalRevenue": 96979500000, "costOfRevenue": 81222000000, "grossProfit": 15757500000, "researchDevelopment": {}, "sellingGeneralAdministrative": 6172600000, "nonRecurring": {}, "otherOperatingExpenses": 2465300000, "totalOperatingExpenses": 91570300000, "operatingIncome": 5409200000, "totalOtherIncomeExpenseNet": -3390100000, "ebit": 5409200000, "interestExpense": -2378200000, "incomeBeforeTax": 2019100000, "incomeTaxExpense": -52200000, "minorityInterest": {}, "netIncomeFromContinuingOps": 2071300000, "discontinuedOperations": {}, "extraordinaryItems": {}, "effectOfAccountingCharges": {}, "otherItems": {}, "netIncome": 2071300000, "netIncomeApplicableToCommonShares": 2071300000}, {"maxAge": 1, "endDate": "2019-03-31", "totalRevenue": 88854700000, "costOfRevenue": 42033700000, "grossProfit": 46821000000, "researchDevelopment": {}, "sellingGeneralAdministrative": 5988300000, "nonRecurring": {}, "otherOperatingExpenses": 35337900000, "totalOperatingExpenses": 84945700000, "operatingIncome": 3909000000, "totalOtherIncomeExpenseNet": -1607400000, "ebit": 3909000000, "interestExpense": -1550500000, "incomeBeforeTax": 2301600000, "incomeTaxExpense": 960800000, "minorityInterest": {}, "netIncomeFromContinuingOps": 1340800000, "discontinuedOperations": {}, "extraordinaryItems": {}, "effectOfAccountingCharges": {}, "otherItems": {}, "netIncome": 1340800000, "netIncomeApplicableToCommonShares": 1340800000}, {"maxAge": 1, "endDate": "2018-03-31", "totalRevenue": 72549500000, "costOfRevenue": 33075500000, "grossProfit": 39474000000, "researchDevelopment": {}, "sellingGeneralAdministrative": 5850100000, "nonRecurring": {}, "otherOperatingExpenses": 30124600000, "totalOperatingExpenses": 70436400000, "operatingIncome": 2113100000, "totalOtherIncomeExpenseNet": -830700000, "ebit": 2113100000, "interestExpense": -645100000, "incomeBeforeTax": 1282400000, "incomeTaxExpense": 494200000, "minorityInterest": {}, "netIncomeFromContinuingOps": 788200000, "discontinuedOperations": {}, "extraordinaryItems": {}, "effectOfAccountingCharges": {}, "otherItems": {}, "netIncome": 788200000, "netIncomeApplicableToCommonShares": 788200000}, {"maxAge": 1, "endDate": "2017-03-31", "totalRevenue": 70991600000, "costOfRevenue": 32143300000, "grossProfit": 38848300000, "researchDevelopment": {}, "sellingGeneralAdministrative": 5196100000, "nonRecurring": {}, "otherOperatingExpenses": 28888200000, "totalOperatingExpenses": 67647900000, "operatingIncome": 3343700000, "totalOtherIncomeExpenseNet": -856500000, "ebit": 3343700000, "interestExpense": -929100000, "incomeBeforeTax": 2487200000, "incomeTaxExpense": 694700000, "minorityInterest": {}, "netIncomeFromContinuingOps": 1792500000, "discontinuedOperations": {}, "extraordinaryItems": {}, "effectOfAccountingCharges": {}, "otherItems": {}, "netIncome": 1792500000, "netIncomeApplicableToCommonShares": 1792500000}], "maxAge": 86400}, "fundOwnership": {"ownershipList": [{"maxAge": 1, "reportDate": "2020-07-31", "organization": "DFA Emerging Markets Core Equity Portfolio", "pctHeld": 0.0023999999, "position": 1332766, "value": 62306810}, {"maxAge": 1, "reportDate": "2020-07-31", "organization": "DFA Investment Dimensions-DFA Emerging Mkts Value", "pctHeld": 0.0023, "position": 1269720, "value": 59359410}, {"maxAge": 1, "reportDate": "2020-07-31", "organization": "DFA Emerging Markets Small Cap Series", "pctHeld": 0.0016, "position": 863608, "value": 40373674}, {"maxAge": 1, "reportDate": "2020-08-31", "organization": "WisdomTree Tr-WisdomTree Emerging Markets Small Cap Dividend Fund", "pctHeld": 0.0011999999, "position": 664650, "value": 31471177}, {"maxAge": 1, "reportDate": "2020-05-31", "organization": "GMO Climate Change Fund", "pctHeld": 0.0005, "position": 253775, "value": 10151000}, {"maxAge": 1, "reportDate": "2020-07-31", "organization": "DFA Investment Dimensions-Emerging Markets Social Core Equity", "pctHeld": 0.0001, "position": 77501, "value": 3623171}, {"maxAge": 1, "reportDate": "2020-08-31", "organization": "WisdomTree Tr-WisdomTree India Earnings Fd", "pctHeld": 0.0001, "position": 50403, "value": 2386582}, {"maxAge": 1, "reportDate": "2020-07-31", "organization": "DFA Investment Dimensions-DFA World Ex U.S. Targeted Value Port", "pctHeld": 0.0001, "position": 39338, "value": 1839051}, {"maxAge": 1, "reportDate": "2020-07-31", "organization": "DFA Investment Dimensions-World Ex U.S. Core Equity Port", "pctHeld": 0.0001, "position": 35779, "value": 1672668}, {"maxAge": 1, "reportDate": "2020-07-31", "organization": "DFA Emerging Markets Sustainability Core 1 Portfolio", "pctHeld": 0.0001, "position": 32145, "value": 1502778}], "maxAge": 1}, "summaryDetail": {"maxAge": 1, "priceHint": 2, "previousClose": 73.8, "open": 72.95, "dayLow": 72.3, "dayHigh": 76.6, "regularMarketPreviousClose": 73.8, "regularMarketOpen": 72.95, "regularMarketDayLow": 72.3, "regularMarketDayHigh": 76.6, "trailingPE": 18.399298, "volume": 683432, "regularMarketVolume": 683432, "averageVolume": 274148, "averageVolume10days": 279655, "averageDailyVolume10Day": 279655, "bid": 73.15, "ask": 73.3, "bidSize": 0, "askSize": 0, "marketCap": 40521482240, "fiftyTwoWeekLow": 22.05, "fiftyTwoWeekHigh": 76.6, "fiftyDayAverage": 54.418182, "twoHundredDayAverage": 48.750366, "trailingAnnualDividendRate": 2.84, "trailingAnnualDividendYield": 0.038482383, "currency": "INR", "fromCurrency": null, "lastMarket": null, "algorithm": null, "tradeable": false}, "sectorTrend": {"maxAge": 1, "symbol": null, "estimates": []}, "incomeStatementHistoryQuarterly": {"incomeStatementHistory": [{"maxAge": 1, "endDate": "2020-06-30", "totalRevenue": 16210500000, "costOfRevenue": 12893600000, "grossProfit": 3316900000, "researchDevelopment": {}, "sellingGeneralAdministrative": 1350700000, "nonRecurring": {}, "otherOperatingExpenses": 702100000, "totalOperatingExpenses": 15372300000, "operatingIncome": 838200000, "totalOtherIncomeExpenseNet": -562600000, "ebit": 838200000, "interestExpense": -562800000, "incomeBeforeTax": 275600000, "incomeTaxExpense": 83600000, "minorityInterest": {}, "netIncomeFromContinuingOps": 192000000, "discontinuedOperations": {}, "extraordinaryItems": {}, "effectOfAccountingCharges": {}, "otherItems": {}, "netIncome": 192000000, "netIncomeApplicableToCommonShares": 192000000}, {"maxAge": 1, "endDate": "2020-03-31", "totalRevenue": 26060000000, "costOfRevenue": 19351900000, "grossProfit": 6708100000, "researchDevelopment": {}, "sellingGeneralAdministrative": 1921700000, "nonRecurring": {}, "otherOperatingExpenses": 543200000, "totalOperatingExpenses": 22254200000, "operatingIncome": 3805800000, "totalOtherIncomeExpenseNet": -1803500000, "ebit": 3805800000, "interestExpense": -802800000, "incomeBeforeTax": 2002300000, "incomeTaxExpense": 578500000, "minorityInterest": {}, "netIncomeFromContinuingOps": 1423800000, "discontinuedOperations": {}, "extraordinaryItems": {}, "effectOfAccountingCharges": {}, "otherItems": {}, "netIncome": 1423800000, "netIncomeApplicableToCommonShares": 1423800000}, {"maxAge": 1, "endDate": "2019-12-31", "totalRevenue": 22258700000, "costOfRevenue": 19028700000, "grossProfit": 3230000000, "researchDevelopment": {}, "sellingGeneralAdministrative": 1432400000, "nonRecurring": {}, "otherOperatingExpenses": 771200000, "totalOperatingExpenses": 21706600000, "operatingIncome": 552100000, "totalOtherIncomeExpenseNet": -410600000, "ebit": 552100000, "interestExpense": -408500000, "incomeBeforeTax": 141500000, "incomeTaxExpense": -642700000, "minorityInterest": {}, "netIncomeFromContinuingOps": 784200000, "discontinuedOperations": {}, "extraordinaryItems": {}, "effectOfAccountingCharges": {}, "otherItems": {}, "netIncome": 784200000, "netIncomeApplicableToCommonShares": 784200000}, {"maxAge": 1, "endDate": "2019-09-30", "totalRevenue": 24566000000, "costOfRevenue": 21800100000, "grossProfit": 2765900000, "researchDevelopment": {}, "sellingGeneralAdministrative": 1405500000, "nonRecurring": {}, "otherOperatingExpenses": 628300000, "totalOperatingExpenses": 24246200000, "operatingIncome": 319800000, "totalOtherIncomeExpenseNet": -554800000, "ebit": 319800000, "interestExpense": -547200000, "incomeBeforeTax": -235000000, "incomeTaxExpense": -18500000, "minorityInterest": {}, "netIncomeFromContinuingOps": -216500000, "discontinuedOperations": {}, "extraordinaryItems": {}, "effectOfAccountingCharges": {}, "otherItems": {}, "netIncome": -216500000, "netIncomeApplicableToCommonShares": -216500000}], "maxAge": 86400}, "cashflowStatementHistoryQuarterly": {"cashflowStatements": [{"maxAge": 1, "endDate": "2020-06-30", "netIncome": 192000000, "changeToLiabilities": 0}, {"maxAge": 1, "endDate": "2020-03-31", "netIncome": 1423800000, "changeToLiabilities": 0}, {"maxAge": 1, "endDate": "2019-12-31", "netIncome": 784200000, "changeToLiabilities": 0}, {"maxAge": 1, "endDate": "2019-09-30", "netIncome": -216500000, "changeToLiabilities": 0}], "maxAge": 86400}, "insiderHolders": {"holders": [{"maxAge": 1, "name": "Life Insurance Corporation of India", "relation": "Institution- Corporation", "url": "", "transactionDescription": "Acquisition", "latestTransDate": "2013-03-12", "positionDirect": 36953766, "positionDirectDate": "2013-03-12"}, {"maxAge": 1, "name": "President of India", "relation": "Promoter", "url": "", "transactionDescription": "Sale", "latestTransDate": "2017-06-29", "positionDirect": 419286364, "positionDirectDate": "2017-06-29"}], "maxAge": 1}, "earnings": {"maxAge": 86400, "earningsChart": {"quarterly": [], "earningsDate": ["2020-10-09 05:30:S"]}, "financialsChart": {"yearly": [{"date": 2017, "revenue": 70991600000, "earnings": 1792500000}, {"date": 2018, "revenue": 72549500000, "earnings": 788200000}, {"date": 2019, "revenue": 88854700000, "earnings": 1340800000}, {"date": 2020, "revenue": 96979500000, "earnings": 2071300000}], "quarterly": [{"date": "3Q2019", "revenue": 24566000000, "earnings": -216500000}, {"date": "4Q2019", "revenue": 22258700000, "earnings": 784200000}, {"date": "1Q2020", "revenue": 26060000000, "earnings": 1423800000}, {"date": "2Q2020", "revenue": 16210500000, "earnings": 192000000}]}, "financialCurrency": "INR"}, "calendarEvents": {"maxAge": 1, "earnings": {"earningsDate": ["2020-10-09 05:30:S"]}}, "upgradeDowngradeHistory": {"history": [], "maxAge": 86400}, "price": {"maxAge": 1, "regularMarketChangePercent": -0.00474263, "regularMarketChange": -0.3500061, "regularMarketTime": "2021-04-30 15:51:23", "priceHint": 2, "regularMarketPrice": 73.45, "regularMarketDayHigh": 76.6, "regularMarketDayLow": 72.3, "regularMarketVolume": 683432, "averageDailyVolume10Day": 279655, "averageDailyVolume3Month": 274148, "regularMarketPreviousClose": 73.8, "regularMarketSource": "FREE_REALTIME", "regularMarketOpen": 72.95, "exchange": "BSE", "exchangeName": "BSE", "exchangeDataDelayedBy": 0, "marketState": "CLOSED", "quoteType": "EQUITY", "symbol": "RCF.BO", "underlyingSymbol": null, "shortName": "RASHTRIYA CHEMICALS & FERTILIZ", "longName": "Rashtriya Chemicals and Fertilizers Limited", "currency": "INR", "quoteSourceName": "Delayed Quote", "currencySymbol": "\u20b9", "fromCurrency": null, "lastMarket": null, "marketCap": 40521482240}, "balanceSheetHistory": {"balanceSheetStatements": [{"maxAge": 1, "endDate": "2020-03-31", "cash": 33600000, "shortTermInvestments": 16552000000, "netReceivables": 45577300000, "inventory": 9499400000, "otherCurrentAssets": 835300000, "totalCurrentAssets": 72497600000, "longTermInvestments": 2557700000, "propertyPlantEquipment": 25547900000, "intangibleAssets": 26200000, "otherAssets": 2303300000, "totalAssets": 102932700000, "accountsPayable": 9967300000, "otherCurrentLiab": 6173000000, "longTermDebt": 6009100000, "otherLiab": 6802800000, "totalCurrentLiabilities": 58330400000, "totalLiab": 71142300000, "commonStock": 5516900000, "treasuryStock": 26273500000, "otherStockholderEquity": 26273500000, "totalStockholderEquity": 31790400000, "netTangibleAssets": 31764200000}, {"maxAge": 1, "endDate": "2019-03-31", "cash": 35900000, "netReceivables": 46656100000, "inventory": 14787800000, "otherCurrentAssets": 1539600000, "totalCurrentAssets": 63109400000, "longTermInvestments": 812900000, "propertyPlantEquipment": 22184000000, "intangibleAssets": 9900000, "otherAssets": 3038200000, "totalAssets": 89154400000, "accountsPayable": 11550900000, "shortLongTermDebt": 1511200000, "otherCurrentLiab": 3151000000, "longTermDebt": 4251100000, "otherLiab": 7555800000, "totalCurrentLiabilities": 47051000000, "totalLiab": 58857900000, "commonStock": 5516900000, "retainedEarnings": 24324300000, "treasuryStock": 455300000, "otherStockholderEquity": 455300000, "totalStockholderEquity": 30296500000, "netTangibleAssets": 30286600000}, {"maxAge": 1, "endDate": "2018-03-31", "cash": 52400000, "netReceivables": 29799300000, "inventory": 7416500000, "otherCurrentAssets": 1369900000, "totalCurrentAssets": 38691900000, "longTermInvestments": 624400000, "propertyPlantEquipment": 20558500000, "intangibleAssets": 14100000, "otherAssets": 3347000000, "totalAssets": 63235900000, "accountsPayable": 7031100000, "shortLongTermDebt": 763600000, "otherCurrentLiab": 3429300000, "longTermDebt": 3200600000, "otherLiab": 7464300000, "totalCurrentLiabilities": 23273700000, "totalLiab": 33938600000, "commonStock": 5516900000, "retainedEarnings": 23407200000, "treasuryStock": 373200000, "otherStockholderEquity": 373200000, "totalStockholderEquity": 29297300000, "netTangibleAssets": 29283200000}, {"maxAge": 1, "endDate": "2017-03-31", "cash": 103100000, "netReceivables": 36605500000, "inventory": 7933000000, "otherCurrentAssets": 305300000, "totalCurrentAssets": 45010000000, "longTermInvestments": 449200000, "propertyPlantEquipment": 16454800000, "intangibleAssets": 33500000, "otherAssets": 3410500000, "totalAssets": 65358000000, "accountsPayable": 6343300000, "shortLongTermDebt": 1095000000, "otherCurrentLiab": 4698300000, "longTermDebt": 1138400000, "otherLiab": 6033000000, "totalCurrentLiabilities": 28936200000, "totalLiab": 36107600000, "commonStock": 5516900000, "retainedEarnings": 23435100000, "treasuryStock": 298400000, "otherStockholderEquity": 298400000, "totalStockholderEquity": 29250400000, "netTangibleAssets": 29216900000}], "maxAge": 86400}, "earningsTrend": {"trend": [{"maxAge": 1, "period": "0q", "endDate": null, "growth": {}, "earningsEstimate": {"avg": 0.0, "low": 0.0, "high": 0.0, "yearAgoEps": {}, "numberOfAnalysts": 0, "growth": {}}, "revenueEstimate": {"avg": 0, "low": 0, "high": 0, "numberOfAnalysts": 0, "yearAgoRevenue": {}, "growth": {}}, "epsTrend": {"current": 0.0, "7daysAgo": 0.0, "30daysAgo": 0.0, "60daysAgo": 0.0, "90daysAgo": 0.0}, "epsRevisions": {"upLast7days": 0, "upLast30days": 0, "downLast30days": 0, "downLast90days": {}}}, {"maxAge": 1, "period": "+1q", "endDate": null, "growth": {}, "earningsEstimate": {"avg": 0.0, "low": 0.0, "high": 0.0, "yearAgoEps": {}, "numberOfAnalysts": 0, "growth": {}}, "revenueEstimate": {"avg": 0, "low": 0, "high": 0, "numberOfAnalysts": 0, "yearAgoRevenue": {}, "growth": {}}, "epsTrend": {"current": 0.0, "7daysAgo": 0.0, "30daysAgo": 0.0, "60daysAgo": 0.0, "90daysAgo": 0.0}, "epsRevisions": {"upLast7days": 0, "upLast30days": 0, "downLast30days": 0, "downLast90days": {}}}, {"maxAge": 1, "period": "0y", "endDate": null, "growth": {}, "earningsEstimate": {"avg": 0.0, "low": 0.0, "high": 0.0, "yearAgoEps": {}, "numberOfAnalysts": 0, "growth": {}}, "revenueEstimate": {"avg": 0, "low": 0, "high": 0, "numberOfAnalysts": 0, "yearAgoRevenue": {}, "growth": {}}, "epsTrend": {"current": 0.0, "7daysAgo": 0.0, "30daysAgo": 0.0, "60daysAgo": 0.0, "90daysAgo": 0.0}, "epsRevisions": {"upLast7days": 0, "upLast30days": 0, "downLast30days": 0, "downLast90days": {}}}, {"maxAge": 1, "period": "+1y", "endDate": null, "growth": {}, "earningsEstimate": {"avg": 0.0, "low": 0.0, "high": 0.0, "yearAgoEps": {}, "numberOfAnalysts": 0, "growth": {}}, "revenueEstimate": {"avg": 0, "low": 0, "high": 0, "numberOfAnalysts": 0, "yearAgoRevenue": {}, "growth": {}}, "epsTrend": {"current": 0.0, "7daysAgo": 0.0, "30daysAgo": 0.0, "60daysAgo": 0.0, "90daysAgo": 0.0}, "epsRevisions": {"upLast7days": 0, "upLast30days": 0, "downLast30days": 0, "downLast90days": {}}}, {"maxAge": 1, "period": "+5y", "endDate": null, "growth": {}, "earningsEstimate": {"avg": {}, "low": {}, "high": {}, "yearAgoEps": {}, "numberOfAnalysts": {}, "growth": {}}, "revenueEstimate": {"avg": {}, "low": {}, "high": {}, "numberOfAnalysts": {}, "yearAgoRevenue": {}, "growth": {}}, "epsTrend": {"current": {}, "7daysAgo": {}, "30daysAgo": {}, "60daysAgo": {}, "90daysAgo": {}}, "epsRevisions": {"upLast7days": {}, "upLast30days": {}, "downLast30days": {}, "downLast90days": {}}}, {"maxAge": 1, "period": "-5y", "endDate": null, "growth": {}, "earningsEstimate": {"avg": {}, "low": {}, "high": {}, "yearAgoEps": {}, "numberOfAnalysts": {}, "growth": {}}, "revenueEstimate": {"avg": {}, "low": {}, "high": {}, "numberOfAnalysts": {}, "yearAgoRevenue": {}, "growth": {}}, "epsTrend": {"current": {}, "7daysAgo": {}, "30daysAgo": {}, "60daysAgo": {}, "90daysAgo": {}}, "epsRevisions": {"upLast7days": {}, "upLast30days": {}, "downLast30days": {}, "downLast90days": {}}}], "maxAge": 1}, "financialData": {"maxAge": 86400, "currentPrice": 73.45, "targetHighPrice": 70.0, "targetLowPrice": 67.0, "targetMeanPrice": 68.5, "targetMedianPrice": 68.5, "recommendationKey": "none", "numberOfAnalystOpinions": 2, "grossProfits": 15757500000, "financialCurrency": "INR"}}}