{"RCF.NS": {"assetProfile": {"address1": "Priyadarshini Building", "address2": "10th floor Eastern Express Highway Sion", "city": "Mumbai", "zip": "400022", "country": "India", "phone": "91 22 2404 5024", "fax": "91 22 2404 5022", "website": "http://www.rcfltd.com", "industry": "Agricultural Inputs", "sector": "Basic Materials", "longBusinessSummary": "Rashtriya Chemicals and Fertilizers Limited manufactures and sells fertilizers and industrial chemicals primarily in India. The company operates through Fertilizers, Industrial Chemicals, and Trading segments. It offers various fertilizers, including Suphala 15:15:15, a granular natural color fertilizer that is used in the cultivation of cash crops and fruit crops, as well as in improving the yield of plantation crops; Ujjwala neem coated urea, a chemical fertilizer; Biola, a bio-fertilizer that solubilizes the fixed phosphorus in the soil and makes it available to the crops; Sujala water soluble fertilizers that contain nitrogen, phosphorus, and potash for crops grown in green houses, as well as other field crops; and Microla micronutrients. The company also provides basic chemicals, such a methanol, ammonia, ammonium nitrate, sodium nitrate, sodium nitrite, ammonium bicarbonate, methylamines, dimethyl formamide and dimethyl acetamide, formic acid, and argon. In addition, it offers soil testing and farmer training services, as well as publishes RCF Sheti Patrika, a monthly farm magazine. Rashtriya Chemicals and Fertilizers Limited was incorporated in 1978 and is based in Mumbai, India.", "fullTimeEmployees": 2234, "companyOfficers": [{"maxAge": 1, "name": "Mr. Shriniwas Chandrashekhar Mudgerikar", "age": 55, "title": "Chairman & MD", "yearBorn": 1965, "fiscalYear": 2020, "totalPay": 2520000, "exercisedValue": 0, "unexercisedValue": 0}, {"maxAge": 1, "name": "Mr. Umesh  Dongre", "age": 59, "title": "Director of Fin., CFO & Whole Time Director", "yearBorn": 1961, "fiscalYear": 2020, "totalPay": 4796000, "exercisedValue": 0, "unexercisedValue": 0}, {"maxAge": 1, "name": "Mr. Sudhir Dattatraya Panadare", "age": 59, "title": "Director of Technical & Whole Time Director", "yearBorn": 1961, "fiscalYear": 2020, "totalPay": 5137000, "exercisedValue": 0, "unexercisedValue": 0}, {"maxAge": 1, "name": "Mr. Jai Bhagwan Sharma", "title": "Company Sec. & Compliance Officer", "fiscalYear": 2020, "totalPay": 2599500, "exercisedValue": 0, "unexercisedValue": 0}, {"maxAge": 1, "name": "Mr. Koppurath Ulahannan Thankachen", "age": 58, "title": "Director of Marketing & Whole Time Director", "yearBorn": 1962, "fiscalYear": 2020, "totalPay": 4666000, "exercisedValue": 0, "unexercisedValue": 0}, {"maxAge": 1, "name": "Nuhu H. Kurane", "title": "Exec. Director of Marketing", "exercisedValue": 0, "unexercisedValue": 0}, {"maxAge": 1, "name": "Saifuddin K. Fidvi", "title": "Exec. Director of HR & CSO", "exercisedValue": 0, "unexercisedValue": 0}, {"maxAge": 1, "name": "Shashikant  Salve", "age": 63, "title": "Chief Engineer of Chem", "yearBorn": 1957, "exercisedValue": 0, "unexercisedValue": 0}, {"maxAge": 1, "name": "Mr. Sameer S. Rastogi", "title": "Chief Vigilance Officer", "exercisedValue": 0, "unexercisedValue": 0}, {"maxAge": 1, "name": "Siddharth B. Potpose", "title": "Chief Gen. Mang. of Corp.", "exercisedValue": 0, "unexercisedValue": 0}], "compensationAsOfEpochDate": "2020-12-31 05:30:00", "maxAge": 86400}, "recommendationTrend": {"trend": [{"period": "0m", "strongBuy": 0, "buy": 0, "hold": 0, "sell": 0, "strongSell": 0}, {"period": "-1m", "strongBuy": 0, "buy": 1, "hold": 0, "sell": 0, "strongSell": 0}, {"period": "-2m", "strongBuy": 0, "buy": 1, "hold": 0, "sell": 0, "strongSell": 0}, {"period": "-3m", "strongBuy": 0, "buy": 1, "hold": 0, "sell": 0, "strongSell": 0}], "maxAge": 86400}, "cashflowStatementHistory": {"cashflowStatements": [{"maxAge": 1, "endDate": "2020-03-31", "netIncome": 2071300000, "depreciation": 1675300000, "changeToNetincome": 2056000000, "changeToAccountReceivables": -14944400000, "changeToLiabilities": -1453200000, "changeToInventory": 5288400000, "totalCashFromOperatingActivities": -5296700000, "capitalExpenditures": -4254700000, "investments": -1431600000, "otherCashflowsFromInvestingActivities": 415700000, "totalCashflowsFromInvestingActivities": -5267500000, "dividendsPaid": -424900000, "netBorrowings": 13476400000, "otherCashflowsFromFinancingActivities": -2502500000, "totalCashFromFinancingActivities": 10549000000, "changeInCash": -15200000}, {"maxAge": 1, "endDate": "2019-03-31", "netIncome": 1329200000, "depreciation": 1548900000, "changeToNetincome": 1580000000, "changeToAccountReceivables": -16362300000, "changeToLiabilities": 2899800000, "changeToInventory": -7371300000, "totalCashFromOperatingActivities": -16364300000, "capitalExpenditures": -3027700000, "investments": -113300000, "otherCashflowsFromInvestingActivities": -9300000, "totalCashflowsFromInvestingActivities": -3102800000, "dividendsPaid": -329300000, "netBorrowings": 21366900000, "otherCashflowsFromFinancingActivities": -1587000000, "totalCashFromFinancingActivities": 19450600000, "changeInCash": -16500000}, {"maxAge": 1, "endDate": "2018-03-31", "netIncome": 788200000, "depreciation": 1355300000, "changeToNetincome": 1028200000, "changeToAccountReceivables": 4128800000, "changeToLiabilities": 2936300000, "changeToInventory": 516500000, "totalCashFromOperatingActivities": 10781200000, "capitalExpenditures": -5009000000, "investments": -50000000, "otherCashflowsFromInvestingActivities": 30200000, "totalCashflowsFromInvestingActivities": -4956700000, "dividendsPaid": -606400000, "netBorrowings": -4533700000, "otherCashflowsFromFinancingActivities": -735100000, "totalCashFromFinancingActivities": -5875200000, "changeInCash": -50700000}, {"maxAge": 1, "endDate": "2017-03-31", "netIncome": 1792500000, "depreciation": 1370600000, "changeToNetincome": 983000000, "changeToAccountReceivables": 8069400000, "changeToLiabilities": 80000000, "changeToInventory": 3616200000, "totalCashFromOperatingActivities": 15954000000, "capitalExpenditures": -1879100000, "investments": -50000000, "otherCashflowsFromInvestingActivities": 56800000, "totalCashflowsFromInvestingActivities": -1802800000, "dividendsPaid": -606700000, "netBorrowings": -12321500000, "otherCashflowsFromFinancingActivities": -1133500000, "totalCashFromFinancingActivities": -14061700000, "changeInCash": 89500000}], "maxAge": 86400}, "indexTrend": {"maxAge": 1, "symbol": "SP5", "peRatio": 19.7411, "pegRatio": 1.34172, "estimates": [{"period": "0q", "growth": 0.549}, {"period": "+1q", "growth": 0.431}, {"period": "0y", "growth": 0.305}, {"period": "+1y", "growth": 0.109}, {"period": "+5y", "growth": 0.120865}, {"period": "-5y"}]}, "defaultKeyStatistics": {"maxAge": 1, "priceHint": 2, "enterpriseValue": 46771130368, "profitMargins": 0.04239, "floatShares": 134076759, "sharesOutstanding": 551688000, "heldPercentInsiders": 0.75026, "heldPercentInstitutions": 0.01914, "beta": 1.313385, "category": null, "bookValue": 59.766, "priceToBook": 1.2272865, "fundFamily": null, "legalType": null, "lastFiscalYearEnd": "2020-03-31 05:30:00", "nextFiscalYearEnd": "2022-03-31 05:30:00", "mostRecentQuarter": "2020-12-31 05:30:00", "earningsQuarterlyGrowth": 0.259, "netIncomeToCommon": 3641700096, "trailingEps": 6.616, "forwardEps": 7.4, "lastSplitFactor": null, "enterpriseToRevenue": 0.544, "enterpriseToEbitda": 4.895}, "industryTrend": {"maxAge": 1, "symbol": null, "estimates": []}, "quoteType": {"exchange": "NSI", "quoteType": "EQUITY", "symbol": "RCF.NS", "underlyingSymbol": "RCF.NS", "shortName": "RASHTRIYA CHEM & F", "longName": "Rashtriya Chemicals and Fertilizers Limited", "firstTradeDateEpochUtc": "2002-07-01 09:15:00", "timeZoneFullName": "Asia/Kolkata", "timeZoneShortName": "IST", "uuid": "f1bf8e8b-428e-341c-968a-896ae61407c8", "gmtOffSetMilliseconds": 19800000, "maxAge": 1}, "incomeStatementHistory": {"incomeStatementHistory": [{"maxAge": 1, "endDate": "2020-03-31", "totalRevenue": 96979500000, "costOfRevenue": 48106100000, "grossProfit": 48873400000, "researchDevelopment": {}, "sellingGeneralAdministrative": 6437400000, "nonRecurring": {}, "otherOperatingExpenses": 35874800000, "totalOperatingExpenses": 92100100000, "operatingIncome": 4879400000, "totalOtherIncomeExpenseNet": -2860300000, "ebit": 4879400000, "interestExpense": -2362700000, "incomeBeforeTax": 2019100000, "incomeTaxExpense": -52200000, "minorityInterest": {}, "netIncomeFromContinuingOps": 2071300000, "discontinuedOperations": {}, "extraordinaryItems": {}, "effectOfAccountingCharges": {}, "otherItems": {}, "netIncome": 2071300000, "netIncomeApplicableToCommonShares": 2071300000}, {"maxAge": 1, "endDate": "2019-03-31", "totalRevenue": 88854700000, "costOfRevenue": 42033700000, "grossProfit": 46821000000, "researchDevelopment": {}, "sellingGeneralAdministrative": 6156700000, "nonRecurring": {}, "otherOperatingExpenses": 35638900000, "totalOperatingExpenses": 85415100000, "operatingIncome": 3439600000, "totalOtherIncomeExpenseNet": -1149600000, "ebit": 3439600000, "interestExpense": -1550500000, "incomeBeforeTax": 2290000000, "incomeTaxExpense": 960800000, "minorityInterest": {}, "netIncomeFromContinuingOps": 1329200000, "discontinuedOperations": {}, "extraordinaryItems": {}, "effectOfAccountingCharges": {}, "otherItems": {}, "netIncome": 1329200000, "netIncomeApplicableToCommonShares": 1329200000}, {"maxAge": 1, "endDate": "2018-03-31", "totalRevenue": 72549500000, "costOfRevenue": 33075500000, "grossProfit": 39474000000, "researchDevelopment": {}, "sellingGeneralAdministrative": 5995100000, "nonRecurring": {}, "otherOperatingExpenses": 30515600000, "totalOperatingExpenses": 70972400000, "operatingIncome": 1577100000, "totalOtherIncomeExpenseNet": -294700000, "ebit": 1577100000, "interestExpense": -645100000, "incomeBeforeTax": 1282400000, "incomeTaxExpense": 494200000, "minorityInterest": {}, "netIncomeFromContinuingOps": 788200000, "discontinuedOperations": {}, "extraordinaryItems": {}, "effectOfAccountingCharges": {}, "otherItems": {}, "netIncome": 788200000, "netIncomeApplicableToCommonShares": 788200000}, {"maxAge": 1, "endDate": "2017-03-31", "totalRevenue": 70991600000, "costOfRevenue": 32143300000, "grossProfit": 38848300000, "researchDevelopment": {}, "sellingGeneralAdministrative": 5196100000, "nonRecurring": {}, "otherOperatingExpenses": 28888200000, "totalOperatingExpenses": 67647900000, "operatingIncome": 3343700000, "totalOtherIncomeExpenseNet": -856500000, "ebit": 3343700000, "interestExpense": -929100000, "incomeBeforeTax": 2487200000, "incomeTaxExpense": 694700000, "minorityInterest": {}, "netIncomeFromContinuingOps": 1792500000, "discontinuedOperations": {}, "extraordinaryItems": {}, "effectOfAccountingCharges": {}, "otherItems": {}, "netIncome": 1792500000, "netIncomeApplicableToCommonShares": 1792500000}], "maxAge": 86400}, "fundOwnership": {"ownershipList": [{"maxAge": 1, "reportDate": "2021-01-31", "organization": "DFA Emerging Markets Core Equity Portfolio", "pctHeld": 0.0021, "position": 1165470, "value": 62935380}, {"maxAge": 1, "reportDate": "2021-01-31", "organization": "DFA Investment Dimensions-DFA Emerging Mkts Value", "pctHeld": 0.0019, "position": 1044190, "value": 56386260}, {"maxAge": 1, "reportDate": "2021-01-31", "organization": "DFA Emerging Markets Small Cap Series", "pctHeld": 0.0011999999, "position": 665056, "value": 35913024}, {"maxAge": 1, "reportDate": "2021-02-28", "organization": "WisdomTree Tr-WisdomTree India Earnings Fd", "pctHeld": 0.0005, "position": 272343, "value": 20670833}, {"maxAge": 1, "reportDate": "2021-01-31", "organization": "DFA Investment Dimensions-Emerging Markets Social Core Equity", "pctHeld": 0.0001, "position": 77501, "value": 4185054}, {"maxAge": 1, "reportDate": "2021-01-31", "organization": "DFA Investment Dimensions-DFA World Ex U.S. Targeted Value Port", "pctHeld": 0.0001, "position": 39338, "value": 2124252}, {"maxAge": 1, "reportDate": "2021-01-31", "organization": "DFA Investment Dimensions-World Ex U.S. Core Equity Port", "pctHeld": 0.0001, "position": 35779, "value": 1932066}, {"maxAge": 1, "reportDate": "2021-01-31", "organization": "DFA Emerging Markets Sustainability Core 1 Portfolio", "pctHeld": 0.0001, "position": 32145, "value": 1735830}, {"maxAge": 1, "reportDate": "2021-03-31", "organization": "SPDR (R) Idx Shares-SPDR (R) Emerging Markets Small Cap ETF", "pctHeld": 0.0001, "position": 30648, "value": 2373687}], "maxAge": 1}, "summaryDetail": {"maxAge": 1, "priceHint": 2, "previousClose": 73.65, "open": 72.5, "dayLow": 72.3, "dayHigh": 76.7, "regularMarketPreviousClose": 73.65, "regularMarketOpen": 72.5, "regularMarketDayLow": 72.3, "regularMarketDayHigh": 76.7, "dividendRate": 4.04, "dividendYield": 0.054899998, "exDividendDate": "2021-02-17 05:30:00", "payoutRatio": 0.4303, "beta": 1.313385, "trailingPE": 11.086759, "forwardPE": 9.912162, "volume": 6150450, "regularMarketVolume": 6150450, "averageVolume": 7101549, "averageVolume10days": 2686645, "averageDailyVolume10Day": 2686645, "bid": 0.0, "ask": 0.0, "bidSize": 0, "askSize": 0, "marketCap": 40548761600, "fiftyTwoWeekLow": 27.8, "fiftyTwoWeekHigh": 100.15, "priceToSalesTrailing12Months": 0.47194335, "fiftyDayAverage": 74.82206, "twoHundredDayAverage": 55.43511, "trailingAnnualDividendRate": 2.84, "trailingAnnualDividendYield": 0.03856076, "currency": "INR", "fromCurrency": null, "lastMarket": null, "algorithm": null, "tradeable": false}, "insiderHolders": {"holders": [{"maxAge": 1, "name": "Life Insurance Corporation of India", "relation": "Institution- Corporation", "url": "", "transactionDescription": "Acquisition", "latestTransDate": "2013-03-12", "positionDirect": 36953766, "positionDirectDate": "2013-03-12"}, {"maxAge": 1, "name": "President of India", "relation": "Promoter", "url": "", "transactionDescription": "Sale", "latestTransDate": "2017-06-29", "positionDirect": 419286364, "positionDirectDate": "2017-06-29"}], "maxAge": 1}, "calendarEvents": {"maxAge": 1, "earnings": {"earningsDate": []}, "exDividendDate": "2021-02-17 05:30:00"}, "upgradeDowngradeHistory": {"history": [], "maxAge": 86400}, "price": {"maxAge": 1, "regularMarketChangePercent": -0.004073361, "regularMarketChange": -0.30000305, "regularMarketTime": "2021-04-30 15:30:01", "priceHint": 2, "regularMarketPrice": 73.35, "regularMarketDayHigh": 76.7, "regularMarketDayLow": 72.3, "regularMarketVolume": 6150450, "averageDailyVolume10Day": 2686645, "averageDailyVolume3Month": 7101549, "regularMarketPreviousClose": 73.65, "regularMarketSource": "FREE_REALTIME", "regularMarketOpen": 72.5, "exchange": "NSI", "exchangeName": "NSE", "exchangeDataDelayedBy": 15, "marketState": "CLOSED", "quoteType": "EQUITY", "symbol": "RCF.NS", "underlyingSymbol": null, "shortName": "RASHTRIYA CHEM & F", "longName": "Rashtriya Chemicals and Fertilizers Limited", "currency": "INR", "quoteSourceName": "Delayed Quote", "currencySymbol": "\u20b9", "fromCurrency": null, "lastMarket": null, "marketCap": 40548761600}, "balanceSheetHistory": {"balanceSheetStatements": [{"maxAge": 1, "endDate": "2020-03-31", "cash": 20700000, "netReceivables": 62490300000, "inventory": 9499400000, "otherCurrentAssets": 377500000, "totalCurrentAssets": 72497600000, "longTermInvestments": 2557700000, "propertyPlantEquipment": 25547900000, "intangibleAssets": 26200000, "otherAssets": 2303300000, "totalAssets": 102932700000, "accountsPayable": 9967300000, "shortLongTermDebt": 1452400000, "otherCurrentLiab": 4181300000, "longTermDebt": 6009100000, "otherLiab": 6708400000, "totalCurrentLiabilities": 58330400000, "totalLiab": 71142300000, "commonStock": 5516900000, "retainedEarnings": 25733200000, "treasuryStock": 540300000, "otherStockholderEquity": 540300000, "totalStockholderEquity": 31790400000, "netTangibleAssets": 31764200000}, {"maxAge": 1, "endDate": "2019-03-31", "cash": 35900000, "netReceivables": 46656100000, "inventory": 14787800000, "otherCurrentAssets": 1539600000, "totalCurrentAssets": 63109400000, "longTermInvestments": 801300000, "propertyPlantEquipment": 22184000000, "intangibleAssets": 9900000, "otherAssets": 3038200000, "totalAssets": 89142800000, "accountsPayable": 11538000000, "shortLongTermDebt": 1511200000, "otherCurrentLiab": 3163900000, "longTermDebt": 4251100000, "otherLiab": 7555800000, "totalCurrentLiabilities": 47051000000, "totalLiab": 58857900000, "commonStock": 5516900000, "retainedEarnings": 24312700000, "treasuryStock": 455300000, "otherStockholderEquity": 455300000, "totalStockholderEquity": 30284900000, "netTangibleAssets": 30275000000}, {"maxAge": 1, "endDate": "2018-03-31", "cash": 52400000, "netReceivables": 29799300000, "inventory": 7416500000, "otherCurrentAssets": 1369900000, "totalCurrentAssets": 38691900000, "longTermInvestments": 624400000, "propertyPlantEquipment": 20558500000, "intangibleAssets": 14100000, "otherAssets": 3347000000, "totalAssets": 63235900000, "accountsPayable": 7031100000, "shortLongTermDebt": 763600000, "otherCurrentLiab": 3429300000, "longTermDebt": 3200600000, "otherLiab": 7464300000, "totalCurrentLiabilities": 23273700000, "totalLiab": 33938600000, "commonStock": 5516900000, "retainedEarnings": 23407200000, "treasuryStock": 373200000, "otherStockholderEquity": 373200000, "totalStockholderEquity": 29297300000, "netTangibleAssets": 29283200000}, {"maxAge": 1, "endDate": "2017-03-31", "cash": 103100000, "netReceivables": 36605500000, "inventory": 7933000000, "otherCurrentAssets": 305300000, "totalCurrentAssets": 45010000000, "longTermInvestments": 449200000, "propertyPlantEquipment": 16454800000, "intangibleAssets": 33500000, "otherAssets": 3410500000, "totalAssets": 65358000000, "accountsPayable": 6343300000, "shortLongTermDebt": 1095000000, "otherCurrentLiab": 4698300000, "longTermDebt": 1138400000, "otherLiab": 6033000000, "totalCurrentLiabilities": 28936200000, "totalLiab": 36107600000, "commonStock": 5516900000, "retainedEarnings": 23435100000, "treasuryStock": 298400000, "otherStockholderEquity": 298400000, "totalStockholderEquity": 29250400000, "netTangibleAssets": 29216900000}], "maxAge": 86400}, "earningsTrend": {"trend": [{"maxAge": 1, "period": "0q", "endDate": null, "growth": {}, "earningsEstimate": {"avg": 0.0, "low": 0.0, "high": 0.0, "yearAgoEps": {}, "numberOfAnalysts": 0, "growth": {}}, "revenueEstimate": {"avg": 0, "low": 0, "high": 0, "numberOfAnalysts": 0, "yearAgoRevenue": {}, "growth": {}}, "epsTrend": {"current": 0.0, "7daysAgo": 0.0, "30daysAgo": 0.0, "60daysAgo": 0.0, "90daysAgo": 0.0}, "epsRevisions": {"upLast7days": 0, "upLast30days": 0, "downLast30days": 0, "downLast90days": {}}}, {"maxAge": 1, "period": "+1q", "endDate": null, "growth": {}, "earningsEstimate": {"avg": 0.0, "low": 0.0, "high": 0.0, "yearAgoEps": {}, "numberOfAnalysts": 0, "growth": {}}, "revenueEstimate": {"avg": 0, "low": 0, "high": 0, "numberOfAnalysts": 0, "yearAgoRevenue": {}, "growth": {}}, "epsTrend": {"current": 0.0, "7daysAgo": 0.0, "30daysAgo": 0.0, "60daysAgo": 0.0, "90daysAgo": 0.0}, "epsRevisions": {"upLast7days": 0, "upLast30days": 0, "downLast30days": 0, "downLast90days": {}}}, {"maxAge": 1, "period": "0y", "endDate": null, "growth": {}, "earningsEstimate": {"avg": 0.0, "low": 0.0, "high": 0.0, "yearAgoEps": {}, "numberOfAnalysts": 0, "growth": {}}, "revenueEstimate": {"avg": 0, "low": 0, "high": 0, "numberOfAnalysts": 0, "yearAgoRevenue": {}, "growth": {}}, "epsTrend": {"current": 0.0, "7daysAgo": 0.0, "30daysAgo": 0.0, "60daysAgo": 0.0, "90daysAgo": 0.0}, "epsRevisions": {"upLast7days": 0, "upLast30days": 0, "downLast30days": 0, "downLast90days": {}}}, {"maxAge": 1, "period": "+1y", "endDate": null, "growth": {}, "earningsEstimate": {"avg": 0.0, "low": 0.0, "high": 0.0, "yearAgoEps": {}, "numberOfAnalysts": 0, "growth": {}}, "revenueEstimate": {"avg": 0, "low": 0, "high": 0, "numberOfAnalysts": 0, "yearAgoRevenue": {}, "growth": {}}, "epsTrend": {"current": 0.0, "7daysAgo": 0.0, "30daysAgo": 0.0, "60daysAgo": 0.0, "90daysAgo": 0.0}, "epsRevisions": {"upLast7days": 0, "upLast30days": 0, "downLast30days": 0, "downLast90days": {}}}, {"maxAge": 1, "period": "+5y", "endDate": null, "growth": {}, "earningsEstimate": {"avg": {}, "low": {}, "high": {}, "yearAgoEps": {}, "numberOfAnalysts": {}, "growth": {}}, "revenueEstimate": {"avg": {}, "low": {}, "high": {}, "numberOfAnalysts": {}, "yearAgoRevenue": {}, "growth": {}}, "epsTrend": {"current": {}, "7daysAgo": {}, "30daysAgo": {}, "60daysAgo": {}, "90daysAgo": {}}, "epsRevisions": {"upLast7days": {}, "upLast30days": {}, "downLast30days": {}, "downLast90days": {}}}, {"maxAge": 1, "period": "-5y", "endDate": null, "growth": 0.05174, "earningsEstimate": {"avg": {}, "low": {}, "high": {}, "yearAgoEps": {}, "numberOfAnalysts": {}, "growth": {}}, "revenueEstimate": {"avg": {}, "low": {}, "high": {}, "numberOfAnalysts": {}, "yearAgoRevenue": {}, "growth": {}}, "epsTrend": {"current": {}, "7daysAgo": {}, "30daysAgo": {}, "60daysAgo": {}, "90daysAgo": {}}, "epsRevisions": {"upLast7days": {}, "upLast30days": {}, "downLast30days": {}, "downLast90days": {}}}], "maxAge": 1}, "institutionOwnership": {"ownershipList": [], "maxAge": 1}, "majorHoldersBreakdown": {"maxAge": 1, "insidersPercentHeld": 0.75026, "institutionsPercentHeld": 0.01914, "institutionsFloatPercentHeld": 0.076620005, "institutionsCount": 11}, "balanceSheetHistoryQuarterly": {"balanceSheetStatements": [{"maxAge": 1, "endDate": "2020-12-31", "totalStockholderEquity": 32972300000, "netTangibleAssets": 32951100000}, {"maxAge": 1, "endDate": "2020-09-30", "cash": 15953600000, "netReceivables": 29566900000, "inventory": 8538200000, "otherCurrentAssets": 13032600000, "totalCurrentAssets": 67091300000, "longTermInvestments": 3985600000, "propertyPlantEquipment": 25215700000, "intangibleAssets": 21200000, "otherAssets": 1943000000, "totalAssets": 98256800000, "accountsPayable": 13305600000, "otherCurrentLiab": 21886600000, "longTermDebt": 10510200000, "otherLiab": 6548800000, "totalCurrentLiabilities": 48225500000, "totalLiab": 65284500000, "commonStock": 5516900000, "treasuryStock": 27455400000, "otherStockholderEquity": 27455400000, "totalStockholderEquity": 32972300000, "netTangibleAssets": 32951100000}, {"maxAge": 1, "endDate": "2020-06-30", "totalStockholderEquity": 31790400000, "netTangibleAssets": 31764200000}, {"maxAge": 1, "endDate": "2020-03-31", "cash": 20700000, "netReceivables": 62490300000, "inventory": 9499400000, "otherCurrentAssets": 377500000, "totalCurrentAssets": 72497600000, "longTermInvestments": 2557700000, "propertyPlantEquipment": 25547900000, "intangibleAssets": 26200000, "otherAssets": 2303300000, "totalAssets": 102932700000, "accountsPayable": 9967300000, "shortLongTermDebt": 1452400000, "otherCurrentLiab": 4181300000, "longTermDebt": 6009100000, "otherLiab": 6708400000, "totalCurrentLiabilities": 58330400000, "totalLiab": 71142300000, "commonStock": 5516900000, "retainedEarnings": 25733200000, "treasuryStock": 540300000, "otherStockholderEquity": 540300000, "totalStockholderEquity": 31790400000, "netTangibleAssets": 31764200000}], "maxAge": 86400}, "earningsHistory": {"history": [{"maxAge": 1, "epsActual": {}, "epsEstimate": {}, "epsDifference": {}, "surprisePercent": {}, "quarter": {}, "period": "-4q"}, {"maxAge": 1, "epsActual": {}, "epsEstimate": {}, "epsDifference": {}, "surprisePercent": {}, "quarter": {}, "period": "-3q"}, {"maxAge": 1, "epsActual": {}, "epsEstimate": {}, "epsDifference": {}, "surprisePercent": {}, "quarter": {}, "period": "-2q"}, {"maxAge": 1, "epsActual": {}, "epsEstimate": {}, "epsDifference": {}, "surprisePercent": {}, "quarter": {}, "period": "-1q"}], "maxAge": 86400}, "summaryProfile": {"address1": "Priyadarshini Building", "address2": "10th floor Eastern Express Highway Sion", "city": "Mumbai", "zip": "400022", "country": "India", "phone": "91 22 2404 5024", "fax": "91 22 2404 5022", "website": "http://www.rcfltd.com", "industry": "Agricultural Inputs", "sector": "Basic Materials", "longBusinessSummary": "Rashtriya Chemicals and Fertilizers Limited manufactures and sells fertilizers and industrial chemicals primarily in India. The company operates through Fertilizers, Industrial Chemicals, and Trading segments. It offers various fertilizers, including Suphala 15:15:15, a granular natural color fertilizer that is used in the cultivation of cash crops and fruit crops, as well as in improving the yield of plantation crops; Ujjwala neem coated urea, a chemical fertilizer; Biola, a bio-fertilizer that solubilizes the fixed phosphorus in the soil and makes it available to the crops; Sujala water soluble fertilizers that contain nitrogen, phosphorus, and potash for crops grown in green houses, as well as other field crops; and Microla micronutrients. The company also provides basic chemicals, such a methanol, ammonia, ammonium nitrate, sodium nitrate, sodium nitrite, ammonium bicarbonate, methylamines, dimethyl formamide and dimethyl acetamide, formic acid, and argon. In addition, it offers soil testing and farmer training services, as well as publishes RCF Sheti Patrika, a monthly farm magazine. Rashtriya Chemicals and Fertilizers Limited was incorporated in 1978 and is based in Mumbai, India.", "fullTimeEmployees": 2234, "companyOfficers": [], "maxAge": 86400}, "netSharePurchaseActivity": {"maxAge": 1, "period": "6m", "buyInfoCount": 0, "buyInfoShares": 0, "sellInfoCount": 0, "netInfoCount": 0, "netInfoShares": 0, "netPercentInsiderShares": 0.0, "totalInsiderShares": 413909536}, "insiderTransactions": {"transactions": [{"maxAge": 1, "shares": 22067524, "filerUrl": "", "transactionText": "", "filerName": "President of India", "filerRelation": "Promoter", "moneyText": "", "startDate": "2017-06-29", "ownership": "D"}, {"maxAge": 1, "shares": 31632850, "filerUrl": "", "transactionText": "", "filerName": "Life Insurance Corporation of India", "filerRelation": "Institution- Corporation", "moneyText": "", "startDate": "2013-03-12", "ownership": "D"}, {"maxAge": 1, "shares": 68961012, "filerUrl": "", "transactionText": "", "filerName": "President of India", "filerRelation": "Promoter", "moneyText": "", "startDate": "2013-03-08", "ownership": "D"}], "maxAge": 1}, "sectorTrend": {"maxAge": 1, "symbol": null, "estimates": []}, "incomeStatementHistoryQuarterly": {"incomeStatementHistory": [{"maxAge": 1, "endDate": "2020-12-31", "totalRevenue": 20478800000, "costOfRevenue": 15654000000, "grossProfit": 4824800000, "researchDevelopment": {}, "sellingGeneralAdministrative": 1489100000, "nonRecurring": {}, "otherOperatingExpenses": 1063100000, "totalOperatingExpenses": 18640700000, "operatingIncome": 1838100000, "totalOtherIncomeExpenseNet": -381100000, "ebit": 1838100000, "interestExpense": -387500000, "incomeBeforeTax": 1457000000, "incomeTaxExpense": 469900000, "minorityInterest": {}, "netIncomeFromContinuingOps": 987100000, "discontinuedOperations": {}, "extraordinaryItems": {}, "effectOfAccountingCharges": {}, "otherItems": {}, "netIncome": 987100000, "netIncomeApplicableToCommonShares": 987100000}, {"maxAge": 1, "endDate": "2020-09-30", "totalRevenue": 23169400000, "costOfRevenue": 18679500000, "grossProfit": 4489900000, "researchDevelopment": {}, "sellingGeneralAdministrative": 1419400000, "nonRecurring": {}, "otherOperatingExpenses": 760700000, "totalOperatingExpenses": 21288900000, "operatingIncome": 1880500000, "totalOtherIncomeExpenseNet": -488400000, "ebit": 1880500000, "interestExpense": -488800000, "incomeBeforeTax": 1392100000, "incomeTaxExpense": 353300000, "minorityInterest": {}, "netIncomeFromContinuingOps": 1038800000, "discontinuedOperations": {}, "extraordinaryItems": {}, "effectOfAccountingCharges": {}, "otherItems": {}, "netIncome": 1038800000, "netIncomeApplicableToCommonShares": 1038800000}, {"maxAge": 1, "endDate": "2020-06-30", "totalRevenue": 16210500000, "costOfRevenue": 12893600000, "grossProfit": 3316900000, "researchDevelopment": {}, "sellingGeneralAdministrative": 1350700000, "nonRecurring": {}, "otherOperatingExpenses": 702100000, "totalOperatingExpenses": 15372300000, "operatingIncome": 838200000, "totalOtherIncomeExpenseNet": -562600000, "ebit": 838200000, "interestExpense": -562800000, "incomeBeforeTax": 275600000, "incomeTaxExpense": 83600000, "minorityInterest": {}, "netIncomeFromContinuingOps": 192000000, "discontinuedOperations": {}, "extraordinaryItems": {}, "effectOfAccountingCharges": {}, "otherItems": {}, "netIncome": 192000000, "netIncomeApplicableToCommonShares": 192000000}, {"maxAge": 1, "endDate": "2020-03-31", "totalRevenue": 26060000000, "costOfRevenue": -13764000000, "grossProfit": 39824000000, "researchDevelopment": {}, "sellingGeneralAdministrative": 2186500000, "nonRecurring": {}, "otherOperatingExpenses": 33952700000, "totalOperatingExpenses": 22784000000, "operatingIncome": 3276000000, "totalOtherIncomeExpenseNet": -1273700000, "ebit": 3276000000, "interestExpense": -787300000, "incomeBeforeTax": 2002300000, "incomeTaxExpense": 578500000, "minorityInterest": {}, "netIncomeFromContinuingOps": 1423800000, "discontinuedOperations": {}, "extraordinaryItems": {}, "effectOfAccountingCharges": {}, "otherItems": {}, "netIncome": 1423800000, "netIncomeApplicableToCommonShares": 1423800000}], "maxAge": 86400}, "cashflowStatementHistoryQuarterly": {"cashflowStatements": [{"maxAge": 1, "endDate": "2020-12-31", "netIncome": 987100000, "changeToLiabilities": 0}, {"maxAge": 1, "endDate": "2020-09-30", "netIncome": 1038800000, "changeToLiabilities": 0}, {"maxAge": 1, "endDate": "2020-06-30", "netIncome": 192000000, "changeToLiabilities": 0}, {"maxAge": 1, "endDate": "2020-03-31", "netIncome": 1423800000, "changeToLiabilities": 0}], "maxAge": 86400}, "earnings": {"maxAge": 86400, "earningsChart": {"quarterly": [], "earningsDate": []}, "financialsChart": {"yearly": [{"date": 2017, "revenue": 70991600000, "earnings": 1792500000}, {"date": 2018, "revenue": 72549500000, "earnings": 788200000}, {"date": 2019, "revenue": 88854700000, "earnings": 1329200000}, {"date": 2020, "revenue": 96979500000, "earnings": 2071300000}], "quarterly": [{"date": "1Q2020", "revenue": 26060000000, "earnings": 1423800000}, {"date": "2Q2020", "revenue": 16210500000, "earnings": 192000000}, {"date": "3Q2020", "revenue": 23169400000, "earnings": 1038800000}, {"date": "4Q2020", "revenue": 20478800000, "earnings": 987100000}]}, "financialCurrency": "INR"}, "financialData": {"maxAge": 86400, "currentPrice": 73.35, "targetHighPrice": 70.0, "targetLowPrice": 67.0, "targetMeanPrice": 68.5, "targetMedianPrice": 68.5, "recommendationMean": 2.0, "recommendationKey": "buy", "numberOfAnalystOpinions": 2, "totalCash": 15953600512, "totalCashPerShare": 28.918, "ebitda": 9554950144, "totalDebt": 22092900352, "totalRevenue": 85918703616, "debtToEquity": 67.004, "revenuePerShare": 156.099, "grossProfits": 48873400000, "earningsGrowth": 0.261, "revenueGrowth": -0.08, "grossMargins": 0.61053, "ebitdaMargins": 0.11121, "operatingMargins": 0.09117, "profitMargins": 0.04239, "financialCurrency": "INR"}}}