{"RCIIND.BO": {"recommendationTrend": {"trend": [{"period": "0m", "strongBuy": 0, "buy": 0, "hold": 0, "sell": 0, "strongSell": 0}, {"period": "-1m", "strongBuy": 0, "buy": 0, "hold": 0, "sell": 0, "strongSell": 0}, {"period": "-2m", "strongBuy": 0, "buy": 0, "hold": 0, "sell": 0, "strongSell": 0}, {"period": "-3m", "strongBuy": 0, "buy": 0, "hold": 0, "sell": 0, "strongSell": 0}], "maxAge": 86400}, "cashflowStatementHistory": {"cashflowStatements": [{"maxAge": 1, "endDate": "2020-03-31", "netIncome": -1663504741, "depreciation": 132315614, "changeToNetincome": 70635828, "changeToAccountReceivables": 264114693, "changeToLiabilities": 292001170, "changeToInventory": 679028366, "changeToOperatingActivities": 444092917, "totalCashFromOperatingActivities": 220084410, "capitalExpenditures": -54906351, "investments": 26190839, "otherCashflowsFromInvestingActivities": 148084821, "totalCashflowsFromInvestingActivities": 119369309, "netBorrowings": -182869173, "otherCashflowsFromFinancingActivities": -159037548, "totalCashFromFinancingActivities": -341906721, "changeInCash": -2453002}, {"maxAge": 1, "endDate": "2019-03-31", "netIncome": 366656963, "depreciation": 117563378, "changeToNetincome": 339476771, "changeToAccountReceivables": -119327014, "changeToLiabilities": 224829385, "changeToInventory": -181223808, "changeToOperatingActivities": -298226549, "totalCashFromOperatingActivities": 452289405, "capitalExpenditures": -512945778, "investments": -20000000, "otherCashflowsFromInvestingActivities": 41404182, "totalCashflowsFromInvestingActivities": -491541596, "netBorrowings": 273475933, "otherCashflowsFromFinancingActivities": -240482933, "totalCashFromFinancingActivities": 32993000, "changeInCash": -6259192}, {"maxAge": 1, "endDate": "2018-03-31", "netIncome": 328007651, "depreciation": 49880254, "changeToNetincome": 206709342, "changeToAccountReceivables": 74170378, "changeToLiabilities": -263230040, "changeToInventory": -281241425, "changeToOperatingActivities": -157596225, "totalCashFromOperatingActivities": -43300065, "capitalExpenditures": -332247438, "investments": -4219245, "otherCashflowsFromInvestingActivities": 400147417, "totalCashflowsFromInvestingActivities": 63680734, "dividendsPaid": -8115826, "netBorrowings": -303397221, "otherCashflowsFromFinancingActivities": -191148784, "totalCashFromFinancingActivities": 1338169, "changeInCash": 21718838, "issuanceOfStock": 504000000}, {"maxAge": 1, "endDate": "2017-03-31", "netIncome": 358396983, "depreciation": 24125771, "changeToNetincome": 125843419, "changeToAccountReceivables": -371635478, "changeToLiabilities": 38661320, "changeToInventory": 19960913, "changeToOperatingActivities": -54177045, "totalCashFromOperatingActivities": 141175883, "capitalExpenditures": -374850077, "investments": 363987088, "otherCashflowsFromInvestingActivities": -471368758, "totalCashflowsFromInvestingActivities": -561171522, "dividendsPaid": -8115826, "netBorrowings": 41425052, "otherCashflowsFromFinancingActivities": -128654054, "totalCashFromFinancingActivities": 403595998, "changeInCash": -16399641, "issuanceOfStock": 490825000}], "maxAge": 86400}, "institutionOwnership": {"ownershipList": [], "maxAge": 1}, "balanceSheetHistoryQuarterly": {"balanceSheetStatements": [{"maxAge": 1, "endDate": "2020-06-30", "totalStockholderEquity": 1086203133, "netTangibleAssets": 1084496525}, {"maxAge": 1, "endDate": "2020-03-31", "cash": 18004581, "netReceivables": 2436425376, "inventory": 525796751, "otherCurrentAssets": 199834292, "totalCurrentAssets": 3180061000, "longTermInvestments": 118616395, "propertyPlantEquipment": 994277204, "intangibleAssets": 1706608, "otherAssets": 124863070, "totalAssets": 4419524277, "accountsPayable": 679009204, "otherCurrentLiab": 229402891, "longTermDebt": 69520610, "otherLiab": 17356604, "totalCurrentLiabilities": 3246443930, "totalLiab": 3333321144, "commonStock": 156764150, "retainedEarnings": -358121144, "treasuryStock": 121718732, "capitalSurplus": 1165841395, "otherStockholderEquity": 121718732, "totalStockholderEquity": 1086203133, "netTangibleAssets": 1084496525}, {"maxAge": 1, "endDate": "2019-12-31", "totalStockholderEquity": 2110819000, "netTangibleAssets": 2108413000}, {"maxAge": 1, "endDate": "2019-09-30", "cash": 61865000, "shortTermInvestments": 26251000, "netReceivables": 2379192000, "inventory": 731025000, "otherCurrentAssets": 671312000, "totalCurrentAssets": 3869645000, "propertyPlantEquipment": 1092457000, "intangibleAssets": 2406000, "otherAssets": 80352000, "totalAssets": 5044860000, "accountsPayable": 772636000, "otherCurrentLiab": 249027000, "longTermDebt": 373922000, "otherLiab": 29225000, "totalCurrentLiabilities": 2530894000, "totalLiab": 2934041000, "commonStock": 156764000, "treasuryStock": 1954055000, "otherStockholderEquity": 1954055000, "totalStockholderEquity": 2110819000, "netTangibleAssets": 2108413000}], "maxAge": 86400}, "earningsHistory": {"history": [{"maxAge": 1, "epsActual": {}, "epsEstimate": {}, "epsDifference": {}, "surprisePercent": {}, "quarter": {}, "period": "-4q"}, {"maxAge": 1, "epsActual": {}, "epsEstimate": {}, "epsDifference": {}, "surprisePercent": {}, "quarter": {}, "period": "-3q"}, {"maxAge": 1, "epsActual": 4.38, "epsEstimate": 13.64, "epsDifference": -9.26, "surprisePercent": -0.679, "quarter": "2018-03-31", "period": "-2q"}, {"maxAge": 1, "epsActual": 2.92, "epsEstimate": 6.29, "epsDifference": -3.37, "surprisePercent": -0.536, "quarter": "2018-06-30", "period": "-1q"}], "maxAge": 86400}, "indexTrend": {"maxAge": 1, "symbol": "SP5", "peRatio": 19.7411, "pegRatio": 1.34172, "estimates": [{"period": "0q", "growth": 0.549}, {"period": "+1q", "growth": 0.431}, {"period": "0y", "growth": 0.305}, {"period": "+1y", "growth": 0.109}, {"period": "+5y", "growth": 0.120859005}, {"period": "-5y"}]}, "industryTrend": {"maxAge": 1, "symbol": null, "estimates": []}, "insiderTransactions": {"transactions": [{"maxAge": 1, "shares": 595840, "filerUrl": "", "transactionText": "", "filerName": "Gupta (Mamta)", "filerRelation": "Promoter", "moneyText": "", "startDate": "2019-08-02", "ownership": "D"}, {"maxAge": 1, "shares": 1532160, "filerUrl": "", "transactionText": "", "filerName": "Gupta (Rajeev)", "filerRelation": "Promoter", "moneyText": "", "startDate": "2019-08-02", "ownership": "D"}], "maxAge": 1}, "quoteType": {"exchange": "BSE", "quoteType": "EQUITY", "symbol": "RCIIND.BO", "underlyingSymbol": "RCIIND.BO", "shortName": "RCI INDUSTRIES & TECHNOLOGIES", "longName": "RCI Industries & Technologies Limited", "firstTradeDateEpochUtc": "2014-01-21 09:15:00", "timeZoneFullName": "Asia/Kolkata", "timeZoneShortName": "IST", "uuid": "aab19cf1-98da-3078-9065-18e1eb88ffdc", "gmtOffSetMilliseconds": 19800000, "maxAge": 1}, "incomeStatementHistory": {"incomeStatementHistory": [{"maxAge": 1, "endDate": "2020-03-31", "totalRevenue": 4568309580, "costOfRevenue": 5061637976, "grossProfit": -493328396, "researchDevelopment": {}, "sellingGeneralAdministrative": 102664671, "nonRecurring": {}, "otherOperatingExpenses": 568513165, "totalOperatingExpenses": 5866531989, "operatingIncome": -1298222409, "totalOtherIncomeExpenseNet": -372735507, "ebit": -1298222409, "interestExpense": -142764849, "incomeBeforeTax": -1670957916, "incomeTaxExpense": -7453175, "minorityInterest": {}, "netIncomeFromContinuingOps": -1663504741, "discontinuedOperations": {}, "extraordinaryItems": {}, "effectOfAccountingCharges": {}, "otherItems": {}, "netIncome": -1663504741, "netIncomeApplicableToCommonShares": -1663504741}, {"maxAge": 1, "endDate": "2019-03-31", "totalRevenue": 19978049308, "costOfRevenue": 18846160476, "grossProfit": 1131888832, "researchDevelopment": {}, "sellingGeneralAdministrative": 128560716, "nonRecurring": {}, "otherOperatingExpenses": 193443282, "totalOperatingExpenses": 19288268131, "operatingIncome": 689781177, "totalOtherIncomeExpenseNet": -233267789, "ebit": 689781177, "interestExpense": -212174114, "incomeBeforeTax": 456513388, "incomeTaxExpense": 89856425, "minorityInterest": {}, "netIncomeFromContinuingOps": 366656963, "discontinuedOperations": {}, "extraordinaryItems": {}, "effectOfAccountingCharges": {}, "otherItems": {}, "netIncome": 366656963, "netIncomeApplicableToCommonShares": 366656963}, {"maxAge": 1, "endDate": "2018-03-31", "totalRevenue": 20331471124, "costOfRevenue": 19484008597, "grossProfit": 847462527, "researchDevelopment": {}, "sellingGeneralAdministrative": 93680156, "nonRecurring": {}, "otherOperatingExpenses": 175484001, "totalOperatingExpenses": 19803053008, "operatingIncome": 528418116, "totalOtherIncomeExpenseNet": -124679793, "ebit": 528418116, "interestExpense": -167178632, "incomeBeforeTax": 403738323, "incomeTaxExpense": 75730672, "minorityInterest": {}, "netIncomeFromContinuingOps": 328007651, "discontinuedOperations": {}, "extraordinaryItems": {}, "effectOfAccountingCharges": {}, "otherItems": {}, "netIncome": 328007651, "netIncomeApplicableToCommonShares": 328007651}, {"maxAge": 1, "endDate": "2017-03-31", "totalRevenue": 17347532546, "costOfRevenue": 16568990943, "grossProfit": 778541603, "researchDevelopment": {}, "sellingGeneralAdministrative": 56269171, "nonRecurring": {}, "otherOperatingExpenses": 169617256, "totalOperatingExpenses": 16819003141, "operatingIncome": 528529405, "totalOtherIncomeExpenseNet": -135193268, "ebit": 528529405, "interestExpense": -112976074, "incomeBeforeTax": 393336137, "incomeTaxExpense": 34939154, "minorityInterest": {}, "netIncomeFromContinuingOps": 358396983, "discontinuedOperations": {}, "extraordinaryItems": {}, "effectOfAccountingCharges": {}, "otherItems": {}, "netIncome": 358396983, "netIncomeApplicableToCommonShares": 358396983}], "maxAge": 86400}, "fundOwnership": {"ownershipList": [], "maxAge": 1}, "summaryDetail": {"maxAge": 1, "priceHint": 2, "previousClose": 7.72, "open": 7.7, "dayLow": 7.45, "dayHigh": 7.86, "regularMarketPreviousClose": 7.72, "regularMarketOpen": 7.7, "regularMarketDayLow": 7.45, "regularMarketDayHigh": 7.86, "forwardPE": 0.2326969, "volume": 8826, "regularMarketVolume": 8826, "averageVolume": 10926, "averageVolume10days": 3361, "averageDailyVolume10Day": 3361, "bid": 7.5, "ask": 7.8, "bidSize": 0, "askSize": 0, "marketCap": 104803920, "fiftyTwoWeekLow": 4.5, "fiftyTwoWeekHigh": 15.68, "fiftyDayAverage": 8.51, "twoHundredDayAverage": 9.3283825, "trailingAnnualDividendRate": 0.0, "trailingAnnualDividendYield": 0.0, "currency": "INR", "fromCurrency": null, "lastMarket": null, "algorithm": null, "tradeable": false}, "sectorTrend": {"maxAge": 1, "symbol": null, "estimates": []}, "incomeStatementHistoryQuarterly": {"incomeStatementHistory": [{"maxAge": 1, "endDate": "2020-06-30", "totalRevenue": 83805000, "costOfRevenue": 96211000, "grossProfit": -12406000, "researchDevelopment": {}, "sellingGeneralAdministrative": 12353000, "nonRecurring": {}, "otherOperatingExpenses": 116141000, "totalOperatingExpenses": 256779000, "operatingIncome": -172974000, "totalOtherIncomeExpenseNet": 6149000, "ebit": -172974000, "interestExpense": -71000, "incomeBeforeTax": -166825000, "incomeTaxExpense": -2774000, "minorityInterest": {}, "netIncomeFromContinuingOps": -164051000, "discontinuedOperations": {}, "extraordinaryItems": {}, "effectOfAccountingCharges": {}, "otherItems": {}, "netIncome": -164051000, "netIncomeApplicableToCommonShares": -164051000}, {"maxAge": 1, "endDate": "2020-03-31", "totalRevenue": 776370580, "costOfRevenue": 1168241976, "grossProfit": -391871396, "researchDevelopment": {}, "sellingGeneralAdministrative": 22823671, "nonRecurring": {}, "otherOperatingExpenses": 417639165, "totalOperatingExpenses": 1632448989, "operatingIncome": -856078409, "totalOtherIncomeExpenseNet": 58512493, "ebit": -856078409, "interestExpense": -71000, "incomeBeforeTax": -797565916, "incomeTaxExpense": -9518175, "minorityInterest": {}, "netIncomeFromContinuingOps": -788047741, "discontinuedOperations": {}, "extraordinaryItems": {}, "effectOfAccountingCharges": {}, "otherItems": {}, "netIncome": -788047741, "netIncomeApplicableToCommonShares": -788047741}, {"maxAge": 1, "endDate": "2019-12-31", "totalRevenue": 716554000, "costOfRevenue": 852031000, "grossProfit": -135477000, "researchDevelopment": {}, "sellingGeneralAdministrative": 23361000, "nonRecurring": {}, "otherOperatingExpenses": 42559000, "totalOperatingExpenses": 955996000, "operatingIncome": -239442000, "totalOtherIncomeExpenseNet": -44011000, "ebit": -239442000, "interestExpense": -53729000, "incomeBeforeTax": -283453000, "incomeTaxExpense": -2529000, "minorityInterest": {}, "netIncomeFromContinuingOps": -280924000, "discontinuedOperations": {}, "extraordinaryItems": {}, "effectOfAccountingCharges": {}, "otherItems": {}, "netIncome": -280924000, "netIncomeApplicableToCommonShares": -280924000}, {"maxAge": 1, "endDate": "2019-09-30", "totalRevenue": 878808000, "costOfRevenue": 1050643000, "grossProfit": -171835000, "researchDevelopment": {}, "sellingGeneralAdministrative": 26694000, "nonRecurring": {}, "otherOperatingExpenses": 51884000, "totalOperatingExpenses": 1167135000, "operatingIncome": -288327000, "totalOtherIncomeExpenseNet": -171818000, "ebit": -288327000, "interestExpense": -44610000, "incomeBeforeTax": -460145000, "incomeTaxExpense": 6731000, "minorityInterest": {}, "netIncomeFromContinuingOps": -466876000, "discontinuedOperations": {}, "extraordinaryItems": {}, "effectOfAccountingCharges": {}, "otherItems": {}, "netIncome": -466876000, "netIncomeApplicableToCommonShares": -466876000}], "maxAge": 86400}, "cashflowStatementHistoryQuarterly": {"cashflowStatements": [{"maxAge": 1, "endDate": "2020-06-30", "netIncome": -164051000, "changeToLiabilities": 0}, {"maxAge": 1, "endDate": "2020-03-31", "netIncome": -788047741, "changeToLiabilities": 0}, {"maxAge": 1, "endDate": "2019-12-31", "netIncome": -280924000, "changeToLiabilities": 0}, {"maxAge": 1, "endDate": "2019-09-30", "netIncome": -466876000, "changeToLiabilities": 0}], "maxAge": 86400}, "insiderHolders": {"holders": [{"maxAge": 1, "name": "Gupta (Mamta)", "relation": "Promoter", "url": "", "transactionDescription": "Other", "latestTransDate": "2019-08-02", "positionDirect": 1164930, "positionDirectDate": "2019-08-02"}, {"maxAge": 1, "name": "Gupta (Rajeev)", "relation": "Promoter", "url": "", "transactionDescription": "Other", "latestTransDate": "2019-08-02", "positionDirect": 6296880, "positionDirectDate": "2019-08-02"}], "maxAge": 1}, "earnings": {"maxAge": 86400, "earningsChart": {"quarterly": [{"date": "1Q2018", "actual": 4.38, "estimate": 13.64}, {"date": "2Q2018", "actual": 2.92, "estimate": 6.29}], "currentQuarterEstimateDate": "3Q", "currentQuarterEstimateYear": 2018, "earningsDate": ["2020-08-31 05:30:S"]}, "financialsChart": {"yearly": [{"date": 2017, "revenue": 17347532546, "earnings": 358396983}, {"date": 2018, "revenue": 20331471124, "earnings": 328007651}, {"date": 2019, "revenue": 19978049308, "earnings": 366656963}, {"date": 2020, "revenue": 4568309580, "earnings": -1663504741}], "quarterly": [{"date": "3Q2019", "revenue": 878808000, "earnings": -466876000}, {"date": "4Q2019", "revenue": 716554000, "earnings": -280924000}, {"date": "1Q2020", "revenue": 776370580, "earnings": -788047741}, {"date": "2Q2020", "revenue": 83805000, "earnings": -164051000}]}, "financialCurrency": "INR"}, "calendarEvents": {"maxAge": 1, "earnings": {"earningsDate": ["2020-08-31 05:30:S"], "revenueAverage": 4606450000}}, "upgradeDowngradeHistory": {"history": [], "maxAge": 86400}, "price": {"maxAge": 1, "regularMarketChangePercent": 0.010362747, "regularMarketChange": 0.0800004, "regularMarketTime": "2021-04-30 15:15:45", "priceHint": 2, "regularMarketPrice": 7.8, "regularMarketDayHigh": 7.86, "regularMarketDayLow": 7.45, "regularMarketVolume": 8826, "averageDailyVolume10Day": 3361, "averageDailyVolume3Month": 10926, "regularMarketPreviousClose": 7.72, "regularMarketSource": "FREE_REALTIME", "regularMarketOpen": 7.7, "exchange": "BSE", "exchangeName": "BSE", "exchangeDataDelayedBy": 0, "marketState": "CLOSED", "quoteType": "EQUITY", "symbol": "RCIIND.BO", "underlyingSymbol": null, "shortName": "RCI INDUSTRIES & TECHNOLOGIES", "longName": "RCI Industries & Technologies Limited", "currency": "INR", "quoteSourceName": "Delayed Quote", "currencySymbol": "\u20b9", "fromCurrency": null, "lastMarket": null, "marketCap": 104803920}, "balanceSheetHistory": {"balanceSheetStatements": [{"maxAge": 1, "endDate": "2020-03-31", "cash": 18004581, "netReceivables": 2436425376, "inventory": 525796751, "otherCurrentAssets": 199834292, "totalCurrentAssets": 3180061000, "longTermInvestments": 118616395, "propertyPlantEquipment": 994277204, "intangibleAssets": 1706608, "otherAssets": 124863070, "totalAssets": 4419524277, "accountsPayable": 679009204, "otherCurrentLiab": 229402891, "longTermDebt": 69520610, "otherLiab": 17356604, "totalCurrentLiabilities": 3246443930, "totalLiab": 3333321144, "commonStock": 156764150, "retainedEarnings": -358121144, "treasuryStock": 121718732, "capitalSurplus": 1165841395, "otherStockholderEquity": 121718732, "totalStockholderEquity": 1086203133, "netTangibleAssets": 1084496525}, {"maxAge": 1, "endDate": "2019-03-31", "cash": 20457583, "netReceivables": 2733923740, "inventory": 1461620956, "otherCurrentAssets": 488530815, "totalCurrentAssets": 4730723933, "propertyPlantEquipment": 1071686466, "intangibleAssets": 3107171, "otherAssets": 128441852, "totalAssets": 5933959422, "accountsPayable": 1470404814, "otherCurrentLiab": 250567409, "longTermDebt": 370805665, "otherLiab": 23860141, "totalCurrentLiabilities": 2852188078, "totalLiab": 3246853884, "commonStock": 134364150, "retainedEarnings": 1321969182, "treasuryStock": 546530811, "capitalSurplus": 684241395, "otherStockholderEquity": 546530811, "totalStockholderEquity": 2687105538, "netTangibleAssets": 2683998367}, {"maxAge": 1, "endDate": "2018-03-31", "cash": 26716775, "netReceivables": 2646850890, "inventory": 1043135951, "otherCurrentAssets": 472245176, "totalCurrentAssets": 4207585876, "propertyPlantEquipment": 662055507, "intangibleAssets": 5635250, "otherAssets": 61341139, "totalAssets": 4936617772, "accountsPayable": 1245575429, "otherCurrentLiab": 146558786, "longTermDebt": 52373297, "otherLiab": 19203625, "totalCurrentLiabilities": 2572247256, "totalLiab": 2643824178, "commonStock": 134364150, "retainedEarnings": 968644769, "treasuryStock": 505543280, "capitalSurplus": 684241395, "otherStockholderEquity": 505543280, "totalStockholderEquity": 2292793594, "netTangibleAssets": 2287158344}, {"maxAge": 1, "endDate": "2017-03-31", "cash": 4997937, "netReceivables": 2649868839, "inventory": 836491344, "otherCurrentAssets": 763003290, "totalCurrentAssets": 4258921400, "propertyPlantEquipment": 399584332, "otherAssets": 416492896, "totalAssets": 5074998628, "accountsPayable": 1508805469, "otherCurrentLiab": 191799363, "longTermDebt": 300000000, "otherLiab": 310272401, "totalCurrentLiabilities": 2990322105, "totalLiab": 3600594506, "commonStock": 134364150, "retainedEarnings": 655850523, "treasuryStock": -51946, "capitalSurplus": 684241395, "otherStockholderEquity": -51946, "totalStockholderEquity": 1474404122, "netTangibleAssets": 1474404122}], "maxAge": 86400}, "earningsTrend": {"trend": [{"maxAge": 1, "period": "0q", "endDate": "2018-09-30", "growth": {}, "earningsEstimate": {"avg": 0.0, "low": 0.0, "high": 0.0, "yearAgoEps": {}, "numberOfAnalysts": 0, "growth": {}}, "revenueEstimate": {"avg": 4606450000, "low": 0, "high": 0, "numberOfAnalysts": 0, "yearAgoRevenue": {}, "growth": {}}, "epsTrend": {"current": 0.0, "7daysAgo": 0.0, "30daysAgo": 0.0, "60daysAgo": 0.0, "90daysAgo": 0.0}, "epsRevisions": {"upLast7days": 0, "upLast30days": 0, "downLast30days": 0, "downLast90days": {}}}, {"maxAge": 1, "period": "+1q", "endDate": "2018-12-31", "growth": {}, "earningsEstimate": {"avg": 0.0, "low": 0.0, "high": 0.0, "yearAgoEps": {}, "numberOfAnalysts": 0, "growth": {}}, "revenueEstimate": {"avg": 0, "low": 0, "high": 0, "numberOfAnalysts": 0, "yearAgoRevenue": {}, "growth": {}}, "epsTrend": {"current": 0.0, "7daysAgo": 0.0, "30daysAgo": 0.0, "60daysAgo": 0.0, "90daysAgo": 0.0}, "epsRevisions": {"upLast7days": 0, "upLast30days": 0, "downLast30days": 0, "downLast90days": {}}}, {"maxAge": 1, "period": "0y", "endDate": "2019-03-31", "growth": {}, "earningsEstimate": {"avg": 0.0, "low": 0.0, "high": 0.0, "yearAgoEps": {}, "numberOfAnalysts": 0, "growth": {}}, "revenueEstimate": {"avg": 23938800000, "low": 23938800000, "high": 23938800000, "numberOfAnalysts": 1, "yearAgoRevenue": 20373500000, "growth": 0.175}, "epsTrend": {"current": 0.0, "7daysAgo": 28.51, "30daysAgo": 28.51, "60daysAgo": 28.51, "90daysAgo": 28.51}, "epsRevisions": {"upLast7days": 0, "upLast30days": 0, "downLast30days": 0, "downLast90days": {}}}, {"maxAge": 1, "period": "+1y", "endDate": "2020-03-31", "growth": {}, "earningsEstimate": {"avg": 0.0, "low": 0.0, "high": 0.0, "yearAgoEps": {}, "numberOfAnalysts": 0, "growth": {}}, "revenueEstimate": {"avg": 27529700000, "low": 27529700000, "high": 27529700000, "numberOfAnalysts": 1, "yearAgoRevenue": 23938800000, "growth": 0.15}, "epsTrend": {"current": 0.0, "7daysAgo": 33.52, "30daysAgo": 33.52, "60daysAgo": 33.52, "90daysAgo": 33.52}, "epsRevisions": {"upLast7days": 0, "upLast30days": 0, "downLast30days": 0, "downLast90days": {}}}, {"maxAge": 1, "period": "+5y", "endDate": null, "growth": {}, "earningsEstimate": {"avg": {}, "low": {}, "high": {}, "yearAgoEps": {}, "numberOfAnalysts": {}, "growth": {}}, "revenueEstimate": {"avg": {}, "low": {}, "high": {}, "numberOfAnalysts": {}, "yearAgoRevenue": {}, "growth": {}}, "epsTrend": {"current": {}, "7daysAgo": {}, "30daysAgo": {}, "60daysAgo": {}, "90daysAgo": {}}, "epsRevisions": {"upLast7days": {}, "upLast30days": {}, "downLast30days": {}, "downLast90days": {}}}, {"maxAge": 1, "period": "-5y", "endDate": null, "growth": {}, "earningsEstimate": {"avg": {}, "low": {}, "high": {}, "yearAgoEps": {}, "numberOfAnalysts": {}, "growth": {}}, "revenueEstimate": {"avg": {}, "low": {}, "high": {}, "numberOfAnalysts": {}, "yearAgoRevenue": {}, "growth": {}}, "epsTrend": {"current": {}, "7daysAgo": {}, "30daysAgo": {}, "60daysAgo": {}, "90daysAgo": {}}, "epsRevisions": {"upLast7days": {}, "upLast30days": {}, "downLast30days": {}, "downLast90days": {}}}], "maxAge": 1}, "financialData": {"maxAge": 86400, "currentPrice": 7.8, "recommendationKey": "none", "grossProfits": -493328396, "financialCurrency": "INR"}}}