{"RCOM.BO": {"cashflowStatementHistory": {"cashflowStatements": [{"maxAge": 1, "endDate": "2020-03-31", "netIncome": -426710000000, "depreciation": 3540000000, "changeToNetincome": 111170000000, "changeToAccountReceivables": 340000000, "changeToLiabilities": 311540000000, "changeToInventory": 310000000, "totalCashFromOperatingActivities": 190000000, "capitalExpenditures": -110000000, "otherCashflowsFromInvestingActivities": 160000000, "totalCashflowsFromInvestingActivities": 50000000, "netBorrowings": -20000000, "otherCashflowsFromFinancingActivities": -520000000, "totalCashFromFinancingActivities": -540000000, "changeInCash": -3900000000}, {"maxAge": 1, "endDate": "2019-03-31", "netIncome": -72060000000, "depreciation": 8200000000, "changeToNetincome": 68770000000, "changeToAccountReceivables": -4050000000, "changeToLiabilities": 2720000000, "changeToInventory": 160000000, "totalCashFromOperatingActivities": 3740000000, "capitalExpenditures": -2840000000, "investments": 230000000, "otherCashflowsFromInvestingActivities": 60000000, "totalCashflowsFromInvestingActivities": 7190000000, "netBorrowings": 2260000000, "otherCashflowsFromFinancingActivities": -10940000000, "totalCashFromFinancingActivities": -8680000000, "changeInCash": 2250000000}, {"maxAge": 1, "endDate": "2018-03-31", "netIncome": -238390000000, "depreciation": 7210000000, "changeToNetincome": 233900000000, "changeToAccountReceivables": 21780000000, "changeToLiabilities": -15510000000, "changeToInventory": 650000000, "totalCashFromOperatingActivities": 9640000000, "capitalExpenditures": -5910000000, "investments": 2110000000, "otherCashflowsFromInvestingActivities": 920000000, "totalCashflowsFromInvestingActivities": -2680000000, "netBorrowings": 6310000000, "otherCashflowsFromFinancingActivities": -15350000000, "totalCashFromFinancingActivities": -9040000000, "changeInCash": -2080000000}, {"maxAge": 1, "endDate": "2017-03-31", "netIncome": -14030000000, "depreciation": 8210000000, "changeToNetincome": 63650000000, "changeToAccountReceivables": -18640000000, "changeToLiabilities": -42800000000, "changeToInventory": -270000000, "totalCashFromOperatingActivities": -3880000000, "capitalExpenditures": -39200000000, "investments": 3370000000, "otherCashflowsFromInvestingActivities": 1490000000, "totalCashflowsFromInvestingActivities": 8120000000, "dividendsPaid": -20000000, "netBorrowings": 33140000000, "otherCashflowsFromFinancingActivities": -34850000000, "totalCashFromFinancingActivities": -1730000000, "changeInCash": 2510000000}], "maxAge": 86400}, "institutionOwnership": {"ownershipList": [], "maxAge": 1}, "balanceSheetHistoryQuarterly": {"balanceSheetStatements": [{"maxAge": 1, "endDate": "2020-06-30", "totalStockholderEquity": -481560000000, "netTangibleAssets": -496470000000}, {"maxAge": 1, "endDate": "2020-03-31", "cash": 4420000000, "shortTermInvestments": 5600000000, "netReceivables": 5520000000, "inventory": 320000000, "otherCurrentAssets": 407650000000, "totalCurrentAssets": 423510000000, "longTermInvestments": 570000000, "propertyPlantEquipment": 24150000000, "goodWill": 14720000000, "intangibleAssets": 190000000, "otherAssets": 16860000000, "deferredLongTermAssetCharges": 80000000, "totalAssets": 480000000000, "accountsPayable": 41830000000, "shortLongTermDebt": 148470000000, "otherCurrentLiab": 441780000000, "longTermDebt": 4680000000, "otherLiab": 14250000000, "minorityInterest": 3160000000, "totalCurrentLiabilities": 939470000000, "totalLiab": 958400000000, "commonStock": 13830000000, "retainedEarnings": -651840000000, "treasuryStock": 17510000000, "capitalSurplus": 138940000000, "otherStockholderEquity": 21420000000, "totalStockholderEquity": -481560000000, "netTangibleAssets": -496470000000}, {"maxAge": 1, "endDate": "2019-12-31", "totalStockholderEquity": -359550000000, "netTangibleAssets": -361290000000}, {"maxAge": 1, "endDate": "2019-09-30", "cash": 6690000000, "shortTermInvestments": 4180000000, "netReceivables": 7690000000, "inventory": 620000000, "otherCurrentAssets": 411600000000, "totalCurrentAssets": 430780000000, "longTermInvestments": 120350000000, "propertyPlantEquipment": 19590000000, "goodWill": 1470000000, "intangibleAssets": 270000000, "otherAssets": 12980000000, "deferredLongTermAssetCharges": 110000000, "totalAssets": 585440000000, "accountsPayable": 44560000000, "shortLongTermDebt": 448780000000, "otherCurrentLiab": 129440000000, "otherLiab": 16360000000, "minorityInterest": 3150000000, "totalCurrentLiabilities": 925480000000, "totalLiab": 941840000000, "commonStock": 13830000000, "treasuryStock": -373380000000, "otherStockholderEquity": -373380000000, "totalStockholderEquity": -359550000000, "netTangibleAssets": -361290000000}], "maxAge": 86400}, "indexTrend": {"maxAge": 1, "symbol": "SP5", "peRatio": 19.7411, "pegRatio": 1.34172, "estimates": [{"period": "0q", "growth": 0.549}, {"period": "+1q", "growth": 0.431}, {"period": "0y", "growth": 0.305}, {"period": "+1y", "growth": 0.109}, {"period": "+5y", "growth": 0.120865}, {"period": "-5y"}]}, "insiderTransactions": {"transactions": [{"maxAge": 1, "shares": 800000, "filerUrl": "", "transactionText": "", "filerName": "Shrikrishna Tradecom L.L.P.", "filerRelation": "Institution- Corporation", "moneyText": "", "startDate": "2020-03-17", "ownership": "D"}, {"maxAge": 1, "shares": 800000, "filerUrl": "", "transactionText": "", "filerName": "Dhwani Enterprises L.L.P", "filerRelation": "Institution- Corporation", "moneyText": "", "startDate": "2020-03-17", "ownership": "D"}, {"maxAge": 1, "shares": 800000, "filerUrl": "", "transactionText": "", "filerName": "Shreeji Comtrade L.L.P.", "filerRelation": "Institution- Corporation", "moneyText": "", "startDate": "2020-03-17", "ownership": "D"}, {"maxAge": 1, "shares": 800000, "filerUrl": "", "transactionText": "", "filerName": "Guruvas Commercials L.L.P", "filerRelation": "Institution- Corporation", "moneyText": "", "startDate": "2020-03-17", "ownership": "D"}, {"maxAge": 1, "shares": 700000, "filerUrl": "", "transactionText": "", "filerName": "Dhwani Enterprises L.L.P", "filerRelation": "Institution- Corporation", "moneyText": "", "startDate": "2019-03-28", "ownership": "D"}, {"maxAge": 1, "shares": 700000, "filerUrl": "", "transactionText": "", "filerName": "Shrikrishna Tradecom L.L.P.", "filerRelation": "Promoter", "moneyText": "", "startDate": "2019-03-28", "ownership": "D"}, {"maxAge": 1, "shares": 700000, "filerUrl": "", "transactionText": "", "filerName": "Guruvas Commercials L.L.P", "filerRelation": "Institution- Corporation", "moneyText": "", "startDate": "2019-03-28", "ownership": "D"}, {"maxAge": 1, "shares": 700000, "filerUrl": "", "transactionText": "", "filerName": "Shreeji Comtrade L.L.P.", "filerRelation": "Promoter", "moneyText": "", "startDate": "2019-03-28", "ownership": "D"}, {"maxAge": 1, "shares": 24698, "filerUrl": "", "transactionText": "", "filerName": "Ramachandran (Priti)", "filerRelation": "UNREPORTED", "moneyText": "", "startDate": "2013-10-09", "ownership": "D"}, {"maxAge": 1, "shares": 850000, "filerUrl": "", "transactionText": "", "filerName": "Solaris Information Technologies Pvt Ltd", "filerRelation": "Promoter", "moneyText": "", "startDate": "2011-11-03", "ownership": "D"}, {"maxAge": 1, "shares": 30000, "filerUrl": "", "transactionText": "", "filerName": "Ramachandran (Priti)", "filerRelation": "UNREPORTED", "moneyText": "", "startDate": "2011-07-04", "ownership": "D"}, {"maxAge": 1, "shares": 3000, "filerUrl": "", "transactionText": "", "filerName": "Prashar (Anurag)", "filerRelation": "UNREPORTED", "moneyText": "", "startDate": "2010-11-22", "ownership": "D"}], "maxAge": 1}, "quoteType": {"exchange": "BSE", "quoteType": "EQUITY", "symbol": "RCOM.BO", "underlyingSymbol": "RCOM.BO", "shortName": "RELIANCE COMMUNICATIONS LTD.", "longName": "Reliance Communications Limited", "firstTradeDateEpochUtc": "2000-01-03 09:15:00", "timeZoneFullName": "Asia/Kolkata", "timeZoneShortName": "IST", "uuid": "bee9d1b9-20f6-3f91-9973-cc0cd7ffdd06", "gmtOffSetMilliseconds": 19800000, "maxAge": 1}, "incomeStatementHistory": {"incomeStatementHistory": [{"maxAge": 1, "endDate": "2020-03-31", "totalRevenue": 17310000000, "costOfRevenue": 13280000000, "grossProfit": 4030000000, "researchDevelopment": {}, "sellingGeneralAdministrative": 5730000000, "nonRecurring": {}, "otherOperatingExpenses": {}, "totalOperatingExpenses": 22550000000, "operatingIncome": -5240000000, "totalOtherIncomeExpenseNet": -102690000000, "ebit": -5240000000, "interestExpense": -430000000, "incomeBeforeTax": -107930000000, "incomeTaxExpense": 140000000, "minorityInterest": 3160000000, "netIncomeFromContinuingOps": -108070000000, "discontinuedOperations": -318700000000, "extraordinaryItems": {}, "effectOfAccountingCharges": {}, "otherItems": {}, "netIncome": -426710000000, "netIncomeApplicableToCommonShares": -426710000000}, {"maxAge": 1, "endDate": "2019-03-31", "totalRevenue": 41910000000, "costOfRevenue": 26750000000, "grossProfit": 15160000000, "researchDevelopment": {}, "sellingGeneralAdministrative": 9590000000, "nonRecurring": {}, "otherOperatingExpenses": {}, "totalOperatingExpenses": 44540000000, "operatingIncome": -2630000000, "totalOtherIncomeExpenseNet": 18210000000, "ebit": -2630000000, "interestExpense": -1750000000, "incomeBeforeTax": 15580000000, "incomeTaxExpense": 24250000000, "minorityInterest": 3220000000, "netIncomeFromContinuingOps": -8670000000, "discontinuedOperations": -63510000000, "extraordinaryItems": {}, "effectOfAccountingCharges": {}, "otherItems": {}, "netIncome": -72060000000, "netIncomeApplicableToCommonShares": -72060000000}, {"maxAge": 1, "endDate": "2018-03-31", "totalRevenue": 46720000000, "costOfRevenue": 32680000000, "grossProfit": 14040000000, "researchDevelopment": {}, "sellingGeneralAdministrative": 5170000000, "nonRecurring": {}, "otherOperatingExpenses": {}, "totalOperatingExpenses": 45060000000, "operatingIncome": 1660000000, "totalOtherIncomeExpenseNet": -1690000000, "ebit": 1660000000, "interestExpense": -1680000000, "incomeBeforeTax": -30000000, "incomeTaxExpense": 160000000, "minorityInterest": 3320000000, "netIncomeFromContinuingOps": -190000000, "discontinuedOperations": -238880000000, "extraordinaryItems": {}, "effectOfAccountingCharges": {}, "otherItems": {}, "netIncome": -238390000000, "netIncomeApplicableToCommonShares": -238390000000}, {"maxAge": 1, "endDate": "2017-03-31", "totalRevenue": 66130000000, "costOfRevenue": 47940000000, "grossProfit": 18190000000, "researchDevelopment": {}, "sellingGeneralAdministrative": 6150000000, "nonRecurring": {}, "otherOperatingExpenses": {}, "totalOperatingExpenses": 62300000000, "operatingIncome": 3830000000, "totalOtherIncomeExpenseNet": -2280000000, "ebit": 3830000000, "interestExpense": -2240000000, "incomeBeforeTax": 1550000000, "incomeTaxExpense": -900000000, "minorityInterest": 4000000000, "netIncomeFromContinuingOps": 2450000000, "discontinuedOperations": -15280000000, "extraordinaryItems": {}, "effectOfAccountingCharges": {}, "otherItems": {}, "netIncome": -14030000000, "netIncomeApplicableToCommonShares": -14030000000}], "maxAge": 86400}, "fundOwnership": {"ownershipList": [{"maxAge": 1, "reportDate": "2020-08-31", "organization": "SPDR Portfolio Emerging Markets ETF", "pctHeld": 0.00029999999, "position": 798601, "value": 1924628}], "maxAge": 1}, "summaryDetail": {"maxAge": 1, "priceHint": 4, "previousClose": 1.58, "open": 1.57, "dayLow": 1.55, "dayHigh": 1.73, "regularMarketPreviousClose": 1.58, "regularMarketOpen": 1.57, "regularMarketDayLow": 1.55, "regularMarketDayHigh": 1.73, "volume": 42897358, "regularMarketVolume": 42897358, "averageVolume": 8032438, "averageVolume10days": 6658832, "averageDailyVolume10Day": 6658832, "bid": 1.58, "ask": 1.59, "bidSize": 0, "askSize": 0, "marketCap": 4409416704, "fiftyTwoWeekLow": 0.62, "fiftyTwoWeekHigh": 4.33, "fiftyDayAverage": 2.0381818, "twoHundredDayAverage": 2.127353, "currency": "INR", "fromCurrency": null, "lastMarket": null, "algorithm": null, "tradeable": false}, "incomeStatementHistoryQuarterly": {"incomeStatementHistory": [{"maxAge": 1, "endDate": "2020-06-30", "totalRevenue": 2150000000, "costOfRevenue": 1980000000, "grossProfit": 170000000, "researchDevelopment": {}, "sellingGeneralAdministrative": 450000000, "nonRecurring": {}, "otherOperatingExpenses": {}, "totalOperatingExpenses": 2790000000, "operatingIncome": -640000000, "totalOtherIncomeExpenseNet": -130000000, "ebit": -640000000, "interestExpense": -120000000, "incomeBeforeTax": -770000000, "incomeTaxExpense": 50000000, "minorityInterest": {}, "netIncomeFromContinuingOps": -820000000, "discontinuedOperations": -13280000000, "extraordinaryItems": {}, "effectOfAccountingCharges": {}, "otherItems": {}, "netIncome": -14070000000, "netIncomeApplicableToCommonShares": -14070000000}, {"maxAge": 1, "endDate": "2020-03-31", "totalRevenue": 2970000000, "costOfRevenue": 1690000000, "grossProfit": 1280000000, "researchDevelopment": {}, "sellingGeneralAdministrative": 2350000000, "nonRecurring": {}, "otherOperatingExpenses": {}, "totalOperatingExpenses": 4250000000, "operatingIncome": -1280000000, "totalOtherIncomeExpenseNet": -10000000, "ebit": -1280000000, "interestExpense": -120000000, "incomeBeforeTax": -1290000000, "incomeTaxExpense": 20000000, "minorityInterest": 3160000000, "netIncomeFromContinuingOps": -1310000000, "discontinuedOperations": -14130000000, "extraordinaryItems": {}, "effectOfAccountingCharges": {}, "otherItems": {}, "netIncome": -15490000000, "netIncomeApplicableToCommonShares": -15490000000}, {"maxAge": 1, "endDate": "2019-12-31", "totalRevenue": 2630000000, "costOfRevenue": 2340000000, "grossProfit": 290000000, "researchDevelopment": {}, "sellingGeneralAdministrative": 890000000, "nonRecurring": {}, "otherOperatingExpenses": {}, "totalOperatingExpenses": 3830000000, "operatingIncome": -1200000000, "totalOtherIncomeExpenseNet": -89710000000, "ebit": -1200000000, "interestExpense": -80000000, "incomeBeforeTax": -90910000000, "incomeTaxExpense": 50000000, "minorityInterest": 3160000000, "netIncomeFromContinuingOps": -90960000000, "discontinuedOperations": -15080000000, "extraordinaryItems": {}, "effectOfAccountingCharges": {}, "otherItems": {}, "netIncome": -105980000000, "netIncomeApplicableToCommonShares": -105980000000}, {"maxAge": 1, "endDate": "2019-09-30", "totalRevenue": 3050000000, "costOfRevenue": 2630000000, "grossProfit": 420000000, "researchDevelopment": {}, "sellingGeneralAdministrative": 1050000000, "nonRecurring": {}, "otherOperatingExpenses": {}, "totalOperatingExpenses": 4270000000, "operatingIncome": -1220000000, "totalOtherIncomeExpenseNet": -12500000000, "ebit": -1220000000, "interestExpense": -10000000, "incomeBeforeTax": -13720000000, "incomeTaxExpense": 20000000, "minorityInterest": 3150000000, "netIncomeFromContinuingOps": -13740000000, "discontinuedOperations": -287890000000, "extraordinaryItems": {}, "effectOfAccountingCharges": {}, "otherItems": {}, "netIncome": -301580000000, "netIncomeApplicableToCommonShares": -301580000000}], "maxAge": 86400}, "cashflowStatementHistoryQuarterly": {"cashflowStatements": [{"maxAge": 1, "endDate": "2020-06-30", "netIncome": -14070000000, "changeToLiabilities": 0}, {"maxAge": 1, "endDate": "2020-03-31", "netIncome": -15490000000, "changeToLiabilities": 0}, {"maxAge": 1, "endDate": "2019-12-31", "netIncome": -105980000000, "changeToLiabilities": 0}, {"maxAge": 1, "endDate": "2019-09-30", "netIncome": -301580000000, "changeToLiabilities": 0}], "maxAge": 86400}, "insiderHolders": {"holders": [{"maxAge": 1, "name": "Dhwani Enterprises L.L.P", "relation": "Institution- Corporation", "url": "", "transactionDescription": "Acquisition", "latestTransDate": "2020-03-17", "positionDirect": 1500000, "positionDirectDate": "2020-03-17"}, {"maxAge": 1, "name": "Guruvas Commercials L.L.P", "relation": "Institution- Corporation", "url": "", "transactionDescription": "Acquisition", "latestTransDate": "2020-03-17", "positionDirect": 1500000, "positionDirectDate": "2020-03-17"}, {"maxAge": 1, "name": "Prashar (Anurag)", "relation": "UNREPORTED", "url": "", "transactionDescription": "Acquisition", "latestTransDate": "2010-11-22", "positionDirect": 3000, "positionDirectDate": "2010-11-22"}, {"maxAge": 1, "name": "Ramachandran (Priti)", "relation": "UNREPORTED", "url": "", "transactionDescription": "Sale", "latestTransDate": "2013-10-09", "positionDirect": 6000, "positionDirectDate": "2013-10-09"}, {"maxAge": 1, "name": "Shreeji Comtrade L.L.P.", "relation": "Institution- Corporation", "url": "", "transactionDescription": "Sale", "latestTransDate": "2020-03-17", "positionDirect": 0, "positionDirectDate": "2020-03-17"}, {"maxAge": 1, "name": "Shrikrishna Tradecom L.L.P.", "relation": "Institution- Corporation", "url": "", "transactionDescription": "Sale", "latestTransDate": "2020-03-17", "positionDirect": 0, "positionDirectDate": "2020-03-17"}, {"maxAge": 1, "name": "Solaris Information Technologies Pvt Ltd", "relation": "Promoter", "url": "", "transactionDescription": "Sale", "latestTransDate": "2011-11-03", "positionDirect": 0, "positionDirectDate": "2011-11-03"}], "maxAge": 1}, "calendarEvents": {"maxAge": 1, "earnings": {"earningsDate": ["2019-08-05 05:30:S", "2019-08-07 05:30:S"]}}, "upgradeDowngradeHistory": {"history": [], "maxAge": 86400}, "price": {"maxAge": 1, "regularMarketChangePercent": 0.0, "regularMarketChange": 0.0, "regularMarketTime": "2021-04-30 15:58:52", "priceHint": 4, "regularMarketPrice": 1.58, "regularMarketDayHigh": 1.73, "regularMarketDayLow": 1.55, "regularMarketVolume": 42897358, "averageDailyVolume10Day": 6658832, "averageDailyVolume3Month": 8032438, "regularMarketPreviousClose": 1.58, "regularMarketSource": "FREE_REALTIME", "regularMarketOpen": 1.57, "exchange": "BSE", "exchangeName": "BSE", "exchangeDataDelayedBy": 0, "marketState": "CLOSED", "quoteType": "EQUITY", "symbol": "RCOM.BO", "underlyingSymbol": null, "shortName": "RELIANCE COMMUNICATIONS LTD.", "longName": "Reliance Communications Limited", "currency": "INR", "quoteSourceName": "Delayed Quote", "currencySymbol": "\u20b9", "fromCurrency": null, "lastMarket": null, "marketCap": 4409416704}, "balanceSheetHistory": {"balanceSheetStatements": [{"maxAge": 1, "endDate": "2020-03-31", "cash": 4420000000, "shortTermInvestments": 5600000000, "netReceivables": 5520000000, "inventory": 320000000, "otherCurrentAssets": 407650000000, "totalCurrentAssets": 423510000000, "longTermInvestments": 570000000, "propertyPlantEquipment": 24150000000, "goodWill": 14720000000, "intangibleAssets": 190000000, "otherAssets": 16860000000, "deferredLongTermAssetCharges": 80000000, "totalAssets": 480000000000, "accountsPayable": 41830000000, "shortLongTermDebt": 148470000000, "otherCurrentLiab": 441780000000, "longTermDebt": 4680000000, "otherLiab": 14250000000, "minorityInterest": 3160000000, "totalCurrentLiabilities": 939470000000, "totalLiab": 958400000000, "commonStock": 13830000000, "retainedEarnings": -651840000000, "treasuryStock": 17510000000, "capitalSurplus": 138940000000, "otherStockholderEquity": 21420000000, "totalStockholderEquity": -481560000000, "netTangibleAssets": -496470000000}, {"maxAge": 1, "endDate": "2019-03-31", "cash": 8320000000, "shortTermInvestments": 6450000000, "netReceivables": 14460000000, "inventory": 630000000, "otherCurrentAssets": 409730000000, "totalCurrentAssets": 439590000000, "longTermInvestments": 120370000000, "propertyPlantEquipment": 77630000000, "goodWill": 13390000000, "intangibleAssets": 7600000000, "otherAssets": 17000000000, "deferredLongTermAssetCharges": 290000000, "totalAssets": 675580000000, "accountsPayable": 36410000000, "shortLongTermDebt": 173390000000, "otherCurrentLiab": 141810000000, "otherLiab": 45250000000, "minorityInterest": 3220000000, "totalCurrentLiabilities": 668910000000, "totalLiab": 714160000000, "commonStock": 13830000000, "retainedEarnings": -225130000000, "treasuryStock": 30560000000, "capitalSurplus": 138940000000, "otherStockholderEquity": 34470000000, "totalStockholderEquity": -41800000000, "netTangibleAssets": -62790000000}, {"maxAge": 1, "endDate": "2018-03-31", "cash": 6110000000, "shortTermInvestments": 3170000000, "netReceivables": 22250000000, "inventory": 790000000, "otherCurrentAssets": 422270000000, "totalCurrentAssets": 454590000000, "longTermInvestments": 450000000, "propertyPlantEquipment": 167230000000, "goodWill": 35490000000, "intangibleAssets": 7890000000, "otherAssets": 80130000000, "deferredLongTermAssetCharges": 35740000000, "totalAssets": 745780000000, "accountsPayable": 48680000000, "shortLongTermDebt": 109710000000, "otherCurrentLiab": 128980000000, "longTermDebt": 130210000000, "otherLiab": 59640000000, "minorityInterest": 3320000000, "totalCurrentLiabilities": 524780000000, "totalLiab": 714630000000, "commonStock": 13830000000, "retainedEarnings": -153070000000, "treasuryStock": 28130000000, "capitalSurplus": 138940000000, "otherStockholderEquity": 32040000000, "totalStockholderEquity": 27830000000, "netTangibleAssets": -15550000000}, {"maxAge": 1, "endDate": "2017-03-31", "cash": 10240000000, "shortTermInvestments": 4770000000, "netReceivables": 38710000000, "inventory": 2350000000, "otherCurrentAssets": 74000000000, "totalCurrentAssets": 130070000000, "longTermInvestments": 900000000, "propertyPlantEquipment": 516100000000, "goodWill": 35480000000, "intangibleAssets": 183090000000, "otherAssets": 131670000000, "deferredLongTermAssetCharges": 36700000000, "totalAssets": 997310000000, "accountsPayable": 47460000000, "shortLongTermDebt": 136840000000, "otherCurrentLiab": 67790000000, "longTermDebt": 225500000000, "otherLiab": 121780000000, "deferredLongTermLiab": 1660000000, "minorityInterest": 4000000000, "totalCurrentLiabilities": 360340000000, "totalLiab": 707620000000, "commonStock": 12440000000, "retainedEarnings": 109210000000, "treasuryStock": 25100000000, "capitalSurplus": 138940000000, "otherStockholderEquity": 29010000000, "totalStockholderEquity": 285690000000, "netTangibleAssets": 67120000000}], "maxAge": 86400}, "financialData": {"maxAge": 86400, "currentPrice": 1.58, "recommendationKey": "none", "grossProfits": 4030000000, "financialCurrency": "INR"}}}