{"RCOM.NS": {"assetProfile": {"address1": "Dhirubhai Ambani Knowledge City", "address2": "H Block 1st Floor", "city": "Navi Mumbai", "zip": "400710", "country": "India", "phone": "91 22 3038 6286", "fax": "91 22 3037 6622", "website": "http://www.rcom.co.in", "industry": "Telecom Services", "sector": "Communication Services", "longBusinessSummary": "Reliance Communications Limited provides enterprise voice, data, video, and IT infrastructure solutions to enterprises, over-the-top (OTT) players, and network operators in India and internationally. It offers business Internet, network, cloud networking, data center, enterprise voice, cloud telephony, and access number services; and collaboration services, which include audio and Web conferencing, as well as voice and various value-added wholesaling services for carriers and service providers. The company also builds, owns, and operates telecommunication towers, optic fiber cable assets, and related assets. In addition, it offers infrastructure and connectivity, and managed services. The company was formerly known as Reliance Communication Ventures Limited and changed its name to Reliance Communications Limited in June 2006. Reliance Communications Limited was incorporated in 2004 and is based in Navi Mumbai, India.", "fullTimeEmployees": 1003, "companyOfficers": [{"maxAge": 1, "name": "Mr. Vishwanath Devaraja Rao", "age": 61, "title": "Exec. Director & CFO", "yearBorn": 1959, "fiscalYear": 2020, "totalPay": 12583443, "exercisedValue": 0, "unexercisedValue": 0}, {"maxAge": 1, "name": "Mr. Rakesh  Gupta", "age": 44, "title": "Company Sec. and Compliance Officer", "yearBorn": 1976, "exercisedValue": 0, "unexercisedValue": 0}, {"maxAge": 1, "name": "Mr. Prakash  Gokarn", "title": "Head of Corp. Strategy for 3G Bus.", "exercisedValue": 0, "unexercisedValue": 0}, {"maxAge": 1, "name": "Mr. Braham  Singh", "title": "Sr. VP of Global Product Management", "exercisedValue": 0, "unexercisedValue": 0}, {"maxAge": 1, "name": "Mr. Juergen  Hase", "title": "Chief Exec. Officer for IOT Bus. - Reliance Group", "exercisedValue": 0, "unexercisedValue": 0}], "compensationAsOfEpochDate": "2020-12-31 05:30:00", "maxAge": 86400}, "recommendationTrend": {"trend": [{"period": "0m", "strongBuy": 0, "buy": 0, "hold": 0, "sell": 0, "strongSell": 0}, {"period": "-1m", "strongBuy": 0, "buy": 0, "hold": 2, "sell": 2, "strongSell": 2}, {"period": "-2m", "strongBuy": 0, "buy": 0, "hold": 2, "sell": 2, "strongSell": 3}, {"period": "-3m", "strongBuy": 0, "buy": 0, "hold": 2, "sell": 3, "strongSell": 3}], "maxAge": 86400}, "cashflowStatementHistory": {"cashflowStatements": [{"maxAge": 1, "endDate": "2020-03-31", "netIncome": -426710000000, "depreciation": 3540000000, "changeToNetincome": 111170000000, "changeToAccountReceivables": 340000000, "changeToLiabilities": 311540000000, "changeToInventory": 310000000, "totalCashFromOperatingActivities": 190000000, "capitalExpenditures": -110000000, "otherCashflowsFromInvestingActivities": 160000000, "totalCashflowsFromInvestingActivities": 50000000, "netBorrowings": -20000000, "otherCashflowsFromFinancingActivities": -520000000, "totalCashFromFinancingActivities": -540000000, "changeInCash": -3900000000}, {"maxAge": 1, "endDate": "2019-03-31", "netIncome": -72060000000, "depreciation": 8200000000, "changeToNetincome": 68770000000, "changeToAccountReceivables": -4050000000, "changeToLiabilities": 2720000000, "changeToInventory": 160000000, "totalCashFromOperatingActivities": 3740000000, "capitalExpenditures": -2840000000, "investments": 230000000, "otherCashflowsFromInvestingActivities": 60000000, "totalCashflowsFromInvestingActivities": 7190000000, "netBorrowings": 2260000000, "otherCashflowsFromFinancingActivities": -10940000000, "totalCashFromFinancingActivities": -8680000000, "changeInCash": 2250000000}, {"maxAge": 1, "endDate": "2018-03-31", "netIncome": -238390000000, "depreciation": 7210000000, "changeToNetincome": 233900000000, "changeToAccountReceivables": 21780000000, "changeToLiabilities": -15510000000, "changeToInventory": 650000000, "totalCashFromOperatingActivities": 9640000000, "capitalExpenditures": -5910000000, "investments": 2110000000, "otherCashflowsFromInvestingActivities": 920000000, "totalCashflowsFromInvestingActivities": -2680000000, "netBorrowings": 6310000000, "otherCashflowsFromFinancingActivities": -15350000000, "totalCashFromFinancingActivities": -9040000000, "changeInCash": -2080000000}, {"maxAge": 1, "endDate": "2017-03-31", "netIncome": -14030000000, "depreciation": 8210000000, "changeToNetincome": 63650000000, "changeToAccountReceivables": -18640000000, "changeToLiabilities": -42800000000, "changeToInventory": -270000000, "totalCashFromOperatingActivities": -3880000000, "capitalExpenditures": -39200000000, "investments": 3370000000, "otherCashflowsFromInvestingActivities": 1490000000, "totalCashflowsFromInvestingActivities": 8120000000, "dividendsPaid": -20000000, "netBorrowings": 33140000000, "otherCashflowsFromFinancingActivities": -34850000000, "totalCashFromFinancingActivities": -1730000000, "changeInCash": 2510000000}], "maxAge": 86400}, "indexTrend": {"maxAge": 1, "symbol": "SP5", "peRatio": 19.7411, "pegRatio": 1.34172, "estimates": [{"period": "0q", "growth": 0.549}, {"period": "+1q", "growth": 0.431}, {"period": "0y", "growth": 0.305}, {"period": "+1y", "growth": 0.109}, {"period": "+5y", "growth": 0.120865}, {"period": "-5y"}]}, "defaultKeyStatistics": {"maxAge": 1, "priceHint": 4, "enterpriseValue": 303532933120, "profitMargins": 0.0, "floatShares": 2546194725, "sharesOutstanding": 2744250112, "heldPercentInsiders": 0.09632, "heldPercentInstitutions": 0.043720003, "beta": 1.928734, "category": null, "bookValue": -185.501, "fundFamily": null, "legalType": null, "lastFiscalYearEnd": "2020-03-31 05:30:00", "nextFiscalYearEnd": "2022-03-31 05:30:00", "mostRecentQuarter": "2020-12-31 05:30:00", "netIncomeToCommon": -3080000000, "trailingEps": -21.215, "forwardEps": 2.73, "lastSplitFactor": null, "enterpriseToRevenue": 34.298, "enterpriseToEbitda": -116.968}, "industryTrend": {"maxAge": 1, "symbol": null, "estimates": []}, "quoteType": {"exchange": "NSI", "quoteType": "EQUITY", "symbol": "RCOM.NS", "underlyingSymbol": "RCOM.NS", "shortName": "RELIANCE COMM LTD", "longName": "Reliance Communications Limited", "firstTradeDateEpochUtc": "2002-08-12 09:15:00", "timeZoneFullName": "Asia/Kolkata", "timeZoneShortName": "IST", "uuid": "31be46f7-124e-3b50-ae6f-078ad874d525", "gmtOffSetMilliseconds": 19800000, "maxAge": 1}, "incomeStatementHistory": {"incomeStatementHistory": [{"maxAge": 1, "endDate": "2020-03-31", "totalRevenue": 17310000000, "costOfRevenue": 13280000000, "grossProfit": 4030000000, "researchDevelopment": {}, "sellingGeneralAdministrative": 5730000000, "nonRecurring": {}, "otherOperatingExpenses": {}, "totalOperatingExpenses": 22550000000, "operatingIncome": -5240000000, "totalOtherIncomeExpenseNet": -102690000000, "ebit": -5240000000, "interestExpense": -430000000, "incomeBeforeTax": -107930000000, "incomeTaxExpense": 140000000, "minorityInterest": 3160000000, "netIncomeFromContinuingOps": -108070000000, "discontinuedOperations": -318700000000, "extraordinaryItems": {}, "effectOfAccountingCharges": {}, "otherItems": {}, "netIncome": -426710000000, "netIncomeApplicableToCommonShares": -426710000000}, {"maxAge": 1, "endDate": "2019-03-31", "totalRevenue": 41910000000, "costOfRevenue": 26750000000, "grossProfit": 15160000000, "researchDevelopment": {}, "sellingGeneralAdministrative": 9590000000, "nonRecurring": {}, "otherOperatingExpenses": {}, "totalOperatingExpenses": 44540000000, "operatingIncome": -2630000000, "totalOtherIncomeExpenseNet": 18210000000, "ebit": -2630000000, "interestExpense": -1750000000, "incomeBeforeTax": 15580000000, "incomeTaxExpense": 24250000000, "minorityInterest": 3220000000, "netIncomeFromContinuingOps": -8670000000, "discontinuedOperations": -63510000000, "extraordinaryItems": {}, "effectOfAccountingCharges": {}, "otherItems": {}, "netIncome": -72060000000, "netIncomeApplicableToCommonShares": -72060000000}, {"maxAge": 1, "endDate": "2018-03-31", "totalRevenue": 46720000000, "costOfRevenue": 32680000000, "grossProfit": 14040000000, "researchDevelopment": {}, "sellingGeneralAdministrative": 5170000000, "nonRecurring": {}, "otherOperatingExpenses": {}, "totalOperatingExpenses": 45060000000, "operatingIncome": 1660000000, "totalOtherIncomeExpenseNet": -1690000000, "ebit": 1660000000, "interestExpense": -1680000000, "incomeBeforeTax": -30000000, "incomeTaxExpense": 160000000, "minorityInterest": 3320000000, "netIncomeFromContinuingOps": -190000000, "discontinuedOperations": -238880000000, "extraordinaryItems": {}, "effectOfAccountingCharges": {}, "otherItems": {}, "netIncome": -238390000000, "netIncomeApplicableToCommonShares": -238390000000}, {"maxAge": 1, "endDate": "2017-03-31", "totalRevenue": 66130000000, "costOfRevenue": 47940000000, "grossProfit": 18190000000, "researchDevelopment": {}, "sellingGeneralAdministrative": 6150000000, "nonRecurring": {}, "otherOperatingExpenses": {}, "totalOperatingExpenses": 62300000000, "operatingIncome": 3830000000, "totalOtherIncomeExpenseNet": -2280000000, "ebit": 3830000000, "interestExpense": -2240000000, "incomeBeforeTax": 1550000000, "incomeTaxExpense": -900000000, "minorityInterest": 4000000000, "netIncomeFromContinuingOps": 2450000000, "discontinuedOperations": -15280000000, "extraordinaryItems": {}, "effectOfAccountingCharges": {}, "otherItems": {}, "netIncome": -14030000000, "netIncomeApplicableToCommonShares": -14030000000}], "maxAge": 86400}, "fundOwnership": {"ownershipList": [{"maxAge": 1, "reportDate": "2021-03-31", "organization": "SPDR Portfolio Emerging Markets ETF", "pctHeld": 0.00029999999, "position": 792454, "value": 1347171}], "maxAge": 1}, "summaryDetail": {"maxAge": 1, "priceHint": 4, "previousClose": 1.55, "open": 1.55, "dayLow": 1.55, "dayHigh": 1.7, "regularMarketPreviousClose": 1.55, "regularMarketOpen": 1.55, "regularMarketDayLow": 1.55, "regularMarketDayHigh": 1.7, "exDividendDate": "2013-08-14 05:30:00", "payoutRatio": 0.0, "beta": 1.928734, "forwardPE": 0.5860806, "volume": 85257447, "regularMarketVolume": 85257447, "averageVolume": 10260440, "averageVolume10days": 8136723, "averageDailyVolume10Day": 8136723, "bid": 0.0, "ask": 0.0, "bidSize": 0, "askSize": 0, "marketCap": 4475792384, "fiftyTwoWeekLow": 0.65, "fiftyTwoWeekHigh": 3.45, "priceToSalesTrailing12Months": 0.5057393, "fiftyDayAverage": 1.792647, "twoHundredDayAverage": 1.7992908, "currency": "INR", "fromCurrency": null, "lastMarket": null, "algorithm": null, "tradeable": false}, "insiderHolders": {"holders": [{"maxAge": 1, "name": "Dhwani Enterprises L.L.P", "relation": "Institution- Corporation", "url": "", "transactionDescription": "Acquisition", "latestTransDate": "2020-03-17", "positionDirect": 1500000, "positionDirectDate": "2020-03-17"}, {"maxAge": 1, "name": "Guruvas Commercials L.L.P", "relation": "Institution- Corporation", "url": "", "transactionDescription": "Acquisition", "latestTransDate": "2020-03-17", "positionDirect": 1500000, "positionDirectDate": "2020-03-17"}, {"maxAge": 1, "name": "Prashar (Anurag)", "relation": "UNREPORTED", "url": "", "transactionDescription": "Acquisition", "latestTransDate": "2010-11-22", "positionDirect": 3000, "positionDirectDate": "2010-11-22"}, {"maxAge": 1, "name": "Ramachandran (Priti)", "relation": "UNREPORTED", "url": "", "transactionDescription": "Sale", "latestTransDate": "2013-10-09", "positionDirect": 6000, "positionDirectDate": "2013-10-09"}, {"maxAge": 1, "name": "Shreeji Comtrade L.L.P.", "relation": "Institution- Corporation", "url": "", "transactionDescription": "Sale", "latestTransDate": "2020-03-17", "positionDirect": 0, "positionDirectDate": "2020-03-17"}, {"maxAge": 1, "name": "Shrikrishna Tradecom L.L.P.", "relation": "Institution- Corporation", "url": "", "transactionDescription": "Sale", "latestTransDate": "2020-03-17", "positionDirect": 0, "positionDirectDate": "2020-03-17"}, {"maxAge": 1, "name": "Solaris Information Technologies Pvt Ltd", "relation": "Promoter", "url": "", "transactionDescription": "Sale", "latestTransDate": "2011-11-03", "positionDirect": 0, "positionDirectDate": "2011-11-03"}], "maxAge": 1}, "calendarEvents": {"maxAge": 1, "earnings": {"earningsDate": ["2021-07-29 05:30:S", "2021-08-02 05:30:S"], "revenueAverage": 26670000000, "revenueLow": 33397500000, "revenueHigh": 33397500000}, "exDividendDate": "2013-08-14 05:30:00"}, "upgradeDowngradeHistory": {"history": [], "maxAge": 86400}, "price": {"maxAge": 1, "regularMarketChangePercent": 0.032258112, "regularMarketChange": 0.05000007, "regularMarketTime": "2021-04-30 15:29:59", "priceHint": 4, "regularMarketPrice": 1.6, "regularMarketDayHigh": 1.7, "regularMarketDayLow": 1.55, "regularMarketVolume": 85257447, "averageDailyVolume10Day": 8136723, "averageDailyVolume3Month": 10260440, "regularMarketPreviousClose": 1.55, "regularMarketSource": "FREE_REALTIME", "regularMarketOpen": 1.55, "exchange": "NSI", "exchangeName": "NSE", "exchangeDataDelayedBy": 15, "marketState": "CLOSED", "quoteType": "EQUITY", "symbol": "RCOM.NS", "underlyingSymbol": null, "shortName": "RELIANCE COMM LTD", "longName": "Reliance Communications Limited", "currency": "INR", "quoteSourceName": "Delayed Quote", "currencySymbol": "\u20b9", "fromCurrency": null, "lastMarket": null, "marketCap": 4475792384}, "balanceSheetHistory": {"balanceSheetStatements": [{"maxAge": 1, "endDate": "2020-03-31", "cash": 4420000000, "shortTermInvestments": 5600000000, "netReceivables": 5520000000, "inventory": 320000000, "otherCurrentAssets": 407650000000, "totalCurrentAssets": 423510000000, "longTermInvestments": 570000000, "propertyPlantEquipment": 24150000000, "goodWill": 14720000000, "intangibleAssets": 190000000, "otherAssets": 16860000000, "deferredLongTermAssetCharges": 80000000, "totalAssets": 480000000000, "accountsPayable": 41830000000, "shortLongTermDebt": 148470000000, "otherCurrentLiab": 441780000000, "longTermDebt": 4680000000, "otherLiab": 14250000000, "minorityInterest": 3160000000, "totalCurrentLiabilities": 939470000000, "totalLiab": 958400000000, "commonStock": 13830000000, "retainedEarnings": -651840000000, "treasuryStock": 17510000000, "capitalSurplus": 138940000000, "otherStockholderEquity": 21420000000, "totalStockholderEquity": -481560000000, "netTangibleAssets": -496470000000}, {"maxAge": 1, "endDate": "2019-03-31", "cash": 8320000000, "shortTermInvestments": 6450000000, "netReceivables": 14460000000, "inventory": 630000000, "otherCurrentAssets": 409730000000, "totalCurrentAssets": 439590000000, "longTermInvestments": 120370000000, "propertyPlantEquipment": 77630000000, "goodWill": 13390000000, "intangibleAssets": 7600000000, "otherAssets": 17000000000, "deferredLongTermAssetCharges": 290000000, "totalAssets": 675580000000, "accountsPayable": 36410000000, "shortLongTermDebt": 173390000000, "otherCurrentLiab": 141810000000, "otherLiab": 45250000000, "minorityInterest": 3220000000, "totalCurrentLiabilities": 668910000000, "totalLiab": 714160000000, "commonStock": 13830000000, "retainedEarnings": -225130000000, "treasuryStock": 30560000000, "capitalSurplus": 138940000000, "otherStockholderEquity": 34470000000, "totalStockholderEquity": -41800000000, "netTangibleAssets": -62790000000}, {"maxAge": 1, "endDate": "2018-03-31", "cash": 6110000000, "shortTermInvestments": 3170000000, "netReceivables": 22250000000, "inventory": 790000000, "otherCurrentAssets": 422270000000, "totalCurrentAssets": 454590000000, "longTermInvestments": 450000000, "propertyPlantEquipment": 167230000000, "goodWill": 35490000000, "intangibleAssets": 7890000000, "otherAssets": 80130000000, "deferredLongTermAssetCharges": 35740000000, "totalAssets": 745780000000, "accountsPayable": 48680000000, "shortLongTermDebt": 109710000000, "otherCurrentLiab": 128980000000, "longTermDebt": 130210000000, "otherLiab": 59640000000, "minorityInterest": 3320000000, "totalCurrentLiabilities": 524780000000, "totalLiab": 714630000000, "commonStock": 13830000000, "retainedEarnings": -153070000000, "treasuryStock": 28130000000, "capitalSurplus": 138940000000, "otherStockholderEquity": 32040000000, "totalStockholderEquity": 27830000000, "netTangibleAssets": -15550000000}, {"maxAge": 1, "endDate": "2017-03-31", "cash": 10240000000, "shortTermInvestments": 4770000000, "netReceivables": 38710000000, "inventory": 2350000000, "otherCurrentAssets": 74000000000, "totalCurrentAssets": 130070000000, "longTermInvestments": 900000000, "propertyPlantEquipment": 516100000000, "goodWill": 35480000000, "intangibleAssets": 183090000000, "otherAssets": 131670000000, "deferredLongTermAssetCharges": 36700000000, "totalAssets": 997310000000, "accountsPayable": 47460000000, "shortLongTermDebt": 136840000000, "otherCurrentLiab": 67790000000, "longTermDebt": 225500000000, "otherLiab": 121780000000, "deferredLongTermLiab": 1660000000, "minorityInterest": 4000000000, "totalCurrentLiabilities": 360340000000, "totalLiab": 707620000000, "commonStock": 12440000000, "retainedEarnings": 109210000000, "treasuryStock": 25100000000, "capitalSurplus": 138940000000, "otherStockholderEquity": 29010000000, "totalStockholderEquity": 285690000000, "netTangibleAssets": 67120000000}], "maxAge": 86400}, "earningsTrend": {"trend": [{"maxAge": 1, "period": "0q", "endDate": "2017-09-30", "growth": {}, "earningsEstimate": {"avg": 0.0, "low": 0.0, "high": 0.0, "yearAgoEps": 0.15, "numberOfAnalysts": 0, "growth": {}}, "revenueEstimate": {"avg": 26670000000, "low": 33397500000, "high": 33397500000, "numberOfAnalysts": 1, "yearAgoRevenue": 50900000000, "growth": -0.47599998}, "epsTrend": {"current": 0.0, "7daysAgo": -5.11, "30daysAgo": -5.11, "60daysAgo": -5.11, "90daysAgo": -5.11}, "epsRevisions": {"upLast7days": 0, "upLast30days": 0, "downLast30days": 0, "downLast90days": {}}}, {"maxAge": 1, "period": "+1q", "endDate": "2017-12-31", "growth": {}, "earningsEstimate": {"avg": 0.0, "low": 0.0, "high": 0.0, "yearAgoEps": -2.15, "numberOfAnalysts": 0, "growth": {}}, "revenueEstimate": {"avg": 11760000000, "low": 31826300000, "high": 31826300000, "numberOfAnalysts": 1, "yearAgoRevenue": 48200000000, "growth": -0.756}, "epsTrend": {"current": 0.0, "7daysAgo": -4.16, "30daysAgo": -4.16, "60daysAgo": -4.16, "90daysAgo": -4.16}, "epsRevisions": {"upLast7days": 0, "upLast30days": 0, "downLast30days": 0, "downLast90days": {}}}, {"maxAge": 1, "period": "0y", "endDate": "2018-03-31", "growth": {}, "earningsEstimate": {"avg": 0.0, "low": 0.0, "high": 0.0, "yearAgoEps": {}, "numberOfAnalysts": 0, "growth": {}}, "revenueEstimate": {"avg": 46840000000, "low": 184826000000, "high": 184826000000, "numberOfAnalysts": 1, "yearAgoRevenue": 194930000000, "growth": -0.76}, "epsTrend": {"current": 0.0, "7daysAgo": -7.6, "30daysAgo": -7.6, "60daysAgo": -7.6, "90daysAgo": -7.6}, "epsRevisions": {"upLast7days": 0, "upLast30days": 0, "downLast30days": 0, "downLast90days": {}}}, {"maxAge": 1, "period": "+1y", "endDate": "2019-03-31", "growth": {}, "earningsEstimate": {"avg": 0.0, "low": 0.0, "high": 0.0, "yearAgoEps": {}, "numberOfAnalysts": 0, "growth": {}}, "revenueEstimate": {"avg": 188443000000, "low": 188443000000, "high": 188443000000, "numberOfAnalysts": 1, "yearAgoRevenue": 46840000000, "growth": 3.0229998}, "epsTrend": {"current": 0.0, "7daysAgo": -6.84, "30daysAgo": -6.84, "60daysAgo": -6.84, "90daysAgo": -6.84}, "epsRevisions": {"upLast7days": 0, "upLast30days": 0, "downLast30days": 0, "downLast90days": {}}}, {"maxAge": 1, "period": "+5y", "endDate": null, "growth": -0.275, "earningsEstimate": {"avg": {}, "low": {}, "high": {}, "yearAgoEps": {}, "numberOfAnalysts": {}, "growth": {}}, "revenueEstimate": {"avg": {}, "low": {}, "high": {}, "numberOfAnalysts": {}, "yearAgoRevenue": {}, "growth": {}}, "epsTrend": {"current": {}, "7daysAgo": {}, "30daysAgo": {}, "60daysAgo": {}, "90daysAgo": {}}, "epsRevisions": {"upLast7days": {}, "upLast30days": {}, "downLast30days": {}, "downLast90days": {}}}, {"maxAge": 1, "period": "-5y", "endDate": null, "growth": {}, "earningsEstimate": {"avg": {}, "low": {}, "high": {}, "yearAgoEps": {}, "numberOfAnalysts": {}, "growth": {}}, "revenueEstimate": {"avg": {}, "low": {}, "high": {}, "numberOfAnalysts": {}, "yearAgoRevenue": {}, "growth": {}}, "epsTrend": {"current": {}, "7daysAgo": {}, "30daysAgo": {}, "60daysAgo": {}, "90daysAgo": {}}, "epsRevisions": {"upLast7days": {}, "upLast30days": {}, "downLast30days": {}, "downLast90days": {}}}], "maxAge": 1}, "institutionOwnership": {"ownershipList": [], "maxAge": 1}, "majorHoldersBreakdown": {"maxAge": 1, "insidersPercentHeld": 0.09632, "institutionsPercentHeld": 0.043720003, "institutionsFloatPercentHeld": 0.04838, "institutionsCount": 2}, "balanceSheetHistoryQuarterly": {"balanceSheetStatements": [{"maxAge": 1, "endDate": "2020-12-31", "totalStockholderEquity": -509500000000, "netTangibleAssets": -524360000000}, {"maxAge": 1, "endDate": "2020-09-30", "cash": 7440000000, "shortTermInvestments": 3720000000, "netReceivables": 3580000000, "inventory": 300000000, "otherCurrentAssets": 408400000000, "totalCurrentAssets": 423440000000, "longTermInvestments": 600000000, "propertyPlantEquipment": 23490000000, "goodWill": 14710000000, "intangibleAssets": 150000000, "otherAssets": 15120000000, "deferredLongTermAssetCharges": 80000000, "totalAssets": 477510000000, "accountsPayable": 40390000000, "otherCurrentLiab": 622410000000, "longTermDebt": 4680000000, "otherLiab": 13770000000, "minorityInterest": 3070000000, "totalCurrentLiabilities": 965490000000, "totalLiab": 983940000000, "commonStock": 13830000000, "treasuryStock": -523330000000, "otherStockholderEquity": -523330000000, "totalStockholderEquity": -509500000000, "netTangibleAssets": -524360000000}, {"maxAge": 1, "endDate": "2020-06-30", "totalStockholderEquity": -481560000000, "netTangibleAssets": -496470000000}, {"maxAge": 1, "endDate": "2020-03-31", "cash": 4420000000, "shortTermInvestments": 5600000000, "netReceivables": 5520000000, "inventory": 320000000, "otherCurrentAssets": 407650000000, "totalCurrentAssets": 423510000000, "longTermInvestments": 570000000, "propertyPlantEquipment": 24150000000, "goodWill": 14720000000, "intangibleAssets": 190000000, "otherAssets": 16860000000, "deferredLongTermAssetCharges": 80000000, "totalAssets": 480000000000, "accountsPayable": 41830000000, "shortLongTermDebt": 148470000000, "otherCurrentLiab": 441780000000, "longTermDebt": 4680000000, "otherLiab": 14250000000, "minorityInterest": 3160000000, "totalCurrentLiabilities": 939470000000, "totalLiab": 958400000000, "commonStock": 13830000000, "retainedEarnings": -651840000000, "treasuryStock": 17510000000, "capitalSurplus": 138940000000, "otherStockholderEquity": 21420000000, "totalStockholderEquity": -481560000000, "netTangibleAssets": -496470000000}], "maxAge": 86400}, "earningsHistory": {"history": [{"maxAge": 1, "epsActual": 0.15, "epsEstimate": -0.27, "epsDifference": 0.42, "surprisePercent": 1.5560001, "quarter": "2016-09-30", "period": "-4q"}, {"maxAge": 1, "epsActual": -2.15, "epsEstimate": -0.76, "epsDifference": -1.39, "surprisePercent": -1.829, "quarter": "2016-12-31", "period": "-3q"}, {"maxAge": 1, "epsActual": -3.91, "epsEstimate": -0.4, "epsDifference": -3.51, "surprisePercent": -8.775, "quarter": "2017-03-31", "period": "-2q"}, {"maxAge": 1, "epsActual": -4.95, "epsEstimate": -3.34, "epsDifference": -1.61, "surprisePercent": -0.482, "quarter": "2017-06-30", "period": "-1q"}], "maxAge": 86400}, "summaryProfile": {"address1": "Dhirubhai Ambani Knowledge City", "address2": "H Block 1st Floor", "city": "Navi Mumbai", "zip": "400710", "country": "India", "phone": "91 22 3038 6286", "fax": "91 22 3037 6622", "website": "http://www.rcom.co.in", "industry": "Telecom Services", "sector": "Communication Services", "longBusinessSummary": "Reliance Communications Limited provides enterprise voice, data, video, and IT infrastructure solutions to enterprises, over-the-top (OTT) players, and network operators in India and internationally. It offers business Internet, network, cloud networking, data center, enterprise voice, cloud telephony, and access number services; and collaboration services, which include audio and Web conferencing, as well as voice and various value-added wholesaling services for carriers and service providers. The company also builds, owns, and operates telecommunication towers, optic fiber cable assets, and related assets. In addition, it offers infrastructure and connectivity, and managed services. The company was formerly known as Reliance Communication Ventures Limited and changed its name to Reliance Communications Limited in June 2006. Reliance Communications Limited was incorporated in 2004 and is based in Navi Mumbai, India.", "fullTimeEmployees": 1003, "companyOfficers": [], "maxAge": 86400}, "netSharePurchaseActivity": {"maxAge": 1, "period": "6m", "buyInfoCount": 0, "buyInfoShares": 0, "sellInfoCount": 0, "netInfoCount": 0, "netInfoShares": 0, "netPercentInsiderShares": 0.0, "totalInsiderShares": 264286016}, "insiderTransactions": {"transactions": [{"maxAge": 1, "shares": 800000, "filerUrl": "", "transactionText": "", "filerName": "Shreeji Comtrade L.L.P.", "filerRelation": "Institution- Corporation", "moneyText": "", "startDate": "2020-03-17", "ownership": "D"}, {"maxAge": 1, "shares": 800000, "filerUrl": "", "transactionText": "", "filerName": "Guruvas Commercials L.L.P", "filerRelation": "Institution- Corporation", "moneyText": "", "startDate": "2020-03-17", "ownership": "D"}, {"maxAge": 1, "shares": 800000, "filerUrl": "", "transactionText": "", "filerName": "Shrikrishna Tradecom L.L.P.", "filerRelation": "Institution- Corporation", "moneyText": "", "startDate": "2020-03-17", "ownership": "D"}, {"maxAge": 1, "shares": 800000, "filerUrl": "", "transactionText": "", "filerName": "Dhwani Enterprises L.L.P", "filerRelation": "Institution- Corporation", "moneyText": "", "startDate": "2020-03-17", "ownership": "D"}, {"maxAge": 1, "shares": 700000, "filerUrl": "", "transactionText": "", "filerName": "Shreeji Comtrade L.L.P.", "filerRelation": "Promoter", "moneyText": "", "startDate": "2019-03-28", "ownership": "D"}, {"maxAge": 1, "shares": 700000, "filerUrl": "", "transactionText": "", "filerName": "Shrikrishna Tradecom L.L.P.", "filerRelation": "Promoter", "moneyText": "", "startDate": "2019-03-28", "ownership": "D"}, {"maxAge": 1, "shares": 700000, "filerUrl": "", "transactionText": "", "filerName": "Guruvas Commercials L.L.P", "filerRelation": "Institution- Corporation", "moneyText": "", "startDate": "2019-03-28", "ownership": "D"}, {"maxAge": 1, "shares": 700000, "filerUrl": "", "transactionText": "", "filerName": "Dhwani Enterprises L.L.P", "filerRelation": "Institution- Corporation", "moneyText": "", "startDate": "2019-03-28", "ownership": "D"}, {"maxAge": 1, "shares": 24698, "filerUrl": "", "transactionText": "", "filerName": "Ramachandran (Priti)", "filerRelation": "UNREPORTED", "moneyText": "", "startDate": "2013-10-09", "ownership": "D"}, {"maxAge": 1, "shares": 850000, "filerUrl": "", "transactionText": "", "filerName": "Solaris Information Technologies Pvt Ltd", "filerRelation": "Promoter", "moneyText": "", "startDate": "2011-11-03", "ownership": "D"}, {"maxAge": 1, "shares": 30000, "filerUrl": "", "transactionText": "", "filerName": "Ramachandran (Priti)", "filerRelation": "UNREPORTED", "moneyText": "", "startDate": "2011-07-04", "ownership": "D"}, {"maxAge": 1, "shares": 3000, "filerUrl": "", "transactionText": "", "filerName": "Prashar (Anurag)", "filerRelation": "UNREPORTED", "moneyText": "", "startDate": "2010-11-22", "ownership": "D"}], "maxAge": 1}, "sectorTrend": {"maxAge": 1, "symbol": null, "estimates": []}, "incomeStatementHistoryQuarterly": {"incomeStatementHistory": [{"maxAge": 1, "endDate": "2020-12-31", "totalRevenue": 1740000000, "costOfRevenue": 1300000000, "grossProfit": 440000000, "researchDevelopment": {}, "sellingGeneralAdministrative": 210000000, "nonRecurring": {}, "otherOperatingExpenses": {}, "totalOperatingExpenses": 1910000000, "operatingIncome": -170000000, "totalOtherIncomeExpenseNet": -120000000, "ebit": -170000000, "interestExpense": -130000000, "incomeBeforeTax": -290000000, "incomeTaxExpense": 40000000, "minorityInterest": {}, "netIncomeFromContinuingOps": -330000000, "discontinuedOperations": -14180000000, "extraordinaryItems": {}, "effectOfAccountingCharges": {}, "otherItems": {}, "netIncome": -14460000000, "netIncomeApplicableToCommonShares": -14460000000}, {"maxAge": 1, "endDate": "2020-09-30", "totalRevenue": 1990000000, "costOfRevenue": 1990000000, "grossProfit": 0, "researchDevelopment": {}, "sellingGeneralAdministrative": 160000000, "nonRecurring": {}, "otherOperatingExpenses": {}, "totalOperatingExpenses": 2540000000, "operatingIncome": -550000000, "totalOtherIncomeExpenseNet": -120000000, "ebit": -550000000, "interestExpense": -110000000, "incomeBeforeTax": -670000000, "incomeTaxExpense": 40000000, "minorityInterest": 3070000000, "netIncomeFromContinuingOps": -710000000, "discontinuedOperations": -13550000000, "extraordinaryItems": {}, "effectOfAccountingCharges": {}, "otherItems": {}, "netIncome": -14200000000, "netIncomeApplicableToCommonShares": -14200000000}, {"maxAge": 1, "endDate": "2020-06-30", "totalRevenue": 2150000000, "costOfRevenue": 1980000000, "grossProfit": 170000000, "researchDevelopment": {}, "sellingGeneralAdministrative": 450000000, "nonRecurring": {}, "otherOperatingExpenses": {}, "totalOperatingExpenses": 2790000000, "operatingIncome": -640000000, "totalOtherIncomeExpenseNet": -130000000, "ebit": -640000000, "interestExpense": -120000000, "incomeBeforeTax": -770000000, "incomeTaxExpense": 50000000, "minorityInterest": 3070000000, "netIncomeFromContinuingOps": -820000000, "discontinuedOperations": -13280000000, "extraordinaryItems": {}, "effectOfAccountingCharges": {}, "otherItems": {}, "netIncome": -14070000000, "netIncomeApplicableToCommonShares": -14070000000}, {"maxAge": 1, "endDate": "2020-03-31", "totalRevenue": 2970000000, "costOfRevenue": 1690000000, "grossProfit": 1280000000, "researchDevelopment": {}, "sellingGeneralAdministrative": 2350000000, "nonRecurring": {}, "otherOperatingExpenses": {}, "totalOperatingExpenses": 4250000000, "operatingIncome": -1280000000, "totalOtherIncomeExpenseNet": -10000000, "ebit": -1280000000, "interestExpense": -120000000, "incomeBeforeTax": -1290000000, "incomeTaxExpense": 20000000, "minorityInterest": 3160000000, "netIncomeFromContinuingOps": -1310000000, "discontinuedOperations": -14130000000, "extraordinaryItems": {}, "effectOfAccountingCharges": {}, "otherItems": {}, "netIncome": -15490000000, "netIncomeApplicableToCommonShares": -15490000000}], "maxAge": 86400}, "cashflowStatementHistoryQuarterly": {"cashflowStatements": [{"maxAge": 1, "endDate": "2020-12-31", "netIncome": -14460000000, "changeToLiabilities": 0}, {"maxAge": 1, "endDate": "2020-09-30", "netIncome": -14200000000, "changeToLiabilities": 0}, {"maxAge": 1, "endDate": "2020-06-30", "netIncome": -14070000000, "changeToLiabilities": 0}, {"maxAge": 1, "endDate": "2020-03-31", "netIncome": -15490000000, "changeToLiabilities": 0}], "maxAge": 86400}, "earnings": {"maxAge": 86400, "earningsChart": {"quarterly": [{"date": "3Q2016", "actual": 0.15, "estimate": -0.27}, {"date": "4Q2016", "actual": -2.15, "estimate": -0.76}, {"date": "1Q2017", "actual": -3.91, "estimate": -0.4}, {"date": "2Q2017", "actual": -4.95, "estimate": -3.34}], "currentQuarterEstimateDate": "3Q", "currentQuarterEstimateYear": 2017, "earningsDate": ["2021-07-29 05:30:S", "2021-08-02 05:30:S"]}, "financialsChart": {"yearly": [{"date": 2017, "revenue": 66130000000, "earnings": -14030000000}, {"date": 2018, "revenue": 46720000000, "earnings": -238390000000}, {"date": 2019, "revenue": 41910000000, "earnings": -72060000000}, {"date": 2020, "revenue": 17310000000, "earnings": -426710000000}], "quarterly": [{"date": "1Q2020", "revenue": 2970000000, "earnings": -15490000000}, {"date": "2Q2020", "revenue": 2150000000, "earnings": -14070000000}, {"date": "3Q2020", "revenue": 1990000000, "earnings": -14200000000}, {"date": "4Q2020", "revenue": 1740000000, "earnings": -14460000000}]}, "financialCurrency": "INR"}, "financialData": {"maxAge": 86400, "currentPrice": 1.6, "targetHighPrice": 17.0, "targetLowPrice": 17.0, "targetMeanPrice": 17.0, "targetMedianPrice": 17.0, "recommendationKey": "none", "numberOfAnalystOpinions": 1, "totalCash": 11160000512, "totalCashPerShare": 4.067, "ebitda": -2595000064, "totalDebt": 307370000384, "totalRevenue": 8849999872, "revenuePerShare": 3.225, "grossProfits": 4030000000, "revenueGrowth": -0.338, "grossMargins": 0.21356001, "ebitdaMargins": -0.29322, "operatingMargins": -0.29830998, "profitMargins": 0.0, "financialCurrency": "INR"}}}