{"RDBRIL.BO": {"cashflowStatementHistory": {"cashflowStatements": [{"maxAge": 1, "endDate": "2020-03-31", "netIncome": 59446447, "depreciation": 12217144, "changeToNetincome": 134593670, "changeToAccountReceivables": -7489033, "changeToLiabilities": -3820076, "changeToInventory": -400807503, "changeToOperatingActivities": 412438818, "totalCashFromOperatingActivities": 206579467, "capitalExpenditures": -9590236, "investments": -5642977, "otherCashflowsFromInvestingActivities": -13505355, "totalCashflowsFromInvestingActivities": -32813849, "netBorrowings": -182107351, "otherCashflowsFromFinancingActivities": -12744978, "totalCashFromFinancingActivities": -194852329, "changeInCash": -21086711}, {"maxAge": 1, "endDate": "2019-03-31", "netIncome": 32135162, "depreciation": 6279631, "changeToNetincome": 41039243, "changeToAccountReceivables": 122562681, "changeToLiabilities": 38808, "changeToInventory": -2280406059, "changeToOperatingActivities": 124410921, "totalCashFromOperatingActivities": -1953918731, "capitalExpenditures": -9590236, "investments": 114686322, "otherCashflowsFromInvestingActivities": 32158705, "totalCashflowsFromInvestingActivities": -86818054, "netBorrowings": 2129384954, "otherCashflowsFromFinancingActivities": -69805843, "totalCashFromFinancingActivities": 2059579111, "changeInCash": 18842324}, {"maxAge": 1, "endDate": "2018-03-31", "netIncome": 34454823, "depreciation": 6794262, "changeToNetincome": 26588195, "changeToAccountReceivables": -21674422, "changeToLiabilities": -110898054, "changeToInventory": -59167079, "changeToOperatingActivities": 10106624, "totalCashFromOperatingActivities": -113767799, "capitalExpenditures": -9590236, "investments": 114686322, "otherCashflowsFromInvestingActivities": 19991093, "totalCashflowsFromInvestingActivities": 249693197, "netBorrowings": -91343897, "otherCashflowsFromFinancingActivities": -37889480, "totalCashFromFinancingActivities": -129233377, "changeInCash": 6692021}, {"maxAge": 1, "endDate": "2017-03-31", "netIncome": 63297007, "depreciation": 6713399, "changeToNetincome": 30951913, "changeToAccountReceivables": 208363251, "changeToLiabilities": -210171388, "changeToInventory": 1687639554, "changeToOperatingActivities": -993380455, "totalCashFromOperatingActivities": 793459725, "capitalExpenditures": -9590236, "investments": 114686322, "otherCashflowsFromInvestingActivities": -16306333, "totalCashflowsFromInvestingActivities": -300421233, "netBorrowings": -458227931, "otherCashflowsFromFinancingActivities": -51134420, "totalCashFromFinancingActivities": -509362351, "changeInCash": -16323859}], "maxAge": 86400}, "institutionOwnership": {"maxAge": 1, "ownershipList": []}, "balanceSheetHistoryQuarterly": {"balanceSheetStatements": [{"maxAge": 1, "endDate": "2020-06-30", "totalStockholderEquity": 1425276304, "netTangibleAssets": 1425255371}, {"maxAge": 1, "endDate": "2020-03-31", "cash": 53321189, "netReceivables": 576449786, "inventory": 5561001000, "otherCurrentAssets": 98744219, "totalCurrentAssets": 6325967875, "longTermInvestments": 150551063, "propertyPlantEquipment": 11115061, "intangibleAssets": 20933, "otherAssets": 90297335, "deferredLongTermAssetCharges": 4234876, "totalAssets": 6577952267, "accountsPayable": 144023209, "shortLongTermDebt": 208273045, "otherCurrentLiab": 2261398495, "longTermDebt": 753739051, "otherLiab": 164047568, "minorityInterest": 88646202, "totalCurrentLiabilities": 4146243142, "totalLiab": 5064029761, "commonStock": 172834000, "retainedEarnings": 845761108, "treasuryStock": 54555016, "capitalSurplus": 352126180, "otherStockholderEquity": 54555016, "totalStockholderEquity": 1425276304, "netTangibleAssets": 1425255371}, {"maxAge": 1, "endDate": "2019-12-31", "totalStockholderEquity": 1409783000, "netTangibleAssets": 1409766000}, {"maxAge": 1, "endDate": "2019-09-30", "cash": 49018000, "netReceivables": 610475000, "inventory": 5392768000, "otherCurrentAssets": 131423000, "totalCurrentAssets": 6183684000, "longTermInvestments": 227884000, "propertyPlantEquipment": 7679000, "intangibleAssets": 17000, "otherAssets": 128578000, "deferredLongTermAssetCharges": 5459000, "totalAssets": 6547842000, "accountsPayable": 190607000, "shortLongTermDebt": 299943000, "otherCurrentLiab": 1751028000, "longTermDebt": 1063718000, "otherLiab": 154256000, "minorityInterest": 86886000, "totalCurrentLiabilities": 3833199000, "totalLiab": 5051173000, "commonStock": 172834000, "treasuryStock": 1236949000, "otherStockholderEquity": 1236949000, "totalStockholderEquity": 1409783000, "netTangibleAssets": 1409766000}], "maxAge": 86400}, "indexTrend": {"maxAge": 1, "symbol": "SP5", "peRatio": 19.7411, "pegRatio": 1.34172, "estimates": [{"period": "0q", "growth": 0.549}, {"period": "+1q", "growth": 0.431}, {"period": "0y", "growth": 0.305}, {"period": "+1y", "growth": 0.109}, {"period": "+5y", "growth": 0.120859005}, {"period": "-5y"}]}, "insiderTransactions": {"transactions": [{"maxAge": 1, "shares": 23416, "filerUrl": "", "transactionText": "", "filerName": "Dugar (Sheetal)", "filerRelation": "Promoter", "moneyText": "", "startDate": "2012-06-19", "ownership": "D"}, {"maxAge": 1, "shares": 15544, "filerUrl": "", "transactionText": "", "filerName": "Dugar (Sheetal)", "filerRelation": "Promoter", "moneyText": "", "startDate": "2012-06-18", "ownership": "D"}, {"maxAge": 1, "shares": 97967, "filerUrl": "", "transactionText": "", "filerName": "Dugar (Sheetal)", "filerRelation": "Promoter", "moneyText": "", "startDate": "2012-06-11", "ownership": "D"}, {"maxAge": 1, "shares": 29871, "filerUrl": "", "transactionText": "", "filerName": "Dugar (Sheetal)", "filerRelation": "Promoter", "moneyText": "", "startDate": "2012-06-08", "ownership": "D"}, {"maxAge": 1, "shares": 36451, "filerUrl": "", "transactionText": "", "filerName": "Dugar (Sheetal)", "filerRelation": "Promoter", "moneyText": "", "startDate": "2012-06-07", "ownership": "D"}, {"maxAge": 1, "shares": 50700, "filerUrl": "", "transactionText": "", "filerName": "Dugar (Sheetal)", "filerRelation": "Promoter", "moneyText": "", "startDate": "2012-06-06", "ownership": "D"}, {"maxAge": 1, "shares": 42643, "filerUrl": "", "transactionText": "", "filerName": "Dugar (Sheetal)", "filerRelation": "Promoter", "moneyText": "", "startDate": "2012-06-05", "ownership": "D"}, {"maxAge": 1, "shares": 218578, "filerUrl": "", "transactionText": "", "filerName": "Dugar (Sheetal)", "filerRelation": "Promoter", "moneyText": "", "startDate": "2012-06-04", "ownership": "D"}, {"maxAge": 1, "shares": 32663, "filerUrl": "", "transactionText": "", "filerName": "Dugar (Sheetal)", "filerRelation": "Promoter", "moneyText": "", "startDate": "2012-06-01", "ownership": "D"}, {"maxAge": 1, "shares": 217476, "filerUrl": "", "transactionText": "", "filerName": "Dugar (Sheetal)", "filerRelation": "Promoter", "moneyText": "", "startDate": "2012-05-31", "ownership": "D"}, {"maxAge": 1, "shares": 63238, "filerUrl": "", "transactionText": "", "filerName": "Dugar (Sheetal)", "filerRelation": "Promoter", "moneyText": "", "startDate": "2012-05-30", "ownership": "D"}, {"maxAge": 1, "shares": 304388, "filerUrl": "", "transactionText": "", "filerName": "Teck Consultancy & Services Pvt Ltd", "filerRelation": "Institution- Corporation", "moneyText": "", "startDate": "2012-05-30", "ownership": "D"}, {"maxAge": 1, "shares": 248491, "filerUrl": "", "transactionText": "", "filerName": "Dugar (Sheetal)", "filerRelation": "Promoter", "moneyText": "", "startDate": "2011-11-19", "ownership": "D"}], "maxAge": 1}, "quoteType": {"exchange": "BSE", "quoteType": "EQUITY", "symbol": "RDBRIL.BO", "underlyingSymbol": "RDBRIL.BO", "shortName": "RDB REALTY & INFRASTRUCTURE LT", "longName": "RDB Realty & Infrastructure Limited", "firstTradeDateEpochUtc": "2010-12-13 09:15:00", "timeZoneFullName": "Asia/Kolkata", "timeZoneShortName": "IST", "uuid": "6a1efe1d-4bac-3a32-8e77-ffe0a2740087", "messageBoardId": null, "gmtOffSetMilliseconds": 19800000, "maxAge": 1}, "incomeStatementHistory": {"incomeStatementHistory": [{"maxAge": 1, "endDate": "2020-03-31", "totalRevenue": 449861606, "costOfRevenue": 217168537, "grossProfit": 232693069, "researchDevelopment": {}, "sellingGeneralAdministrative": 8764694, "nonRecurring": {}, "otherOperatingExpenses": 89426362, "totalOperatingExpenses": 322578390, "operatingIncome": 127283216, "totalOtherIncomeExpenseNet": -49037330, "ebit": 127283216, "interestExpense": -12988845, "incomeBeforeTax": 78245886, "incomeTaxExpense": 18799439, "minorityInterest": 88646202, "netIncomeFromContinuingOps": 59446447, "discontinuedOperations": {}, "extraordinaryItems": {}, "effectOfAccountingCharges": {}, "otherItems": {}, "netIncome": 59446447, "netIncomeApplicableToCommonShares": 59446447}, {"maxAge": 1, "endDate": "2019-03-31", "totalRevenue": 375918815, "costOfRevenue": 245330694, "grossProfit": 130588121, "researchDevelopment": {}, "sellingGeneralAdministrative": 11080180, "nonRecurring": {}, "otherOperatingExpenses": 22264899, "totalOperatingExpenses": 284976286, "operatingIncome": 90942529, "totalOtherIncomeExpenseNet": -43165581, "ebit": 90942529, "interestExpense": -37903920, "incomeBeforeTax": 47776948, "incomeTaxExpense": 15641786, "minorityInterest": 85425716, "netIncomeFromContinuingOps": 32135162, "discontinuedOperations": {}, "extraordinaryItems": {}, "effectOfAccountingCharges": {}, "otherItems": {}, "netIncome": 32135162, "netIncomeApplicableToCommonShares": 32135162}, {"maxAge": 1, "endDate": "2018-03-31", "totalRevenue": 373869862, "costOfRevenue": 218777458, "grossProfit": 155092404, "researchDevelopment": {}, "sellingGeneralAdministrative": 8863718, "nonRecurring": {}, "otherOperatingExpenses": 39783249, "totalOperatingExpenses": 274246539, "operatingIncome": 99623323, "totalOtherIncomeExpenseNet": -50217747, "ebit": 99623323, "interestExpense": -32876308, "incomeBeforeTax": 49405576, "incomeTaxExpense": 11733009, "minorityInterest": 83976579, "netIncomeFromContinuingOps": 37672567, "discontinuedOperations": {}, "extraordinaryItems": {}, "effectOfAccountingCharges": {}, "otherItems": {}, "netIncome": 34454823, "netIncomeApplicableToCommonShares": 34454823}, {"maxAge": 1, "endDate": "2017-03-31", "totalRevenue": 320329250, "costOfRevenue": 135233137, "grossProfit": 185096113, "researchDevelopment": {}, "sellingGeneralAdministrative": 8483159, "nonRecurring": {}, "otherOperatingExpenses": 38291140, "totalOperatingExpenses": 188767279, "operatingIncome": 131561971, "totalOtherIncomeExpenseNet": -48952134, "ebit": 131561971, "interestExpense": -51395248, "incomeBeforeTax": 82609837, "incomeTaxExpense": 19312830, "minorityInterest": 80490715, "netIncomeFromContinuingOps": 63297007, "discontinuedOperations": {}, "extraordinaryItems": {}, "effectOfAccountingCharges": {}, "otherItems": {}, "netIncome": 63297007, "netIncomeApplicableToCommonShares": 63297007}], "maxAge": 86400}, "fundOwnership": {"maxAge": 1, "ownershipList": []}, "summaryDetail": {"maxAge": 1, "priceHint": 2, "previousClose": 17.35, "open": 15.75, "dayLow": 15.75, "dayHigh": 18.25, "regularMarketPreviousClose": 17.35, "regularMarketOpen": 15.75, "regularMarketDayLow": 15.75, "regularMarketDayHigh": 18.25, "trailingPE": 5.1032443, "volume": 2572, "regularMarketVolume": 2572, "averageVolume": 6116, "averageVolume10days": 2241, "averageDailyVolume10Day": 2241, "bid": 0.0, "ask": 17.3, "bidSize": 0, "askSize": 0, "marketCap": 299002816, "fiftyTwoWeekLow": 10.76, "fiftyTwoWeekHigh": 22.05, "fiftyDayAverage": 17.104286, "twoHundredDayAverage": 15.591387, "currency": "INR", "fromCurrency": null, "toCurrency": null, "lastMarket": null, "algorithm": null, "tradeable": false}, "incomeStatementHistoryQuarterly": {"incomeStatementHistory": [{"maxAge": 1, "endDate": "2020-06-30", "totalRevenue": 57665000, "costOfRevenue": 35593000, "grossProfit": 22072000, "researchDevelopment": {}, "sellingGeneralAdministrative": 1797000, "nonRecurring": {}, "otherOperatingExpenses": 3913000, "totalOperatingExpenses": 43073000, "operatingIncome": 14592000, "totalOtherIncomeExpenseNet": -2010000, "ebit": 14592000, "interestExpense": -2102000, "incomeBeforeTax": 12582000, "incomeTaxExpense": 3389000, "minorityInterest": {}, "netIncomeFromContinuingOps": 9193000, "discontinuedOperations": {}, "extraordinaryItems": {}, "effectOfAccountingCharges": {}, "otherItems": {}, "netIncome": 9193000, "netIncomeApplicableToCommonShares": 9193000}, {"maxAge": 1, "endDate": "2020-03-31", "totalRevenue": 125928606, "costOfRevenue": 43405537, "grossProfit": 82523069, "researchDevelopment": {}, "sellingGeneralAdministrative": 3931694, "nonRecurring": {}, "otherOperatingExpenses": -13802638, "totalOperatingExpenses": 39309390, "operatingIncome": 86619216, "totalOtherIncomeExpenseNet": -63457330, "ebit": 86619216, "interestExpense": -3526845, "incomeBeforeTax": 23161886, "incomeTaxExpense": 3426439, "minorityInterest": 88646202, "netIncomeFromContinuingOps": 19735447, "discontinuedOperations": {}, "extraordinaryItems": {}, "effectOfAccountingCharges": {}, "otherItems": {}, "netIncome": 19735447, "netIncomeApplicableToCommonShares": 19735447}, {"maxAge": 1, "endDate": "2019-12-31", "totalRevenue": 125102000, "costOfRevenue": 49950000, "grossProfit": 75152000, "researchDevelopment": {}, "sellingGeneralAdministrative": 1949000, "nonRecurring": {}, "otherOperatingExpenses": 76827000, "totalOperatingExpenses": 128871000, "operatingIncome": -3769000, "totalOtherIncomeExpenseNet": 21806000, "ebit": -3769000, "interestExpense": -992000, "incomeBeforeTax": 18037000, "incomeTaxExpense": 10798000, "minorityInterest": 88646202, "netIncomeFromContinuingOps": 7239000, "discontinuedOperations": {}, "extraordinaryItems": {}, "effectOfAccountingCharges": {}, "otherItems": {}, "netIncome": 7239000, "netIncomeApplicableToCommonShares": 7239000}, {"maxAge": 1, "endDate": "2019-09-30", "totalRevenue": 42597000, "costOfRevenue": 5949000, "grossProfit": 36648000, "researchDevelopment": {}, "sellingGeneralAdministrative": 1331000, "nonRecurring": {}, "otherOperatingExpenses": 14064000, "totalOperatingExpenses": 21994000, "operatingIncome": 20603000, "totalOtherIncomeExpenseNet": 2458000, "ebit": 20603000, "interestExpense": -992000, "incomeBeforeTax": 23061000, "incomeTaxExpense": 682000, "minorityInterest": 86886000, "netIncomeFromContinuingOps": 22379000, "discontinuedOperations": {}, "extraordinaryItems": {}, "effectOfAccountingCharges": {}, "otherItems": {}, "netIncome": 22379000, "netIncomeApplicableToCommonShares": 22379000}], "maxAge": 86400}, "cashflowStatementHistoryQuarterly": {"cashflowStatements": [{"maxAge": 1, "endDate": "2020-06-30", "netIncome": 9193000, "changeToLiabilities": 0}, {"maxAge": 1, "endDate": "2020-03-31", "netIncome": 19735447, "changeToLiabilities": 0}, {"maxAge": 1, "endDate": "2019-12-31", "netIncome": 7239000, "changeToLiabilities": 0}, {"maxAge": 1, "endDate": "2019-09-30", "netIncome": 22379000, "changeToLiabilities": 0}], "maxAge": 86400}, "insiderHolders": {"holders": [{"maxAge": 1, "name": "Dugar (Sheetal)", "relation": "Promoter", "url": "", "transactionDescription": "Acquisition", "latestTransDate": "2012-06-19", "positionDirect": 1639882, "positionDirectDate": "2012-06-19"}, {"maxAge": 1, "name": "Teck Consultancy & Services Pvt Ltd", "relation": "Institution- Corporation", "url": "", "transactionDescription": "Sale", "latestTransDate": "2012-05-30", "positionDirect": 445612, "positionDirectDate": "2012-05-30"}], "maxAge": 1}, "calendarEvents": {"maxAge": 1, "earnings": {"earningsDate": ["2020-11-09 05:30:S", "2020-11-14 05:30:S"]}}, "price": {"maxAge": 1, "regularMarketChangePercent": -0.0028819102, "regularMarketChange": -0.050001144, "regularMarketTime": "2021-04-30 15:43:01", "priceHint": 2, "regularMarketPrice": 17.3, "regularMarketDayHigh": 18.25, "regularMarketDayLow": 15.75, "regularMarketVolume": 2572, "averageDailyVolume10Day": 2241, "averageDailyVolume3Month": 6116, "regularMarketPreviousClose": 17.35, "regularMarketSource": "FREE_REALTIME", "regularMarketOpen": 15.75, "exchange": "BSE", "exchangeName": "BSE", "exchangeDataDelayedBy": 0, "marketState": "CLOSED", "quoteType": "EQUITY", "symbol": "RDBRIL.BO", "underlyingSymbol": null, "shortName": "RDB REALTY & INFRASTRUCTURE LT", "longName": "RDB Realty & Infrastructure Limited", "currency": "INR", "quoteSourceName": "Delayed Quote", "currencySymbol": "\u20b9", "fromCurrency": null, "toCurrency": null, "lastMarket": null, "marketCap": 299002816}, "balanceSheetHistory": {"balanceSheetStatements": [{"maxAge": 1, "endDate": "2020-03-31", "cash": 53321189, "netReceivables": 576449786, "inventory": 5561001000, "otherCurrentAssets": 98744219, "totalCurrentAssets": 6325967875, "longTermInvestments": 150551063, "propertyPlantEquipment": 11115061, "intangibleAssets": 20933, "otherAssets": 90297335, "deferredLongTermAssetCharges": 4234876, "totalAssets": 6577952267, "accountsPayable": 144023209, "shortLongTermDebt": 208273045, "otherCurrentLiab": 2261398495, "longTermDebt": 753739051, "otherLiab": 164047568, "minorityInterest": 88646202, "totalCurrentLiabilities": 4146243142, "totalLiab": 5064029761, "commonStock": 172834000, "retainedEarnings": 845761108, "treasuryStock": 54555016, "capitalSurplus": 352126180, "otherStockholderEquity": 54555016, "totalStockholderEquity": 1425276304, "netTangibleAssets": 1425255371}, {"maxAge": 1, "endDate": "2019-03-31", "cash": 89690694, "netReceivables": 664492470, "inventory": 5160193497, "otherCurrentAssets": 73087783, "totalCurrentAssets": 5988109727, "longTermInvestments": 154268946, "propertyPlantEquipment": 8743622, "intangibleAssets": 20933, "otherAssets": 200724251, "deferredLongTermAssetCharges": 5459006, "totalAssets": 6351867479, "accountsPayable": 146582598, "shortLongTermDebt": 390804819, "otherCurrentLiab": 1736020469, "longTermDebt": 1014102139, "otherLiab": 145792786, "minorityInterest": 85425716, "totalCurrentLiabilities": 3727776243, "totalLiab": 4887671168, "commonStock": 172834000, "retainedEarnings": 789668641, "treasuryStock": 64141774, "capitalSurplus": 352126180, "otherStockholderEquity": 64141774, "totalStockholderEquity": 1378770595, "netTangibleAssets": 1378749662}, {"maxAge": 1, "endDate": "2018-03-31", "cash": 69079669, "netReceivables": 550550174, "inventory": 2879787437, "otherCurrentAssets": 321939225, "totalCurrentAssets": 3824856944, "longTermInvestments": 283490412, "propertyPlantEquipment": 28229005, "intangibleAssets": 41815, "otherAssets": 138376221, "deferredLongTermAssetCharges": 3330765, "totalAssets": 4274994397, "accountsPayable": 153278934, "shortLongTermDebt": 28563656, "otherCurrentLiab": 1715687064, "longTermDebt": 280979791, "otherLiab": 245266267, "minorityInterest": 83976579, "totalCurrentLiabilities": 2319188572, "totalLiab": 2845434630, "commonStock": 172834000, "retainedEarnings": 758030876, "treasuryStock": 62592132, "capitalSurplus": 352126180, "otherStockholderEquity": 62592132, "totalStockholderEquity": 1345583188, "netTangibleAssets": 1345541373}, {"maxAge": 1, "endDate": "2017-03-31", "cash": 54921135, "netReceivables": 631190007, "inventory": 2788614507, "otherCurrentAssets": 194034017, "totalCurrentAssets": 3672867175, "longTermInvestments": 395393101, "propertyPlantEquipment": 70704206, "intangibleAssets": 69667, "otherAssets": 176892262, "totalAssets": 4315926411, "accountsPayable": 264176988, "shortLongTermDebt": 26264064, "otherCurrentLiab": 1596096464, "longTermDebt": 285936966, "otherLiab": 241255585, "deferredLongTermLiab": 175800, "minorityInterest": 80490715, "totalCurrentLiabilities": 2397114780, "totalLiab": 2924307331, "commonStock": 172834000, "retainedEarnings": 723506039, "treasuryStock": 62662146, "capitalSurplus": 352126180, "otherStockholderEquity": 62662146, "totalStockholderEquity": 1311128365, "netTangibleAssets": 1311058698}], "maxAge": 86400}, "financialData": {"maxAge": 86400, "currentPrice": 17.3, "recommendationKey": "none", "grossProfits": 232693069, "financialCurrency": "INR"}}}