{"RECLTD.BO": {"cashflowStatementHistory": {"cashflowStatements": [{"maxAge": 1, "endDate": "2020-03-31", "netIncome": 49722700000, "depreciation": 84800000, "changeToNetincome": 40559300000, "changeToLiabilities": 0, "changeToOperatingActivities": -417518900000, "totalCashFromOperatingActivities": -327119100000, "capitalExpenditures": -1133000000, "investments": -306100000, "otherCashflowsFromInvestingActivities": 2679800000, "totalCashflowsFromInvestingActivities": 1214300000, "dividendsPaid": -21724100000, "netBorrowings": 365446700000, "otherCashflowsFromFinancingActivities": -4460600000, "totalCashFromFinancingActivities": 339262000000, "changeInCash": 13357200000}, {"maxAge": 1, "endDate": "2019-03-31", "netIncome": 57413800000, "depreciation": 67700000, "changeToNetincome": 9124700000, "changeToLiabilities": 0, "changeToOperatingActivities": -425279400000, "totalCashFromOperatingActivities": -358658000000, "capitalExpenditures": -972500000, "investments": 3805100000, "otherCashflowsFromInvestingActivities": 1784500000, "totalCashflowsFromInvestingActivities": 4567700000, "dividendsPaid": -25156300000, "netBorrowings": 385837400000, "otherCashflowsFromFinancingActivities": -5255200000, "totalCashFromFinancingActivities": 355425900000, "changeInCash": 1335600000}, {"maxAge": 1, "endDate": "2018-03-31", "netIncome": 44505200000, "depreciation": 62900000, "changeToNetincome": 21568600000, "changeToLiabilities": 0, "changeToOperatingActivities": -391241200000, "totalCashFromOperatingActivities": -325098100000, "capitalExpenditures": -808800000, "investments": -1162000000, "otherCashflowsFromInvestingActivities": 2480600000, "totalCashflowsFromInvestingActivities": 458800000, "dividendsPaid": -19718700000, "netBorrowings": 306188700000, "otherCashflowsFromFinancingActivities": -4031500000, "totalCashFromFinancingActivities": 282438500000, "changeInCash": -42200800000}, {"maxAge": 1, "endDate": "2017-03-31", "netIncome": 63133700000, "depreciation": 396900000, "changeToNetincome": 12651700000, "changeToLiabilities": 0, "changeToOperatingActivities": -8138500000, "totalCashFromOperatingActivities": 68045200000, "capitalExpenditures": -2031900000, "investments": -2068500000, "otherCashflowsFromInvestingActivities": 3089700000, "totalCashflowsFromInvestingActivities": -1009600000, "dividendsPaid": -18894300000, "netBorrowings": -16758700000, "otherCashflowsFromFinancingActivities": -4129000000, "totalCashFromFinancingActivities": -39468100000, "changeInCash": 27567500000, "issuanceOfStock": 313900000}], "maxAge": 86400}, "institutionOwnership": {"ownershipList": [], "maxAge": 1}, "balanceSheetHistoryQuarterly": {"balanceSheetStatements": [{"maxAge": 1, "endDate": "2020-06-30", "totalStockholderEquity": 353964300000, "netTangibleAssets": 353868400000}, {"maxAge": 1, "endDate": "2020-03-31", "cash": 17177100000, "netReceivables": 3342705200000, "otherCurrentAssets": 27446500000, "totalCurrentAssets": 3420517300000, "longTermInvestments": 24067700000, "propertyPlantEquipment": 4445900000, "intangibleAssets": 95900000, "otherAssets": 21174000000, "deferredLongTermAssetCharges": 20505700000, "totalAssets": 3470300800000, "accountsPayable": 461500000, "shortLongTermDebt": 565197800000, "otherCurrentLiab": 54300000, "longTermDebt": 2400105700000, "otherLiab": 19968000000, "deferredLongTermLiab": 164000000, "totalCurrentLiabilities": 696241600000, "totalLiab": 3116336500000, "commonStock": 19749200000, "retainedEarnings": 324334100000, "treasuryStock": -12484400000, "capitalSurplus": 22365400000, "otherStockholderEquity": -12484400000, "totalStockholderEquity": 353964300000, "netTangibleAssets": 353868400000}, {"maxAge": 1, "endDate": "2019-12-31", "cash": 22299500000, "netReceivables": 3154772700000, "otherCurrentAssets": 21395100000, "totalCurrentAssets": 3221773700000, "longTermInvestments": 25995400000, "propertyPlantEquipment": 4185300000, "intangibleAssets": 112100000, "otherAssets": 18506000000, "deferredLongTermAssetCharges": 17994200000, "totalAssets": 3270572500000, "accountsPayable": 510100000, "otherCurrentLiab": 59700000, "longTermDebt": 2767368100000, "otherLiab": 17179200000, "deferredLongTermLiab": 132200000, "totalCurrentLiabilities": 97955300000, "totalLiab": 2882503700000, "commonStock": 19749200000, "retainedEarnings": 353793100000, "treasuryStock": -7838900000, "capitalSurplus": 22365400000, "otherStockholderEquity": -7838900000, "totalStockholderEquity": 388068800000, "netTangibleAssets": 387956700000}, {"maxAge": 1, "endDate": "2019-09-30", "cash": 34004200000, "netReceivables": 3084119700000, "otherCurrentAssets": 12083900000, "totalCurrentAssets": 3152351600000, "longTermInvestments": 24790100000, "propertyPlantEquipment": 4070300000, "intangibleAssets": 113200000, "otherAssets": 20628500000, "deferredLongTermAssetCharges": 20066600000, "totalAssets": 3201953700000, "accountsPayable": 551000000, "otherCurrentLiab": 50900000, "longTermDebt": 2702520300000, "otherLiab": 9584000000, "deferredLongTermLiab": 121000000, "totalCurrentLiabilities": 118805900000, "totalLiab": 2830911300000, "commonStock": 19749200000, "retainedEarnings": 337125000000, "treasuryStock": -8197200000, "capitalSurplus": 22365400000, "otherStockholderEquity": -8197200000, "totalStockholderEquity": 371042400000, "netTangibleAssets": 370929200000}], "maxAge": 86400}, "indexTrend": {"maxAge": 1, "symbol": "SP5", "peRatio": 19.7411, "pegRatio": 1.34172, "estimates": [{"period": "0q", "growth": 0.549}, {"period": "+1q", "growth": 0.431}, {"period": "0y", "growth": 0.305}, {"period": "+1y", "growth": 0.109}, {"period": "+5y", "growth": 0.120865}, {"period": "-5y"}]}, "insiderTransactions": {"transactions": [{"maxAge": 1, "shares": 1039399343, "filerUrl": "", "transactionText": "", "filerName": "President of India", "filerRelation": "Promoter", "moneyText": "", "startDate": "2019-03-28", "ownership": "D"}, {"maxAge": 1, "shares": 4336057, "filerUrl": "", "transactionText": "", "filerName": "President of India", "filerRelation": "Promoter", "moneyText": "", "startDate": "2019-02-21", "ownership": "D"}, {"maxAge": 1, "shares": 101470139, "filerUrl": "", "transactionText": "", "filerName": "President of India", "filerRelation": "Promoter", "moneyText": "", "startDate": "2018-12-04", "ownership": "D"}, {"maxAge": 1, "shares": 6473244, "filerUrl": "", "transactionText": "", "filerName": "President of India", "filerRelation": "Promoter", "moneyText": "", "startDate": "2018-06-18", "ownership": "D"}, {"maxAge": 1, "shares": 10825689, "filerUrl": "", "transactionText": "", "filerName": "President of India", "filerRelation": "Promoter", "moneyText": "", "startDate": "2017-11-23", "ownership": "D"}, {"maxAge": 1, "shares": 17800, "filerUrl": "", "transactionText": "", "filerName": "Samtani (Geeta)", "filerRelation": "UNREPORTED", "moneyText": "", "startDate": "2017-11-09", "ownership": "D"}, {"maxAge": 1, "shares": 5000, "filerUrl": "", "transactionText": "", "filerName": "Balraj", "filerRelation": "UNREPORTED", "moneyText": "", "startDate": "2017-04-17", "ownership": "D"}, {"maxAge": 1, "shares": 9897155, "filerUrl": "", "transactionText": "", "filerName": "President of India", "filerRelation": "Promoter", "moneyText": "", "startDate": "2017-03-22", "ownership": "D"}, {"maxAge": 1, "shares": 573633947, "filerUrl": "", "transactionText": "", "filerName": "President of India", "filerRelation": "Promoter", "moneyText": "", "startDate": "2017-01-25", "ownership": "D"}, {"maxAge": 1, "shares": 27588, "filerUrl": "", "transactionText": "", "filerName": "President of India", "filerRelation": "Promoter", "moneyText": "", "startDate": "2015-04-10", "ownership": "D"}, {"maxAge": 1, "shares": 49372950, "filerUrl": "", "transactionText": "", "filerName": "President of India", "filerRelation": "Promoter", "moneyText": "", "startDate": "2015-04-08", "ownership": "D"}, {"maxAge": 1, "shares": 11438782, "filerUrl": "", "transactionText": "", "filerName": "President of India", "filerRelation": "Promoter", "moneyText": "", "startDate": "2014-03-27", "ownership": "D"}, {"maxAge": 1, "shares": 1113, "filerUrl": "", "transactionText": "", "filerName": "Mahendar (Veera G)", "filerRelation": "UNREPORTED", "moneyText": "", "startDate": "2013-12-09", "ownership": "D"}, {"maxAge": 1, "shares": 200000, "filerUrl": "", "transactionText": "", "filerName": "Life Insurance Corporation of India", "filerRelation": "Institution- Corporation", "moneyText": "", "startDate": "2013-09-26", "ownership": "D"}], "maxAge": 1}, "quoteType": {"exchange": "BSE", "quoteType": "EQUITY", "symbol": "RECLTD.BO", "underlyingSymbol": "RECLTD.BO", "shortName": "REC LIMITED", "longName": "Rural Electrification Corporation Limited", "firstTradeDateEpochUtc": "2008-03-12 09:15:00", "timeZoneFullName": "Asia/Kolkata", "timeZoneShortName": "IST", "uuid": "e9938d36-0bb2-3e64-a190-73adb9ff7e43", "gmtOffSetMilliseconds": 19800000, "maxAge": 1}, "incomeStatementHistory": {"incomeStatementHistory": [{"maxAge": 1, "endDate": "2020-03-31", "totalRevenue": 110175000000, "costOfRevenue": 1094300000, "grossProfit": 109080700000, "researchDevelopment": {}, "sellingGeneralAdministrative": 4630700000, "nonRecurring": {}, "otherOperatingExpenses": 10711200000, "totalOperatingExpenses": 16553900000, "operatingIncome": 93621100000, "totalOtherIncomeExpenseNet": -23321300000, "ebit": 0, "interestExpense": {}, "incomeBeforeTax": 70299800000, "incomeTaxExpense": 20577100000, "minorityInterest": {}, "netIncomeFromContinuingOps": 49722700000, "discontinuedOperations": {}, "extraordinaryItems": {}, "effectOfAccountingCharges": {}, "otherItems": {}, "netIncome": 49722700000, "netIncomeApplicableToCommonShares": 49722700000}, {"maxAge": 1, "endDate": "2019-03-31", "totalRevenue": 97813000000, "costOfRevenue": 1273400000, "grossProfit": 96539600000, "researchDevelopment": {}, "sellingGeneralAdministrative": 3650800000, "nonRecurring": {}, "otherOperatingExpenses": 6810500000, "totalOperatingExpenses": 11817600000, "operatingIncome": 85995400000, "totalOtherIncomeExpenseNet": -5091000000, "ebit": 0, "interestExpense": {}, "incomeBeforeTax": 80904400000, "incomeTaxExpense": 23490600000, "minorityInterest": {}, "netIncomeFromContinuingOps": 57413800000, "discontinuedOperations": {}, "extraordinaryItems": {}, "effectOfAccountingCharges": {}, "otherItems": {}, "netIncome": 57413800000, "netIncomeApplicableToCommonShares": 57413800000}, {"maxAge": 1, "endDate": "2018-03-31", "totalRevenue": 93327400000, "costOfRevenue": 1623800000, "grossProfit": 91703600000, "researchDevelopment": {}, "sellingGeneralAdministrative": 2442500000, "nonRecurring": {}, "otherOperatingExpenses": 29657900000, "totalOperatingExpenses": 33793500000, "operatingIncome": 59533900000, "totalOtherIncomeExpenseNet": 41300000, "ebit": 0, "interestExpense": {}, "incomeBeforeTax": 59575200000, "incomeTaxExpense": 15070000000, "minorityInterest": {}, "netIncomeFromContinuingOps": 44505200000, "discontinuedOperations": {}, "extraordinaryItems": {}, "effectOfAccountingCharges": {}, "otherItems": {}, "netIncome": 44505200000, "netIncomeApplicableToCommonShares": 44505200000}, {"maxAge": 1, "endDate": "2017-03-31", "totalRevenue": 98935300000, "costOfRevenue": 3014900000, "grossProfit": 95920400000, "researchDevelopment": {}, "sellingGeneralAdministrative": 2866200000, "nonRecurring": {}, "otherOperatingExpenses": 2298400000, "totalOperatingExpenses": 8582800000, "operatingIncome": 90352500000, "totalOtherIncomeExpenseNet": -628900000, "ebit": 0, "interestExpense": {}, "incomeBeforeTax": 89723600000, "incomeTaxExpense": 26589900000, "minorityInterest": {}, "netIncomeFromContinuingOps": 63133700000, "discontinuedOperations": {}, "extraordinaryItems": {}, "effectOfAccountingCharges": {}, "otherItems": {}, "netIncome": 63133700000, "netIncomeApplicableToCommonShares": 63133700000}], "maxAge": 86400}, "fundOwnership": {"ownershipList": [{"maxAge": 1, "reportDate": "2020-07-31", "organization": "Vanguard International Stock Index-Total Intl Stock Indx", "pctHeld": 0.006, "position": 11789708, "value": 1181328741}, {"maxAge": 1, "reportDate": "2020-07-31", "organization": "Vanguard International Stock Index-Emerging Markets Stk", "pctHeld": 0.0045, "position": 8918813, "value": 893665062}, {"maxAge": 1, "reportDate": "2020-07-31", "organization": "Goldman Sachs Emerging Markets Equity Insights Fund", "pctHeld": 0.0039, "position": 7792222, "value": 780780644}, {"maxAge": 1, "reportDate": "2020-08-31", "organization": "iShares Emerging Markets Dividend ETF", "pctHeld": 0.0036000002, "position": 7014671, "value": 744958060}, {"maxAge": 1, "reportDate": "2020-07-31", "organization": "DFA Emerging Markets Core Equity Portfolio", "pctHeld": 0.0034, "position": 6688355, "value": 670173171}, {"maxAge": 1, "reportDate": "2020-07-31", "organization": "DFA Investment Dimensions-DFA Emerging Mkts Value", "pctHeld": 0.0031, "position": 6035839, "value": 604791067}, {"maxAge": 1, "reportDate": "2020-05-31", "organization": "GMO Implementation Fund", "pctHeld": 0.003, "position": 5991102, "value": 530212527}, {"maxAge": 1, "reportDate": "2020-06-30", "organization": "Causeway Emerging Markets Fund", "pctHeld": 0.003, "position": 5946767, "value": 643142851}, {"maxAge": 1, "reportDate": "2020-07-31", "organization": "iShares Core MSCI Emerging Markets ETF", "pctHeld": 0.0026, "position": 5129787, "value": 514004657}, {"maxAge": 1, "reportDate": "2020-08-31", "organization": "iShares MSCI India ETF", "pctHeld": 0.0021, "position": 4078096, "value": 433093795}], "maxAge": 1}, "summaryDetail": {"maxAge": 1, "priceHint": 2, "previousClose": 127.9, "open": 127.45, "dayLow": 126.4, "dayHigh": 130.95, "regularMarketPreviousClose": 127.9, "regularMarketOpen": 127.45, "regularMarketDayLow": 126.4, "regularMarketDayHigh": 130.95, "trailingPE": 4.7728877, "volume": 201574, "regularMarketVolume": 201574, "averageVolume": 402321, "averageVolume10days": 483864, "averageDailyVolume10Day": 483864, "bid": 127.65, "ask": 128.45, "bidSize": 0, "askSize": 0, "marketCap": 253382230016, "fiftyTwoWeekLow": 79.0, "fiftyTwoWeekHigh": 157.25, "fiftyDayAverage": 138.82576, "twoHundredDayAverage": 115.81691, "trailingAnnualDividendRate": 22.0, "trailingAnnualDividendYield": 0.17200938, "currency": "INR", "fromCurrency": null, "lastMarket": null, "algorithm": null, "tradeable": false}, "incomeStatementHistoryQuarterly": {"incomeStatementHistory": [{"maxAge": 1, "endDate": "2020-06-30", "totalRevenue": 32555000000, "costOfRevenue": 216600000, "grossProfit": 32338400000, "researchDevelopment": {}, "sellingGeneralAdministrative": 1107600000, "nonRecurring": {}, "otherOperatingExpenses": 2350800000, "totalOperatingExpenses": 3703000000, "operatingIncome": 28852000000, "totalOtherIncomeExpenseNet": -4013100000, "ebit": 0, "interestExpense": {}, "incomeBeforeTax": 24838900000, "incomeTaxExpense": 6385900000, "minorityInterest": {}, "netIncomeFromContinuingOps": 18453000000, "discontinuedOperations": {}, "extraordinaryItems": {}, "effectOfAccountingCharges": {}, "otherItems": {}, "netIncome": 18453000000, "netIncomeApplicableToCommonShares": 18453000000}, {"maxAge": 1, "endDate": "2020-03-31", "totalRevenue": 28729700000, "costOfRevenue": 369400000, "grossProfit": 28360300000, "researchDevelopment": {}, "sellingGeneralAdministrative": 2278700000, "nonRecurring": {}, "otherOperatingExpenses": 6268900000, "totalOperatingExpenses": 8952600000, "operatingIncome": 19777100000, "totalOtherIncomeExpenseNet": -13134800000, "ebit": 0, "interestExpense": {}, "incomeBeforeTax": 6642300000, "incomeTaxExpense": 1902400000, "minorityInterest": {}, "netIncomeFromContinuingOps": 4739900000, "discontinuedOperations": {}, "extraordinaryItems": {}, "effectOfAccountingCharges": {}, "otherItems": {}, "netIncome": 4739900000, "netIncomeApplicableToCommonShares": 4739900000}, {"maxAge": 1, "endDate": "2019-12-31", "totalRevenue": 29505000000, "costOfRevenue": 212600000, "grossProfit": 29292400000, "researchDevelopment": {}, "sellingGeneralAdministrative": 754400000, "nonRecurring": {}, "otherOperatingExpenses": 1145900000, "totalOperatingExpenses": 2140600000, "operatingIncome": 27364400000, "totalOtherIncomeExpenseNet": -3499700000, "ebit": 0, "interestExpense": {}, "incomeBeforeTax": 23864700000, "incomeTaxExpense": 7196600000, "minorityInterest": {}, "netIncomeFromContinuingOps": 16668100000, "discontinuedOperations": {}, "extraordinaryItems": {}, "effectOfAccountingCharges": {}, "otherItems": {}, "netIncome": 16668100000, "netIncomeApplicableToCommonShares": 16668100000}, {"maxAge": 1, "endDate": "2019-09-30", "totalRevenue": 27551700000, "costOfRevenue": 296400000, "grossProfit": 27255300000, "researchDevelopment": {}, "sellingGeneralAdministrative": 805700000, "nonRecurring": {}, "otherOperatingExpenses": 1423900000, "totalOperatingExpenses": 2555100000, "operatingIncome": 24996600000, "totalOtherIncomeExpenseNet": -6329600000, "ebit": 0, "interestExpense": {}, "incomeBeforeTax": 18667000000, "incomeTaxExpense": 5442300000, "minorityInterest": {}, "netIncomeFromContinuingOps": 13224700000, "discontinuedOperations": {}, "extraordinaryItems": {}, "effectOfAccountingCharges": {}, "otherItems": {}, "netIncome": 13224700000, "netIncomeApplicableToCommonShares": 13224700000}], "maxAge": 86400}, "cashflowStatementHistoryQuarterly": {"cashflowStatements": [{"maxAge": 1, "endDate": "2020-06-30", "netIncome": 18453000000, "changeToLiabilities": 0}, {"maxAge": 1, "endDate": "2020-03-31", "netIncome": 4739900000, "depreciation": 24500000, "changeToNetincome": 17014900000, "changeToLiabilities": 0, "changeToOperatingActivities": -148526200000, "totalCashFromOperatingActivities": -126735700000, "capitalExpenditures": -391000000, "investments": 111000000, "otherCashflowsFromInvestingActivities": 1917800000, "totalCashflowsFromInvestingActivities": 1642600000, "dividendsPaid": -21724100000, "netBorrowings": 146154900000, "otherCashflowsFromFinancingActivities": -4460100000, "totalCashFromFinancingActivities": 119970700000, "changeInCash": -5122400000}, {"maxAge": 1, "endDate": "2019-12-31", "netIncome": 16668100000, "depreciation": 20800000, "changeToNetincome": 9736500000, "changeToLiabilities": 0, "changeToOperatingActivities": -86058700000, "totalCashFromOperatingActivities": -59626400000, "capitalExpenditures": -105200000, "investments": 594900000, "otherCashflowsFromInvestingActivities": 68700000, "totalCashflowsFromInvestingActivities": 553900000, "dividendsPaid": -21724100000, "netBorrowings": 47367800000, "otherCashflowsFromFinancingActivities": -4460100000, "totalCashFromFinancingActivities": 47367800000, "changeInCash": -11704700000}, {"maxAge": 1, "endDate": "2019-09-30", "netIncome": 13224700000, "depreciation": 20800000, "changeToNetincome": 9736500000, "changeToLiabilities": 0, "changeToOperatingActivities": -86058700000, "totalCashFromOperatingActivities": -59626400000, "capitalExpenditures": -105200000, "investments": 594900000, "otherCashflowsFromInvestingActivities": 68700000, "totalCashflowsFromInvestingActivities": 553900000, "dividendsPaid": -21724100000, "netBorrowings": 47367800000, "otherCashflowsFromFinancingActivities": -4460100000, "totalCashFromFinancingActivities": 47367800000, "changeInCash": -11704700000}], "maxAge": 86400}, "insiderHolders": {"holders": [{"maxAge": 1, "name": "Balraj", "relation": "UNREPORTED", "url": "", "transactionDescription": "Sale", "latestTransDate": "2017-04-17", "positionDirect": 120, "positionDirectDate": "2017-04-17"}, {"maxAge": 1, "name": "Life Insurance Corporation of India", "relation": "Institution- Corporation", "url": "", "transactionDescription": "Acquisition", "latestTransDate": "2013-09-26", "positionDirect": 49436415, "positionDirectDate": "2013-09-26"}, {"maxAge": 1, "name": "Mahendar (Veera G)", "relation": "UNREPORTED", "url": "", "transactionDescription": "Acquisition", "latestTransDate": "2013-12-09", "positionDirect": 1113, "positionDirectDate": "2013-12-09"}, {"maxAge": 1, "name": "President of India", "relation": "Promoter", "url": "", "transactionDescription": "Sale", "latestTransDate": "2019-03-28", "positionDirect": 0, "positionDirectDate": "2019-03-28"}, {"maxAge": 1, "name": "Samtani (Geeta)", "relation": "UNREPORTED", "url": "", "transactionDescription": "Sale", "latestTransDate": "2017-11-09", "positionDirect": 0, "positionDirectDate": "2017-11-09"}], "maxAge": 1}, "calendarEvents": {"maxAge": 1, "earnings": {"earningsDate": ["2019-09-16 05:30:S", "2019-09-20 05:30:S"]}}, "upgradeDowngradeHistory": {"history": [], "maxAge": 86400}, "price": {"maxAge": 1, "regularMarketChangePercent": 0.003127455, "regularMarketChange": 0.40000153, "regularMarketTime": "2021-04-30 15:29:55", "priceHint": 2, "regularMarketPrice": 128.3, "regularMarketDayHigh": 130.95, "regularMarketDayLow": 126.4, "regularMarketVolume": 201574, "averageDailyVolume10Day": 483864, "averageDailyVolume3Month": 402321, "regularMarketPreviousClose": 127.9, "regularMarketSource": "FREE_REALTIME", "regularMarketOpen": 127.45, "exchange": "BSE", "exchangeName": "BSE", "exchangeDataDelayedBy": 0, "marketState": "CLOSED", "quoteType": "EQUITY", "symbol": "RECLTD.BO", "underlyingSymbol": null, "shortName": "REC LIMITED", "longName": "Rural Electrification Corporation Limited", "currency": "INR", "quoteSourceName": "Delayed Quote", "currencySymbol": "\u20b9", "fromCurrency": null, "lastMarket": null, "marketCap": 253382230016}, "balanceSheetHistory": {"balanceSheetStatements": [{"maxAge": 1, "endDate": "2020-03-31", "cash": 17177100000, "netReceivables": 3342705200000, "otherCurrentAssets": 27446500000, "totalCurrentAssets": 3420517300000, "longTermInvestments": 24067700000, "propertyPlantEquipment": 4445900000, "intangibleAssets": 95900000, "otherAssets": 21174000000, "deferredLongTermAssetCharges": 20505700000, "totalAssets": 3470300800000, "accountsPayable": 461500000, "shortLongTermDebt": 565197800000, "otherCurrentLiab": 54300000, "longTermDebt": 2400105700000, "otherLiab": 19968000000, "deferredLongTermLiab": 164000000, "totalCurrentLiabilities": 696241600000, "totalLiab": 3116336500000, "commonStock": 19749200000, "retainedEarnings": 324334100000, "treasuryStock": -12484400000, "capitalSurplus": 22365400000, "otherStockholderEquity": -12484400000, "totalStockholderEquity": 353964300000, "netTangibleAssets": 353868400000}, {"maxAge": 1, "endDate": "2019-03-31", "cash": 3819900000, "netReceivables": 2889359000000, "otherCurrentAssets": 21383700000, "totalCurrentAssets": 2932588400000, "longTermInvestments": 24774100000, "propertyPlantEquipment": 3535700000, "intangibleAssets": 101400000, "otherAssets": 23538700000, "deferredLongTermAssetCharges": 23059300000, "totalAssets": 2984538300000, "accountsPayable": 672900000, "shortLongTermDebt": 381128300000, "otherCurrentLiab": 42300000, "longTermDebt": 2131002800000, "otherLiab": 12399600000, "deferredLongTermLiab": 122000000, "totalCurrentLiabilities": 495671400000, "totalLiab": 2639074900000, "commonStock": 19749200000, "retainedEarnings": 296432300000, "treasuryStock": 6916500000, "capitalSurplus": 22365400000, "otherStockholderEquity": 6916500000, "totalStockholderEquity": 345463400000, "netTangibleAssets": 345362000000}, {"maxAge": 1, "endDate": "2018-03-31", "cash": 2484300000, "netReceivables": 2332402100000, "otherCurrentAssets": 20290600000, "totalCurrentAssets": 2362080800000, "longTermInvestments": 29991700000, "propertyPlantEquipment": 2538200000, "intangibleAssets": 66200000, "otherAssets": 29020700000, "deferredLongTermAssetCharges": 28424300000, "totalAssets": 2423697600000, "accountsPayable": 631400000, "shortLongTermDebt": 384953900000, "otherCurrentLiab": 40000000, "longTermDebt": 1645116700000, "otherLiab": 8049100000, "deferredLongTermLiab": 136000000, "totalCurrentLiabilities": 444654600000, "totalLiab": 2097821500000, "commonStock": 19749200000, "retainedEarnings": 271492000000, "treasuryStock": 12269500000, "capitalSurplus": 22365400000, "otherStockholderEquity": 12269500000, "totalStockholderEquity": 325876100000, "netTangibleAssets": 325809900000}, {"maxAge": 1, "endDate": "2017-03-31", "cash": 46507900000, "netReceivables": 2019167100000, "inventory": 400000, "otherCurrentAssets": 686200000, "totalCurrentAssets": 2066873000000, "longTermInvestments": 29353200000, "propertyPlantEquipment": 5182400000, "intangibleAssets": 22000000, "otherAssets": 1018600000, "totalAssets": 2102449200000, "accountsPayable": 1603900000, "shortLongTermDebt": 180597700000, "otherCurrentLiab": 4504700000, "longTermDebt": 1496808900000, "otherLiab": 19028100000, "totalCurrentLiabilities": 249906600000, "totalLiab": 1765743600000, "commonStock": 19749200000, "retainedEarnings": 283882300000, "treasuryStock": 10708700000, "capitalSurplus": 22365400000, "otherStockholderEquity": 10708700000, "totalStockholderEquity": 336705600000, "netTangibleAssets": 336683600000}], "maxAge": 86400}, "financialData": {"maxAge": 86400, "currentPrice": 128.3, "recommendationKey": "none", "grossProfits": 109080700000, "financialCurrency": "INR"}}}