{"RECLTD.NS": {"assetProfile": {"address1": "Core-4", "address2": "SCOPE Complex 7, Lodhi Road", "city": "New Delhi", "zip": "110003", "country": "India", "phone": "91 11 4309 1500", "fax": "91 11 2436 0644", "website": "http://www.recindia.nic.in", "industry": "Credit Services", "sector": "Financial Services", "longBusinessSummary": "REC Limited, a public financial institution, provides financing services for power generation, transmission, and distribution projects in India. It primarily offers long-term, medium-term, and short-terms loans. The company also acts as a nodal agency for the implementation of Pradhan Mantri Sahaj Bijli Har Ghar Yojana for universal household electrification, Deen Dayal Upadhyaya Gram Jyoti Yojana, National Electricity Fund, Outage Management System, and 11kv Rural Feeder Management System, as well as acts as the bid process coordinator for selection of transmission service provider through tariff based competitive bidding process for independent inter-state and intra-state transmission projects; and provides consultancy services in transmission and distribution sectors. It serves central/state government power utilities, as well as private sector power utilities. The company was formerly known as Rural Electrification Corporation Limited and changed its name to REC Limited in October 2018. REC Limited was founded in 1969 and is based in New Delhi, India. REC Limited is a subsidiary of Power Finance Corporation Limited.", "fullTimeEmployees": 468, "companyOfficers": [{"maxAge": 1, "name": "Mr. Sanjeev Kumar Gupta", "age": 59, "title": "Director of Technical", "yearBorn": 1961, "fiscalYear": 2020, "totalPay": 9294630, "exercisedValue": 0, "unexercisedValue": 0}, {"maxAge": 1, "name": "Mr. Jyoti Shubhra Amitabh", "age": 54, "title": "Exec. Director, GM, Compliance Officer & Company Sec.", "yearBorn": 1966, "fiscalYear": 2020, "totalPay": 7191459, "exercisedValue": 0, "unexercisedValue": 0}, {"maxAge": 1, "name": "Mr. Sanjay  Malhotra I.A.S.", "age": 52, "title": "Chairman & MD", "yearBorn": 1968, "exercisedValue": 0, "unexercisedValue": 0}, {"maxAge": 1, "name": "Mr. Ajoy  Choudhary", "title": "Director of Fin.", "exercisedValue": 0, "unexercisedValue": 0}, {"maxAge": 1, "name": "Mr. Daljeet Singh Khatri", "title": "Chief Gen. Mang. of Fin. & Accounts", "exercisedValue": 0, "unexercisedValue": 0}, {"maxAge": 1, "name": "Mr. Ashok  Awasthi", "age": 61, "title": "Exec. Director of Admin. & Estate", "yearBorn": 1959, "exercisedValue": 0, "unexercisedValue": 0}, {"maxAge": 1, "name": "Mr. S. L. Batta", "title": "Exec. Director of Law", "exercisedValue": 0, "unexercisedValue": 0}, {"maxAge": 1, "name": "Ms. Kalpana  Kaul", "title": "Exec. Director of HR & CC", "exercisedValue": 0, "unexercisedValue": 0}, {"maxAge": 1, "name": "Mr. Vijay Kumar Arora", "age": 67, "title": "Chief Risk Officer", "yearBorn": 1953, "fiscalYear": 2009, "exercisedValue": 0, "unexercisedValue": 0}, {"maxAge": 1, "name": "Dr. Sunita  Singh IFoS", "title": "Chief Vigilance Officer", "exercisedValue": 0, "unexercisedValue": 0}], "auditRisk": 8, "boardRisk": 10, "compensationRisk": 1, "shareHolderRightsRisk": 8, "overallRisk": 10, "governanceEpochDate": "2021-04-01 05:30:00", "compensationAsOfEpochDate": "2020-12-31 05:30:00", "maxAge": 86400}, "recommendationTrend": {"trend": [{"period": "0m", "strongBuy": 0, "buy": 0, "hold": 0, "sell": 0, "strongSell": 0}, {"period": "-1m", "strongBuy": 4, "buy": 6, "hold": 3, "sell": 2, "strongSell": 3}, {"period": "-2m", "strongBuy": 4, "buy": 6, "hold": 3, "sell": 2, "strongSell": 4}, {"period": "-3m", "strongBuy": 3, "buy": 7, "hold": 3, "sell": 2, "strongSell": 4}], "maxAge": 86400}, "cashflowStatementHistory": {"cashflowStatements": [{"maxAge": 1, "endDate": "2020-03-31", "netIncome": 49722700000, "depreciation": 84800000, "changeToNetincome": 40559300000, "changeToLiabilities": 0, "changeToOperatingActivities": -417518900000, "totalCashFromOperatingActivities": -327119100000, "capitalExpenditures": -1133000000, "investments": -306100000, "otherCashflowsFromInvestingActivities": 2679800000, "totalCashflowsFromInvestingActivities": 1214300000, "dividendsPaid": -21724100000, "netBorrowings": 365446700000, "otherCashflowsFromFinancingActivities": -4460600000, "totalCashFromFinancingActivities": 339262000000, "changeInCash": 13357200000}, {"maxAge": 1, "endDate": "2019-03-31", "netIncome": 57413800000, "depreciation": 67700000, "changeToNetincome": 9124700000, "changeToLiabilities": 0, "changeToOperatingActivities": -425279400000, "totalCashFromOperatingActivities": -358658000000, "capitalExpenditures": -972500000, "investments": 3805100000, "otherCashflowsFromInvestingActivities": 1784500000, "totalCashflowsFromInvestingActivities": 4567700000, "dividendsPaid": -25156300000, "netBorrowings": 385837400000, "otherCashflowsFromFinancingActivities": -5255200000, "totalCashFromFinancingActivities": 355425900000, "changeInCash": 1335600000}, {"maxAge": 1, "endDate": "2018-03-31", "netIncome": 44505200000, "depreciation": 62900000, "changeToNetincome": 21568600000, "changeToLiabilities": 0, "changeToOperatingActivities": -391241200000, "totalCashFromOperatingActivities": -325098100000, "capitalExpenditures": -808800000, "investments": -1162000000, "otherCashflowsFromInvestingActivities": 2480600000, "totalCashflowsFromInvestingActivities": 458800000, "dividendsPaid": -19718700000, "netBorrowings": 306188700000, "otherCashflowsFromFinancingActivities": -4031500000, "totalCashFromFinancingActivities": 282438500000, "changeInCash": -42200800000}, {"maxAge": 1, "endDate": "2017-03-31", "netIncome": 63133700000, "depreciation": 396900000, "changeToNetincome": 12651700000, "changeToLiabilities": 0, "changeToOperatingActivities": -8138500000, "totalCashFromOperatingActivities": 68045200000, "capitalExpenditures": -2031900000, "investments": -2068500000, "otherCashflowsFromInvestingActivities": 3089700000, "totalCashflowsFromInvestingActivities": -1009600000, "dividendsPaid": -18894300000, "netBorrowings": -16758700000, "otherCashflowsFromFinancingActivities": -4129000000, "totalCashFromFinancingActivities": -39468100000, "changeInCash": 27567500000, "issuanceOfStock": 313900000}], "maxAge": 86400}, "indexTrend": {"maxAge": 1, "symbol": "SP5", "peRatio": 19.7411, "pegRatio": 1.34172, "estimates": [{"period": "0q", "growth": 0.549}, {"period": "+1q", "growth": 0.431}, {"period": "0y", "growth": 0.305}, {"period": "+1y", "growth": 0.109}, {"period": "+5y", "growth": 0.120865}, {"period": "-5y"}]}, "defaultKeyStatistics": {"maxAge": 1, "priceHint": 2, "enterpriseValue": 3547228274688, "profitMargins": 0.51378, "floatShares": 935419911, "sharesOutstanding": 1974919936, "heldPercentInsiders": 0.52641, "heldPercentInstitutions": 0.27215, "beta": 0.99269, "category": null, "bookValue": 213.064, "priceToBook": 0.6012278, "fundFamily": null, "legalType": null, "lastFiscalYearEnd": "2020-03-31 05:30:00", "nextFiscalYearEnd": "2022-03-31 05:30:00", "mostRecentQuarter": "2020-12-31 05:30:00", "earningsQuarterlyGrowth": 0.355, "netIncomeToCommon": 67743899648, "trailingEps": 34.302, "forwardEps": 21.67, "lastSplitFactor": "2:1", "lastSplitDate": "2016-09-28 05:30:00", "enterpriseToRevenue": 26.903}, "industryTrend": {"maxAge": 1, "symbol": null, "estimates": []}, "quoteType": {"exchange": "NSI", "quoteType": "EQUITY", "symbol": "RECLTD.NS", "underlyingSymbol": "RECLTD.NS", "shortName": "REC LTD", "longName": "REC Limited", "firstTradeDateEpochUtc": "2008-03-12 09:15:00", "timeZoneFullName": "Asia/Kolkata", "timeZoneShortName": "IST", "uuid": "12d7c913-5a87-30c7-82fb-a71980760838", "gmtOffSetMilliseconds": 19800000, "maxAge": 1}, "incomeStatementHistory": {"incomeStatementHistory": [{"maxAge": 1, "endDate": "2020-03-31", "totalRevenue": 110175000000, "costOfRevenue": 1094300000, "grossProfit": 109080700000, "researchDevelopment": {}, "sellingGeneralAdministrative": 4630700000, "nonRecurring": {}, "otherOperatingExpenses": 10711200000, "totalOperatingExpenses": 16553900000, "operatingIncome": 93621100000, "totalOtherIncomeExpenseNet": -23321300000, "ebit": 0, "interestExpense": {}, "incomeBeforeTax": 70299800000, "incomeTaxExpense": 20577100000, "minorityInterest": {}, "netIncomeFromContinuingOps": 49722700000, "discontinuedOperations": {}, "extraordinaryItems": {}, "effectOfAccountingCharges": {}, "otherItems": {}, "netIncome": 49722700000, "netIncomeApplicableToCommonShares": 49722700000}, {"maxAge": 1, "endDate": "2019-03-31", "totalRevenue": 97813000000, "costOfRevenue": 1273400000, "grossProfit": 96539600000, "researchDevelopment": {}, "sellingGeneralAdministrative": 3650800000, "nonRecurring": {}, "otherOperatingExpenses": 6810500000, "totalOperatingExpenses": 11817600000, "operatingIncome": 85995400000, "totalOtherIncomeExpenseNet": -5091000000, "ebit": 0, "interestExpense": {}, "incomeBeforeTax": 80904400000, "incomeTaxExpense": 23490600000, "minorityInterest": {}, "netIncomeFromContinuingOps": 57413800000, "discontinuedOperations": {}, "extraordinaryItems": {}, "effectOfAccountingCharges": {}, "otherItems": {}, "netIncome": 57413800000, "netIncomeApplicableToCommonShares": 57413800000}, {"maxAge": 1, "endDate": "2018-03-31", "totalRevenue": 93327400000, "costOfRevenue": 1623800000, "grossProfit": 91703600000, "researchDevelopment": {}, "sellingGeneralAdministrative": 2442500000, "nonRecurring": {}, "otherOperatingExpenses": 29657900000, "totalOperatingExpenses": 33793500000, "operatingIncome": 59533900000, "totalOtherIncomeExpenseNet": 41300000, "ebit": 0, "interestExpense": {}, "incomeBeforeTax": 59575200000, "incomeTaxExpense": 15070000000, "minorityInterest": {}, "netIncomeFromContinuingOps": 44505200000, "discontinuedOperations": {}, "extraordinaryItems": {}, "effectOfAccountingCharges": {}, "otherItems": {}, "netIncome": 44505200000, "netIncomeApplicableToCommonShares": 44505200000}, {"maxAge": 1, "endDate": "2017-03-31", "totalRevenue": 98935300000, "costOfRevenue": 3014900000, "grossProfit": 95920400000, "researchDevelopment": {}, "sellingGeneralAdministrative": 2866200000, "nonRecurring": {}, "otherOperatingExpenses": 2298400000, "totalOperatingExpenses": 8582800000, "operatingIncome": 90352500000, "totalOtherIncomeExpenseNet": -628900000, "ebit": 0, "interestExpense": {}, "incomeBeforeTax": 89723600000, "incomeTaxExpense": 26589900000, "minorityInterest": {}, "netIncomeFromContinuingOps": 63133700000, "discontinuedOperations": {}, "extraordinaryItems": {}, "effectOfAccountingCharges": {}, "otherItems": {}, "netIncome": 63133700000, "netIncomeApplicableToCommonShares": 63133700000}], "maxAge": 86400}, "fundOwnership": {"ownershipList": [{"maxAge": 1, "reportDate": "2021-01-31", "organization": "Vanguard International Stock Index-Total Intl Stock Indx", "pctHeld": 0.0047999998, "position": 9495452, "value": 1258147390}, {"maxAge": 1, "reportDate": "2021-01-31", "organization": "Vanguard International Stock Index-Emerging Markets Stk", "pctHeld": 0.0047, "position": 9363979, "value": 1240727217}, {"maxAge": 1, "reportDate": "2020-11-30", "organization": "GMO Implementation Fund", "pctHeld": 0.004, "position": 7830974, "value": 951071792}, {"maxAge": 1, "reportDate": "2021-03-31", "organization": "iShares Core MSCI Emerging Markets ETF", "pctHeld": 0.0039, "position": 7777049, "value": 1019959976}, {"maxAge": 1, "reportDate": "2021-01-31", "organization": "DFA Emerging Markets Core Equity Portfolio", "pctHeld": 0.0033000002, "position": 6540306, "value": 866590545}, {"maxAge": 1, "reportDate": "2021-03-31", "organization": "iShares MSCI India ETF", "pctHeld": 0.0032, "position": 6226992, "value": 816670000}, {"maxAge": 1, "reportDate": "2020-12-31", "organization": "Causeway Emerging Markets Fund", "pctHeld": 0.0029, "position": 5805361, "value": 777337837}, {"maxAge": 1, "reportDate": "2021-01-31", "organization": "DFA Investment Dimensions-DFA Emerging Mkts Value", "pctHeld": 0.0027, "position": 5381994, "value": 713114205}, {"maxAge": 1, "reportDate": "2021-03-31", "organization": "iShares Emerging Markets Dividend ETF", "pctHeld": 0.0025, "position": 4901705, "value": 642858610}, {"maxAge": 1, "reportDate": "2021-01-31", "organization": "Goldman Sachs Emerging Markets Equity Insights Fund", "pctHeld": 0.0023999999, "position": 4670201, "value": 618801632}], "maxAge": 1}, "summaryDetail": {"maxAge": 1, "priceHint": 2, "previousClose": 127.85, "open": 126.25, "dayLow": 126.1, "dayHigh": 131.0, "regularMarketPreviousClose": 127.85, "regularMarketOpen": 126.25, "regularMarketDayLow": 126.1, "regularMarketDayHigh": 131.0, "dividendRate": 11.0, "dividendYield": 0.086, "exDividendDate": "2021-03-18 05:30:00", "payoutRatio": 0.49560001, "fiveYearAvgDividendYield": 8.16, "beta": 0.99269, "trailingPE": 3.7344766, "forwardPE": 5.9113984, "volume": 4017148, "regularMarketVolume": 4017148, "averageVolume": 6726191, "averageVolume10days": 4438678, "averageDailyVolume10Day": 4438678, "bid": 0.0, "ask": 0.0, "bidSize": 0, "askSize": 0, "marketCap": 253085892608, "fiftyTwoWeekLow": 83.65, "fiftyTwoWeekHigh": 157.0, "priceToSalesTrailing12Months": 1.9194579, "fiftyDayAverage": 142.89558, "twoHundredDayAverage": 127.10957, "trailingAnnualDividendRate": 6.0, "trailingAnnualDividendYield": 0.046929996, "currency": "INR", "fromCurrency": null, "lastMarket": null, "algorithm": null, "tradeable": false}, "insiderHolders": {"holders": [{"maxAge": 1, "name": "Balraj", "relation": "UNREPORTED", "url": "", "transactionDescription": "Sale", "latestTransDate": "2017-04-17", "positionDirect": 120, "positionDirectDate": "2017-04-17"}, {"maxAge": 1, "name": "Life Insurance Corporation of India", "relation": "Institution- Corporation", "url": "", "transactionDescription": "Acquisition", "latestTransDate": "2013-09-26", "positionDirect": 49436415, "positionDirectDate": "2013-09-26"}, {"maxAge": 1, "name": "Mahendar (Veera G)", "relation": "UNREPORTED", "url": "", "transactionDescription": "Acquisition", "latestTransDate": "2013-12-09", "positionDirect": 1113, "positionDirectDate": "2013-12-09"}, {"maxAge": 1, "name": "President of India", "relation": "Promoter", "url": "", "transactionDescription": "Sale", "latestTransDate": "2019-03-28", "positionDirect": 0, "positionDirectDate": "2019-03-28"}, {"maxAge": 1, "name": "Samtani (Geeta)", "relation": "UNREPORTED", "url": "", "transactionDescription": "Sale", "latestTransDate": "2017-11-09", "positionDirect": 0, "positionDirectDate": "2017-11-09"}], "maxAge": 1}, "calendarEvents": {"maxAge": 1, "earnings": {"earningsDate": ["2021-06-14 05:30:S", "2021-06-18 05:30:S"], "revenueAverage": 21234000000, "revenueLow": 21234000000, "revenueHigh": 21234000000}, "exDividendDate": "2021-03-18 05:30:00"}, "upgradeDowngradeHistory": {"history": [], "maxAge": 86400}, "price": {"maxAge": 1, "regularMarketChangePercent": 0.0019554761, "regularMarketChange": 0.25000763, "regularMarketTime": "2021-04-30 15:29:59", "priceHint": 2, "regularMarketPrice": 128.1, "regularMarketDayHigh": 131.0, "regularMarketDayLow": 126.1, "regularMarketVolume": 4017148, "averageDailyVolume10Day": 4438678, "averageDailyVolume3Month": 6726191, "regularMarketPreviousClose": 127.85, "regularMarketSource": "FREE_REALTIME", "regularMarketOpen": 126.25, "exchange": "NSI", "exchangeName": "NSE", "exchangeDataDelayedBy": 15, "marketState": "CLOSED", "quoteType": "EQUITY", "symbol": "RECLTD.NS", "underlyingSymbol": null, "shortName": "REC LTD", "longName": "REC Limited", "currency": "INR", "quoteSourceName": "Delayed Quote", "currencySymbol": "\u20b9", "fromCurrency": null, "lastMarket": null, "marketCap": 253085892608}, "balanceSheetHistory": {"balanceSheetStatements": [{"maxAge": 1, "endDate": "2020-03-31", "cash": 17177100000, "netReceivables": 3342705200000, "otherCurrentAssets": 27446500000, "totalCurrentAssets": 3420517300000, "longTermInvestments": 24067700000, "propertyPlantEquipment": 4445900000, "intangibleAssets": 95900000, "otherAssets": 21174000000, "deferredLongTermAssetCharges": 20505700000, "totalAssets": 3470300800000, "accountsPayable": 461500000, "shortLongTermDebt": 565197800000, "otherCurrentLiab": 54300000, "longTermDebt": 2400105700000, "otherLiab": 19968000000, "deferredLongTermLiab": 164000000, "totalCurrentLiabilities": 696241600000, "totalLiab": 3116336500000, "commonStock": 19749200000, "retainedEarnings": 324334100000, "treasuryStock": -12484400000, "capitalSurplus": 22365400000, "otherStockholderEquity": -12484400000, "totalStockholderEquity": 353964300000, "netTangibleAssets": 353868400000}, {"maxAge": 1, "endDate": "2019-03-31", "cash": 3819900000, "netReceivables": 2889359000000, "otherCurrentAssets": 21383700000, "totalCurrentAssets": 2932588400000, "longTermInvestments": 24774100000, "propertyPlantEquipment": 3535700000, "intangibleAssets": 101400000, "otherAssets": 23538700000, "deferredLongTermAssetCharges": 23059300000, "totalAssets": 2984538300000, "accountsPayable": 672900000, "shortLongTermDebt": 381128300000, "otherCurrentLiab": 42300000, "longTermDebt": 2131002800000, "otherLiab": 12399600000, "deferredLongTermLiab": 122000000, "totalCurrentLiabilities": 495671400000, "totalLiab": 2639074900000, "commonStock": 19749200000, "retainedEarnings": 296432300000, "treasuryStock": 6916500000, "capitalSurplus": 22365400000, "otherStockholderEquity": 6916500000, "totalStockholderEquity": 345463400000, "netTangibleAssets": 345362000000}, {"maxAge": 1, "endDate": "2018-03-31", "cash": 2484300000, "netReceivables": 2332402100000, "otherCurrentAssets": 20290600000, "totalCurrentAssets": 2362080800000, "longTermInvestments": 29991700000, "propertyPlantEquipment": 2538200000, "intangibleAssets": 66200000, "otherAssets": 29020700000, "deferredLongTermAssetCharges": 28424300000, "totalAssets": 2423697600000, "accountsPayable": 631400000, "shortLongTermDebt": 384953900000, "otherCurrentLiab": 40000000, "longTermDebt": 1645116700000, "otherLiab": 8049100000, "deferredLongTermLiab": 136000000, "totalCurrentLiabilities": 444654600000, "totalLiab": 2097821500000, "commonStock": 19749200000, "retainedEarnings": 271492000000, "treasuryStock": 12269500000, "capitalSurplus": 22365400000, "otherStockholderEquity": 12269500000, "totalStockholderEquity": 325876100000, "netTangibleAssets": 325809900000}, {"maxAge": 1, "endDate": "2017-03-31", "cash": 46507900000, "netReceivables": 2019167100000, "inventory": 400000, "otherCurrentAssets": 686200000, "totalCurrentAssets": 2066873000000, "longTermInvestments": 29353200000, "propertyPlantEquipment": 5182400000, "intangibleAssets": 22000000, "otherAssets": 1018600000, "totalAssets": 2102449200000, "accountsPayable": 1603900000, "shortLongTermDebt": 180597700000, "otherCurrentLiab": 4504700000, "longTermDebt": 1496808900000, "otherLiab": 19028100000, "totalCurrentLiabilities": 249906600000, "totalLiab": 1765743600000, "commonStock": 19749200000, "retainedEarnings": 283882300000, "treasuryStock": 10708700000, "capitalSurplus": 22365400000, "otherStockholderEquity": 10708700000, "totalStockholderEquity": 336705600000, "netTangibleAssets": 336683600000}], "maxAge": 86400}, "earningsTrend": {"trend": [{"maxAge": 1, "period": "0q", "endDate": "2018-12-31", "growth": {}, "earningsEstimate": {"avg": 0.0, "low": 0.0, "high": 0.0, "yearAgoEps": 6.15, "numberOfAnalysts": 0, "growth": {}}, "revenueEstimate": {"avg": 21234000000, "low": 21234000000, "high": 21234000000, "numberOfAnalysts": 1, "yearAgoRevenue": 21402100000, "growth": -0.008}, "epsTrend": {"current": 0.0, "7daysAgo": 5.7, "30daysAgo": 5.7, "60daysAgo": 5.7, "90daysAgo": 5.7}, "epsRevisions": {"upLast7days": 0, "upLast30days": 0, "downLast30days": 0, "downLast90days": {}}}, {"maxAge": 1, "period": "+1q", "endDate": "2019-03-31", "growth": {}, "earningsEstimate": {"avg": 0.0, "low": 0.0, "high": 0.0, "yearAgoEps": 6.56, "numberOfAnalysts": 0, "growth": {}}, "revenueEstimate": {"avg": 21466000000, "low": 21466000000, "high": 21466000000, "numberOfAnalysts": 1, "yearAgoRevenue": 18893400000, "growth": 0.136}, "epsTrend": {"current": 0.0, "7daysAgo": 5.2, "30daysAgo": 5.2, "60daysAgo": 5.2, "90daysAgo": 5.2}, "epsRevisions": {"upLast7days": 0, "upLast30days": 0, "downLast30days": 0, "downLast90days": {}}}, {"maxAge": 1, "period": "0y", "endDate": "2019-03-31", "growth": {}, "earningsEstimate": {"avg": 0.0, "low": 0.0, "high": 0.0, "yearAgoEps": {}, "numberOfAnalysts": 0, "growth": {}}, "revenueEstimate": {"avg": 98624400000, "low": 86097000000, "high": 124000000000, "numberOfAnalysts": 9, "yearAgoRevenue": 86107900000, "growth": 0.145}, "epsTrend": {"current": 0.0, "7daysAgo": 25.63, "30daysAgo": 25.63, "60daysAgo": 25.63, "90daysAgo": 25.63}, "epsRevisions": {"upLast7days": 0, "upLast30days": 2, "downLast30days": 0, "downLast90days": {}}}, {"maxAge": 1, "period": "+1y", "endDate": "2020-03-31", "growth": {}, "earningsEstimate": {"avg": 0.0, "low": 0.0, "high": 0.0, "yearAgoEps": {}, "numberOfAnalysts": 0, "growth": {}}, "revenueEstimate": {"avg": 111293000000, "low": 99277000000, "high": 140423000000, "numberOfAnalysts": 9, "yearAgoRevenue": 98624400000, "growth": 0.128}, "epsTrend": {"current": 0.0, "7daysAgo": 30.56, "30daysAgo": 30.56, "60daysAgo": 30.56, "90daysAgo": 30.56}, "epsRevisions": {"upLast7days": 0, "upLast30days": 2, "downLast30days": 0, "downLast90days": {}}}, {"maxAge": 1, "period": "+5y", "endDate": null, "growth": 0.1161, "earningsEstimate": {"avg": {}, "low": {}, "high": {}, "yearAgoEps": {}, "numberOfAnalysts": {}, "growth": {}}, "revenueEstimate": {"avg": {}, "low": {}, "high": {}, "numberOfAnalysts": {}, "yearAgoRevenue": {}, "growth": {}}, "epsTrend": {"current": {}, "7daysAgo": {}, "30daysAgo": {}, "60daysAgo": {}, "90daysAgo": {}}, "epsRevisions": {"upLast7days": {}, "upLast30days": {}, "downLast30days": {}, "downLast90days": {}}}, {"maxAge": 1, "period": "-5y", "endDate": null, "growth": {}, "earningsEstimate": {"avg": {}, "low": {}, "high": {}, "yearAgoEps": {}, "numberOfAnalysts": {}, "growth": {}}, "revenueEstimate": {"avg": {}, "low": {}, "high": {}, "numberOfAnalysts": {}, "yearAgoRevenue": {}, "growth": {}}, "epsTrend": {"current": {}, "7daysAgo": {}, "30daysAgo": {}, "60daysAgo": {}, "90daysAgo": {}}, "epsRevisions": {"upLast7days": {}, "upLast30days": {}, "downLast30days": {}, "downLast90days": {}}}], "maxAge": 1}, "institutionOwnership": {"ownershipList": [], "maxAge": 1}, "majorHoldersBreakdown": {"maxAge": 1, "insidersPercentHeld": 0.52641, "institutionsPercentHeld": 0.27215, "institutionsFloatPercentHeld": 0.57464004, "institutionsCount": 142}, "balanceSheetHistoryQuarterly": {"balanceSheetStatements": [{"maxAge": 1, "endDate": "2020-12-31", "cash": 20420100000, "netReceivables": 3679187500000, "otherCurrentAssets": 9861600000, "totalCurrentAssets": 3762302300000, "longTermInvestments": 5112200000, "propertyPlantEquipment": 5601400000, "intangibleAssets": 76000000, "otherAssets": 23964800000, "deferredLongTermAssetCharges": 23674100000, "totalAssets": 3797056700000, "accountsPayable": 310800000, "otherCurrentLiab": 1685000000, "longTermDebt": 3183136500000, "otherLiab": 5221700000, "deferredLongTermLiab": 176900000, "totalCurrentLiabilities": 187913300000, "totalLiab": 3376273700000, "commonStock": 19749200000, "retainedEarnings": 377293800000, "treasuryStock": 1374600000, "capitalSurplus": 22365400000, "otherStockholderEquity": 1374600000, "totalStockholderEquity": 420783000000, "netTangibleAssets": 420707000000}, {"maxAge": 1, "endDate": "2020-09-30", "cash": 33505400000, "netReceivables": 3372082300000, "otherCurrentAssets": 2689600000, "totalCurrentAssets": 3439564700000, "longTermInvestments": 246947900000, "propertyPlantEquipment": 5234200000, "intangibleAssets": 82300000, "otherAssets": 23678900000, "deferredLongTermAssetCharges": 22748400000, "totalAssets": 3715508000000, "accountsPayable": 357000000, "otherCurrentLiab": 5880100000, "longTermDebt": 3287727000000, "otherLiab": 1881600000, "totalCurrentLiabilities": 19973900000, "totalLiab": 3309582500000, "commonStock": 19749200000, "treasuryStock": 386176300000, "otherStockholderEquity": 386176300000, "totalStockholderEquity": 405925500000, "netTangibleAssets": 405843200000}, {"maxAge": 1, "endDate": "2020-06-30", "totalStockholderEquity": 353964300000, "netTangibleAssets": 353868400000}, {"maxAge": 1, "endDate": "2020-03-31", "cash": 17177100000, "netReceivables": 3342705200000, "otherCurrentAssets": 27446500000, "totalCurrentAssets": 3420517300000, "longTermInvestments": 24067700000, "propertyPlantEquipment": 4445900000, "intangibleAssets": 95900000, "otherAssets": 21174000000, "deferredLongTermAssetCharges": 20505700000, "totalAssets": 3470300800000, "accountsPayable": 461500000, "shortLongTermDebt": 565197800000, "otherCurrentLiab": 54300000, "longTermDebt": 2400105700000, "otherLiab": 19968000000, "deferredLongTermLiab": 164000000, "totalCurrentLiabilities": 696241600000, "totalLiab": 3116336500000, "commonStock": 19749200000, "retainedEarnings": 324334100000, "treasuryStock": -12484400000, "capitalSurplus": 22365400000, "otherStockholderEquity": -12484400000, "totalStockholderEquity": 353964300000, "netTangibleAssets": 353868400000}], "maxAge": 86400}, "earningsHistory": {"history": [{"maxAge": 1, "epsActual": 6.15, "epsEstimate": 7.44, "epsDifference": -1.29, "surprisePercent": -0.173, "quarter": "2017-09-30", "period": "-4q"}, {"maxAge": 1, "epsActual": 6.56, "epsEstimate": 7.25, "epsDifference": -0.69, "surprisePercent": -0.095, "quarter": "2017-12-31", "period": "-3q"}, {"maxAge": 1, "epsActual": 4.23, "epsEstimate": 5.63, "epsDifference": -1.4, "surprisePercent": -0.249, "quarter": "2018-03-31", "period": "-2q"}, {"maxAge": 1, "epsActual": 8.93, "epsEstimate": 6.0, "epsDifference": 2.93, "surprisePercent": 0.488, "quarter": "2018-09-30", "period": "-1q"}], "maxAge": 86400}, "summaryProfile": {"address1": "Core-4", "address2": "SCOPE Complex 7, Lodhi Road", "city": "New Delhi", "zip": "110003", "country": "India", "phone": "91 11 4309 1500", "fax": "91 11 2436 0644", "website": "http://www.recindia.nic.in", "industry": "Credit Services", "sector": "Financial Services", "longBusinessSummary": "REC Limited, a public financial institution, provides financing services for power generation, transmission, and distribution projects in India. It primarily offers long-term, medium-term, and short-terms loans. The company also acts as a nodal agency for the implementation of Pradhan Mantri Sahaj Bijli Har Ghar Yojana for universal household electrification, Deen Dayal Upadhyaya Gram Jyoti Yojana, National Electricity Fund, Outage Management System, and 11kv Rural Feeder Management System, as well as acts as the bid process coordinator for selection of transmission service provider through tariff based competitive bidding process for independent inter-state and intra-state transmission projects; and provides consultancy services in transmission and distribution sectors. It serves central/state government power utilities, as well as private sector power utilities. The company was formerly known as Rural Electrification Corporation Limited and changed its name to REC Limited in October 2018. REC Limited was founded in 1969 and is based in New Delhi, India. REC Limited is a subsidiary of Power Finance Corporation Limited.", "fullTimeEmployees": 468, "companyOfficers": [], "maxAge": 86400}, "netSharePurchaseActivity": {"maxAge": 1, "period": "6m", "buyInfoCount": 0, "buyInfoShares": 0, "sellInfoCount": 0, "netInfoCount": 0, "netInfoShares": 0, "netPercentInsiderShares": 0.0, "totalInsiderShares": 1039616576}, "insiderTransactions": {"transactions": [{"maxAge": 1, "shares": 1039399343, "filerUrl": "", "transactionText": "", "filerName": "President of India", "filerRelation": "Promoter", "moneyText": "", "startDate": "2019-03-28", "ownership": "D"}, {"maxAge": 1, "shares": 4336057, "filerUrl": "", "transactionText": "", "filerName": "President of India", "filerRelation": "Promoter", "moneyText": "", "startDate": "2019-02-21", "ownership": "D"}, {"maxAge": 1, "shares": 101470139, "filerUrl": "", "transactionText": "", "filerName": "President of India", "filerRelation": "Promoter", "moneyText": "", "startDate": "2018-12-04", "ownership": "D"}, {"maxAge": 1, "shares": 6473244, "filerUrl": "", "transactionText": "", "filerName": "President of India", "filerRelation": "Promoter", "moneyText": "", "startDate": "2018-06-18", "ownership": "D"}, {"maxAge": 1, "shares": 10825689, "filerUrl": "", "transactionText": "", "filerName": "President of India", "filerRelation": "Promoter", "moneyText": "", "startDate": "2017-11-23", "ownership": "D"}, {"maxAge": 1, "shares": 17800, "filerUrl": "", "transactionText": "", "filerName": "Samtani (Geeta)", "filerRelation": "UNREPORTED", "moneyText": "", "startDate": "2017-11-09", "ownership": "D"}, {"maxAge": 1, "shares": 5000, "filerUrl": "", "transactionText": "", "filerName": "Balraj", "filerRelation": "UNREPORTED", "moneyText": "", "startDate": "2017-04-17", "ownership": "D"}, {"maxAge": 1, "shares": 9897155, "filerUrl": "", "transactionText": "", "filerName": "President of India", "filerRelation": "Promoter", "moneyText": "", "startDate": "2017-03-22", "ownership": "D"}, {"maxAge": 1, "shares": 573633947, "filerUrl": "", "transactionText": "", "filerName": "President of India", "filerRelation": "Promoter", "moneyText": "", "startDate": "2017-01-25", "ownership": "D"}, {"maxAge": 1, "shares": 27588, "filerUrl": "", "transactionText": "", "filerName": "President of India", "filerRelation": "Promoter", "moneyText": "", "startDate": "2015-04-10", "ownership": "D"}, {"maxAge": 1, "shares": 49372950, "filerUrl": "", "transactionText": "", "filerName": "President of India", "filerRelation": "Promoter", "moneyText": "", "startDate": "2015-04-08", "ownership": "D"}, {"maxAge": 1, "shares": 11438782, "filerUrl": "", "transactionText": "", "filerName": "President of India", "filerRelation": "Promoter", "moneyText": "", "startDate": "2014-03-27", "ownership": "D"}, {"maxAge": 1, "shares": 1113, "filerUrl": "", "transactionText": "", "filerName": "Mahendar (Veera G)", "filerRelation": "UNREPORTED", "moneyText": "", "startDate": "2013-12-09", "ownership": "D"}, {"maxAge": 1, "shares": 200000, "filerUrl": "", "transactionText": "", "filerName": "Life Insurance Corporation of India", "filerRelation": "Institution- Corporation", "moneyText": "", "startDate": "2013-09-26", "ownership": "D"}], "maxAge": 1}, "sectorTrend": {"maxAge": 1, "symbol": null, "estimates": []}, "incomeStatementHistoryQuarterly": {"incomeStatementHistory": [{"maxAge": 1, "endDate": "2020-12-31", "totalRevenue": 36445800000, "costOfRevenue": 282500000, "grossProfit": 36163300000, "researchDevelopment": {}, "sellingGeneralAdministrative": 698200000, "nonRecurring": {}, "otherOperatingExpenses": 7485800000, "totalOperatingExpenses": 8492000000, "operatingIncome": 27953800000, "totalOtherIncomeExpenseNet": 116100000, "ebit": 0, "interestExpense": {}, "incomeBeforeTax": 28069900000, "incomeTaxExpense": 5490300000, "minorityInterest": {}, "netIncomeFromContinuingOps": 22579600000, "discontinuedOperations": {}, "extraordinaryItems": {}, "effectOfAccountingCharges": {}, "otherItems": {}, "netIncome": 22579600000, "netIncomeApplicableToCommonShares": 22579600000}, {"maxAge": 1, "endDate": "2020-09-30", "totalRevenue": 34102900000, "costOfRevenue": 250600000, "grossProfit": 33852300000, "researchDevelopment": {}, "sellingGeneralAdministrative": 585800000, "nonRecurring": {}, "otherOperatingExpenses": 8036000000, "totalOperatingExpenses": 8898800000, "operatingIncome": 25204100000, "totalOtherIncomeExpenseNet": 2639200000, "ebit": 0, "interestExpense": {}, "incomeBeforeTax": 27843300000, "incomeTaxExpense": 5871900000, "minorityInterest": {}, "netIncomeFromContinuingOps": 21971400000, "discontinuedOperations": {}, "extraordinaryItems": {}, "effectOfAccountingCharges": {}, "otherItems": {}, "netIncome": 21971400000, "netIncomeApplicableToCommonShares": 21971400000}, {"maxAge": 1, "endDate": "2020-06-30", "totalRevenue": 32555000000, "costOfRevenue": 216600000, "grossProfit": 32338400000, "researchDevelopment": {}, "sellingGeneralAdministrative": 1107600000, "nonRecurring": {}, "otherOperatingExpenses": 2350800000, "totalOperatingExpenses": 3703000000, "operatingIncome": 28852000000, "totalOtherIncomeExpenseNet": -4013100000, "ebit": 0, "interestExpense": {}, "incomeBeforeTax": 24838900000, "incomeTaxExpense": 6385900000, "minorityInterest": {}, "netIncomeFromContinuingOps": 18453000000, "discontinuedOperations": {}, "extraordinaryItems": {}, "effectOfAccountingCharges": {}, "otherItems": {}, "netIncome": 18453000000, "netIncomeApplicableToCommonShares": 18453000000}, {"maxAge": 1, "endDate": "2020-03-31", "totalRevenue": 28729700000, "costOfRevenue": 369400000, "grossProfit": 28360300000, "researchDevelopment": {}, "sellingGeneralAdministrative": 2278700000, "nonRecurring": {}, "otherOperatingExpenses": 6268900000, "totalOperatingExpenses": 8952600000, "operatingIncome": 19777100000, "totalOtherIncomeExpenseNet": -13134800000, "ebit": 0, "interestExpense": {}, "incomeBeforeTax": 6642300000, "incomeTaxExpense": 1902400000, "minorityInterest": {}, "netIncomeFromContinuingOps": 4739900000, "discontinuedOperations": {}, "extraordinaryItems": {}, "effectOfAccountingCharges": {}, "otherItems": {}, "netIncome": 4739900000, "netIncomeApplicableToCommonShares": 4739900000}], "maxAge": 86400}, "cashflowStatementHistoryQuarterly": {"cashflowStatements": [{"maxAge": 1, "endDate": "2020-12-31", "netIncome": 22579600000, "depreciation": 5000000, "changeToNetincome": 1954900000, "changeToLiabilities": 0, "changeToOperatingActivities": -92281100000, "totalCashFromOperatingActivities": -67721100000, "capitalExpenditures": -423100000, "investments": -5131100000, "otherCashflowsFromInvestingActivities": 58400000, "totalCashflowsFromInvestingActivities": -5495200000, "dividendsPaid": -11849500000, "netBorrowings": 86345100000, "otherCashflowsFromFinancingActivities": -100000, "totalCashFromFinancingActivities": 74495500000, "changeInCash": 1279200000}, {"maxAge": 1, "endDate": "2020-09-30", "netIncome": 21971400000, "depreciation": 5000000, "changeToNetincome": 1954900000, "changeToLiabilities": 0, "changeToOperatingActivities": -92281100000, "totalCashFromOperatingActivities": -67721100000, "capitalExpenditures": -423100000, "investments": -5131100000, "otherCashflowsFromInvestingActivities": 58400000, "totalCashflowsFromInvestingActivities": -5495200000, "dividendsPaid": -11849500000, "netBorrowings": 86345100000, "otherCashflowsFromFinancingActivities": -100000, "totalCashFromFinancingActivities": 74495500000, "changeInCash": 1279200000}, {"maxAge": 1, "endDate": "2020-06-30", "netIncome": 18453000000, "depreciation": 5000000, "changeToNetincome": 1954900000, "changeToLiabilities": 0, "changeToOperatingActivities": -92281100000, "totalCashFromOperatingActivities": -67721100000, "capitalExpenditures": -423100000, "investments": -5131100000, "otherCashflowsFromInvestingActivities": 58400000, "totalCashflowsFromInvestingActivities": -5495200000, "dividendsPaid": -11849500000, "netBorrowings": 86345100000, "otherCashflowsFromFinancingActivities": -100000, "totalCashFromFinancingActivities": 74495500000, "changeInCash": 1279200000}, {"maxAge": 1, "endDate": "2020-03-31", "netIncome": 4739900000, "depreciation": 24500000, "changeToNetincome": 17014900000, "changeToLiabilities": 0, "changeToOperatingActivities": -148526200000, "totalCashFromOperatingActivities": -126735700000, "capitalExpenditures": -391000000, "investments": 111000000, "otherCashflowsFromInvestingActivities": 1917800000, "totalCashflowsFromInvestingActivities": 1642600000, "dividendsPaid": -21724100000, "netBorrowings": 146154900000, "otherCashflowsFromFinancingActivities": -4460100000, "totalCashFromFinancingActivities": 119970700000, "changeInCash": -5122400000}], "maxAge": 86400}, "earnings": {"maxAge": 86400, "earningsChart": {"quarterly": [{"date": "3Q2017", "actual": 6.15, "estimate": 7.44}, {"date": "4Q2017", "actual": 6.56, "estimate": 7.25}, {"date": "1Q2018", "actual": 4.23, "estimate": 5.63}, {"date": "3Q2018", "actual": 8.93, "estimate": 6.0}], "currentQuarterEstimateDate": "4Q", "currentQuarterEstimateYear": 2018, "earningsDate": ["2021-06-14 05:30:S", "2021-06-18 05:30:S"]}, "financialsChart": {"yearly": [{"date": 2017, "revenue": 98935300000, "earnings": 63133700000}, {"date": 2018, "revenue": 93327400000, "earnings": 44505200000}, {"date": 2019, "revenue": 97813000000, "earnings": 57413800000}, {"date": 2020, "revenue": 110175000000, "earnings": 49722700000}], "quarterly": [{"date": "1Q2020", "revenue": 28729700000, "earnings": 4739900000}, {"date": "2Q2020", "revenue": 32555000000, "earnings": 18453000000}, {"date": "3Q2020", "revenue": 34102900000, "earnings": 21971400000}, {"date": "4Q2020", "revenue": 36445800000, "earnings": 22579600000}]}, "financialCurrency": "INR"}, "financialData": {"maxAge": 86400, "currentPrice": 128.1, "targetHighPrice": 280.0, "targetLowPrice": 100.0, "targetMeanPrice": 150.0, "targetMedianPrice": 142.5, "recommendationKey": "none", "numberOfAnalystOpinions": 10, "totalCash": 73253199872, "totalCashPerShare": 37.092, "totalDebt": 3367988101120, "quickRatio": 19.969, "currentRatio": 20.021, "totalRevenue": 131852795904, "debtToEquity": 800.41, "revenuePerShare": 66.764, "returnOnAssets": 0.019170001, "returnOnEquity": 0.16750999, "grossProfits": 109080700000, "operatingCashflow": -394061086720, "earningsGrowth": 0.355, "revenueGrowth": 0.235, "grossMargins": 0.99151003, "ebitdaMargins": 0.0, "operatingMargins": 0.77212, "profitMargins": 0.51378, "financialCurrency": "INR"}}}