{"REDEXPR.BO": {"cashflowStatementHistory": {"cashflowStatements": [{"maxAge": 1, "endDate": "2020-03-31", "netIncome": 4074000, "depreciation": 338000, "changeToNetincome": -4763000, "changeToAccountReceivables": 17061000, "changeToLiabilities": -163000, "changeToOperatingActivities": -2703000, "totalCashFromOperatingActivities": 13844000, "totalCashflowsFromInvestingActivities": 7144000, "netBorrowings": -127000, "otherCashflowsFromFinancingActivities": -16400000, "totalCashFromFinancingActivities": -16527000, "changeInCash": 4462000}, {"maxAge": 1, "endDate": "2019-03-31", "netIncome": 115917, "depreciation": 349831, "changeToNetincome": 41770, "changeToAccountReceivables": -3570960, "changeToLiabilities": 88375, "changeToOperatingActivities": 4895795, "totalCashFromOperatingActivities": 1612028, "capitalExpenditures": -34533, "totalCashflowsFromInvestingActivities": -34533, "netBorrowings": -1624000, "otherCashflowsFromFinancingActivities": -16400000, "totalCashFromFinancingActivities": -1624000, "changeInCash": -46505}, {"maxAge": 1, "endDate": "2018-03-31", "netIncome": 1247900, "depreciation": 346071, "changeToNetincome": 255106, "changeToAccountReceivables": -6574191, "changeToLiabilities": -7553, "changeToOperatingActivities": 4700916, "totalCashFromOperatingActivities": -331917, "capitalExpenditures": -34533, "totalCashflowsFromInvestingActivities": -34533, "netBorrowings": -1624000, "otherCashflowsFromFinancingActivities": 406137, "totalCashFromFinancingActivities": 406137, "changeInCash": 74220}, {"maxAge": 1, "endDate": "2017-03-31", "netIncome": 1240245, "depreciation": 346071, "changeToNetincome": 256238, "changeToAccountReceivables": -1893553, "changeToLiabilities": -559, "changeToOperatingActivities": 518977, "totalCashFromOperatingActivities": 61383, "capitalExpenditures": -34533, "totalCashflowsFromInvestingActivities": -34533, "netBorrowings": -1624000, "otherCashflowsFromFinancingActivities": 406137, "totalCashFromFinancingActivities": 406137, "changeInCash": 61383}], "maxAge": 86400}, "institutionOwnership": {"ownershipList": [], "maxAge": 1}, "balanceSheetHistoryQuarterly": {"balanceSheetStatements": [{"maxAge": 1, "endDate": "2020-06-30", "totalStockholderEquity": 54996000, "netTangibleAssets": 54996000}, {"maxAge": 1, "endDate": "2020-03-31", "cash": 4707000, "otherCurrentAssets": 1265000, "totalCurrentAssets": 5972000, "propertyPlantEquipment": 13725000, "otherAssets": 36915000, "deferredLongTermAssetCharges": 1276000, "totalAssets": 56612000, "accountsPayable": 613000, "otherCurrentLiab": 758000, "otherLiab": 237000, "totalCurrentLiabilities": 1379000, "totalLiab": 1616000, "commonStock": 67212000, "treasuryStock": -12216000, "otherStockholderEquity": -12216000, "totalStockholderEquity": 54996000, "netTangibleAssets": 54996000}, {"maxAge": 1, "endDate": "2019-12-31", "totalStockholderEquity": 50769000, "netTangibleAssets": 50769000}, {"maxAge": 1, "endDate": "2019-09-30", "cash": 278000, "netReceivables": 34826000, "otherCurrentAssets": 414000, "totalCurrentAssets": 35518000, "propertyPlantEquipment": 15325000, "otherAssets": 9445000, "deferredLongTermAssetCharges": 7000, "totalAssets": 60288000, "accountsPayable": 1080000, "otherCurrentLiab": 1160000, "longTermDebt": 135000, "totalCurrentLiabilities": 9384000, "totalLiab": 9519000, "commonStock": 67212000, "treasuryStock": -16443000, "otherStockholderEquity": -16443000, "totalStockholderEquity": 50769000, "netTangibleAssets": 50769000}], "maxAge": 86400}, "indexTrend": {"maxAge": 1, "symbol": "SP5", "peRatio": 19.7411, "pegRatio": 1.34172, "estimates": [{"period": "0q", "growth": 0.549}, {"period": "+1q", "growth": 0.431}, {"period": "0y", "growth": 0.305}, {"period": "+1y", "growth": 0.109}, {"period": "+5y", "growth": 0.120859005}, {"period": "-5y"}]}, "insiderTransactions": {"transactions": [{"maxAge": 1, "shares": 124000, "filerUrl": "", "transactionText": "", "filerName": "Bhagat (Angana Gnanesh)", "filerRelation": "UNREPORTED", "moneyText": "", "startDate": "2017-12-05", "ownership": "D"}, {"maxAge": 1, "shares": 179898, "filerUrl": "", "transactionText": "", "filerName": "Bhagat (Twishaa Gnanesh)", "filerRelation": "UNREPORTED", "moneyText": "", "startDate": "2017-12-05", "ownership": "D"}, {"maxAge": 1, "shares": 28819, "filerUrl": "", "transactionText": "", "filerName": "Bhagat (Gnanesh Rajendrabhai)", "filerRelation": "Managing Director", "moneyText": "", "startDate": "2017-09-07", "ownership": "D"}, {"maxAge": 1, "shares": 44500, "filerUrl": "", "transactionText": "", "filerName": "Bhagat (Angana Gnanesh)", "filerRelation": "Promoter", "moneyText": "", "startDate": "2017-08-29", "ownership": "D"}, {"maxAge": 1, "shares": 40500, "filerUrl": "", "transactionText": "", "filerName": "Bhagat (Rajendra) HUF", "filerRelation": "Promoter", "moneyText": "", "startDate": "2017-06-19", "ownership": "D"}, {"maxAge": 1, "shares": 103000, "filerUrl": "", "transactionText": "", "filerName": "Bhagat (Angana Gnanesh)", "filerRelation": "Promoter", "moneyText": "", "startDate": "2017-06-02", "ownership": "D"}, {"maxAge": 1, "shares": 65000, "filerUrl": "", "transactionText": "", "filerName": "Bhagat (Gnanesh Rajendrabhai)", "filerRelation": "Promoter", "moneyText": "", "startDate": "2017-06-02", "ownership": "D"}, {"maxAge": 1, "shares": 180559, "filerUrl": "", "transactionText": "", "filerName": "Bhagat (Twishaa Gnanesh)", "filerRelation": "UNREPORTED", "moneyText": "", "startDate": "2017-03-30", "ownership": "D"}, {"maxAge": 1, "shares": 133365, "filerUrl": "", "transactionText": "", "filerName": "Bhagat (Gnanesh Rajendrabhai)", "filerRelation": "Promoter", "moneyText": "", "startDate": "2016-07-19", "ownership": "D"}, {"maxAge": 1, "shares": 62000, "filerUrl": "", "transactionText": "", "filerName": "Bhagat (Hansaben Rajendrabhai)", "filerRelation": "Promoter", "moneyText": "", "startDate": "2016-03-08", "ownership": "D"}, {"maxAge": 1, "shares": 91150, "filerUrl": "", "transactionText": "", "filerName": "Bhagat (Rajendra Dahyabhai)", "filerRelation": "Promoter", "moneyText": "", "startDate": "2016-02-12", "ownership": "D"}, {"maxAge": 1, "shares": 130150, "filerUrl": "", "transactionText": "", "filerName": "Bhagat (Angana Gnanesh)", "filerRelation": "Promoter", "moneyText": "", "startDate": "2016-02-08", "ownership": "D"}, {"maxAge": 1, "shares": 7500, "filerUrl": "", "transactionText": "", "filerName": "Bhagat (Hansaben Rajendrabhai)", "filerRelation": "Promoter", "moneyText": "", "startDate": "2015-03-12", "ownership": "D"}, {"maxAge": 1, "shares": 5500, "filerUrl": "", "transactionText": "", "filerName": "Bhagat (Gnanesh) HUF", "filerRelation": "UNREPORTED", "moneyText": "", "startDate": "2015-03-10", "ownership": "D"}, {"maxAge": 1, "shares": 36165, "filerUrl": "", "transactionText": "", "filerName": "Bhagat (Hansaben Rajendrabhai)", "filerRelation": "Promoter", "moneyText": "", "startDate": "2015-02-25", "ownership": "D"}, {"maxAge": 1, "shares": 34685, "filerUrl": "", "transactionText": "", "filerName": "Bhagat (Vikram Dahyabhai)", "filerRelation": "Promoter", "moneyText": "", "startDate": "2015-02-19", "ownership": "D"}, {"maxAge": 1, "shares": 139000, "filerUrl": "", "transactionText": "", "filerName": "Bhagat (Rajendra Dahyabhai)", "filerRelation": "Promoter", "moneyText": "", "startDate": "2015-01-19", "ownership": "D"}, {"maxAge": 1, "shares": 68150, "filerUrl": "", "transactionText": "", "filerName": "Bhagat (Gnanesh Rajendrabhai)", "filerRelation": "Promoter", "moneyText": "", "startDate": "2015-01-12", "ownership": "D"}, {"maxAge": 1, "shares": 100000, "filerUrl": "", "transactionText": "", "filerName": "Bhagat (Rajendra Dahyabhai)", "filerRelation": "Promoter", "moneyText": "", "startDate": "2012-03-01", "ownership": "D"}, {"maxAge": 1, "shares": 75000, "filerUrl": "", "transactionText": "", "filerName": "Bhagat (Hansaben Rajendrabhai)", "filerRelation": "Promoter", "moneyText": "", "startDate": "2012-03-01", "ownership": "D"}, {"maxAge": 1, "shares": 100000, "filerUrl": "", "transactionText": "", "filerName": "Bhagat (Gnanesh Rajendrabhai)", "filerRelation": "Promoter", "moneyText": "", "startDate": "2012-03-01", "ownership": "D"}, {"maxAge": 1, "shares": 74000, "filerUrl": "", "transactionText": "", "filerName": "Bhagat (Angana Gnanesh)", "filerRelation": "Promoter", "moneyText": "", "startDate": "2012-03-01", "ownership": "D"}], "maxAge": 1}, "quoteType": {"exchange": "BSE", "quoteType": "EQUITY", "symbol": "REDEXPR.BO", "underlyingSymbol": "REDEXPR.BO", "shortName": "REDEX PROTECH LTD.", "longName": "Redex Protech Limited", "firstTradeDateEpochUtc": "2011-09-08 09:15:00", "timeZoneFullName": "Asia/Kolkata", "timeZoneShortName": "IST", "uuid": "8129ce30-e403-3083-8953-0a1b9ba830a5", "gmtOffSetMilliseconds": 19800000, "maxAge": 1}, "incomeStatementHistory": {"incomeStatementHistory": [{"maxAge": 1, "endDate": "2020-03-31", "totalRevenue": 9075000, "costOfRevenue": 0, "grossProfit": 9075000, "researchDevelopment": {}, "sellingGeneralAdministrative": 1189000, "nonRecurring": {}, "otherOperatingExpenses": 2177000, "totalOperatingExpenses": 3704000, "operatingIncome": 5371000, "totalOtherIncomeExpenseNet": 0, "ebit": 5371000, "interestExpense": {}, "incomeBeforeTax": 5371000, "incomeTaxExpense": 1297000, "minorityInterest": {}, "netIncomeFromContinuingOps": 4074000, "discontinuedOperations": {}, "extraordinaryItems": {}, "effectOfAccountingCharges": {}, "otherItems": {}, "netIncome": 4074000, "netIncomeApplicableToCommonShares": 4074000}, {"maxAge": 1, "endDate": "2019-03-31", "totalRevenue": 3287110, "costOfRevenue": 239440, "grossProfit": 3047670, "researchDevelopment": {}, "sellingGeneralAdministrative": 1269428, "nonRecurring": {}, "otherOperatingExpenses": 1269290, "totalOperatingExpenses": 3127989, "operatingIncome": 159121, "totalOtherIncomeExpenseNet": -1434, "ebit": 159121, "interestExpense": {}, "incomeBeforeTax": 157687, "incomeTaxExpense": 41770, "minorityInterest": {}, "netIncomeFromContinuingOps": 115917, "discontinuedOperations": {}, "extraordinaryItems": {}, "effectOfAccountingCharges": {}, "otherItems": {}, "netIncome": 115917, "netIncomeApplicableToCommonShares": 115917}, {"maxAge": 1, "endDate": "2018-03-31", "totalRevenue": 3233175, "costOfRevenue": 0, "grossProfit": 3233175, "researchDevelopment": {}, "sellingGeneralAdministrative": 659934, "nonRecurring": {}, "otherOperatingExpenses": 719990, "totalOperatingExpenses": 1725995, "operatingIncome": 1507180, "totalOtherIncomeExpenseNet": -4174, "ebit": 1507180, "interestExpense": -3636, "incomeBeforeTax": 1503006, "incomeTaxExpense": 255106, "minorityInterest": {}, "netIncomeFromContinuingOps": 1247900, "discontinuedOperations": {}, "extraordinaryItems": {}, "effectOfAccountingCharges": {}, "otherItems": {}, "netIncome": 1247900, "netIncomeApplicableToCommonShares": 1247900}, {"maxAge": 1, "endDate": "2017-03-31", "totalRevenue": 3139305, "costOfRevenue": 0, "grossProfit": 3139305, "researchDevelopment": {}, "sellingGeneralAdministrative": 265782, "nonRecurring": {}, "otherOperatingExpenses": 1020131, "totalOperatingExpenses": 1631984, "operatingIncome": 1507321, "totalOtherIncomeExpenseNet": -10838, "ebit": 1507321, "interestExpense": -10131, "incomeBeforeTax": 1496483, "incomeTaxExpense": 256238, "minorityInterest": {}, "netIncomeFromContinuingOps": 1240245, "discontinuedOperations": {}, "extraordinaryItems": {}, "effectOfAccountingCharges": {}, "otherItems": {}, "netIncome": 1240245, "netIncomeApplicableToCommonShares": 1240245}], "maxAge": 86400}, "fundOwnership": {"ownershipList": [], "maxAge": 1}, "summaryDetail": {"maxAge": 1, "priceHint": 2, "previousClose": 7.25, "open": 7.26, "dayLow": 7.26, "dayHigh": 7.26, "regularMarketPreviousClose": 7.25, "regularMarketOpen": 7.26, "regularMarketDayLow": 7.26, "regularMarketDayHigh": 7.26, "trailingPE": 12.222223, "volume": 100, "regularMarketVolume": 100, "averageVolume": 213, "averageVolume10days": 285, "averageDailyVolume10Day": 285, "bid": 0.0, "ask": 7.6, "bidSize": 0, "askSize": 0, "marketCap": 48795552, "fiftyTwoWeekLow": 4.83, "fiftyTwoWeekHigh": 8.55, "fiftyDayAverage": 6.5739393, "twoHundredDayAverage": 7.3458824, "currency": "INR", "fromCurrency": null, "lastMarket": null, "algorithm": null, "tradeable": false}, "incomeStatementHistoryQuarterly": {"incomeStatementHistory": [{"maxAge": 1, "endDate": "2020-06-30", "totalRevenue": 267000, "costOfRevenue": 0, "grossProfit": 267000, "researchDevelopment": {}, "sellingGeneralAdministrative": 226000, "nonRecurring": {}, "otherOperatingExpenses": 339000, "totalOperatingExpenses": 645000, "operatingIncome": -378000, "totalOtherIncomeExpenseNet": 0, "ebit": -378000, "interestExpense": {}, "incomeBeforeTax": -378000, "incomeTaxExpense": 244000, "minorityInterest": {}, "netIncomeFromContinuingOps": -622000, "discontinuedOperations": {}, "extraordinaryItems": {}, "effectOfAccountingCharges": {}, "otherItems": {}, "netIncome": -622000, "netIncomeApplicableToCommonShares": -622000}, {"maxAge": 1, "endDate": "2020-03-31", "totalRevenue": 6599000, "costOfRevenue": 0, "grossProfit": 6599000, "researchDevelopment": {}, "sellingGeneralAdministrative": 264000, "nonRecurring": {}, "otherOperatingExpenses": 913000, "totalOperatingExpenses": 1251000, "operatingIncome": 5348000, "totalOtherIncomeExpenseNet": 0, "ebit": 5348000, "interestExpense": {}, "incomeBeforeTax": 5348000, "incomeTaxExpense": 1312000, "minorityInterest": {}, "netIncomeFromContinuingOps": 4036000, "discontinuedOperations": {}, "extraordinaryItems": {}, "effectOfAccountingCharges": {}, "otherItems": {}, "netIncome": 4036000, "netIncomeApplicableToCommonShares": 4036000}, {"maxAge": 1, "endDate": "2019-12-31", "totalRevenue": 834000, "costOfRevenue": 0, "grossProfit": 834000, "researchDevelopment": {}, "sellingGeneralAdministrative": 328000, "nonRecurring": {}, "otherOperatingExpenses": 235000, "totalOperatingExpenses": 651000, "operatingIncome": 183000, "totalOtherIncomeExpenseNet": 0, "ebit": 183000, "interestExpense": {}, "incomeBeforeTax": 183000, "incomeTaxExpense": -8000, "minorityInterest": {}, "netIncomeFromContinuingOps": 191000, "discontinuedOperations": {}, "extraordinaryItems": {}, "effectOfAccountingCharges": {}, "otherItems": {}, "netIncome": 191000, "netIncomeApplicableToCommonShares": 191000}, {"maxAge": 1, "endDate": "2019-09-30", "totalRevenue": 819000, "costOfRevenue": 0, "grossProfit": 819000, "researchDevelopment": {}, "sellingGeneralAdministrative": 258000, "nonRecurring": {}, "otherOperatingExpenses": 48000, "totalOperatingExpenses": 394000, "operatingIncome": 425000, "totalOtherIncomeExpenseNet": 0, "ebit": 425000, "interestExpense": {}, "incomeBeforeTax": 425000, "incomeTaxExpense": -4000, "minorityInterest": {}, "netIncomeFromContinuingOps": 429000, "discontinuedOperations": {}, "extraordinaryItems": {}, "effectOfAccountingCharges": {}, "otherItems": {}, "netIncome": 429000, "netIncomeApplicableToCommonShares": 429000}], "maxAge": 86400}, "cashflowStatementHistoryQuarterly": {"cashflowStatements": [{"maxAge": 1, "endDate": "2020-06-30", "netIncome": -622000, "changeToLiabilities": 0}, {"maxAge": 1, "endDate": "2020-03-31", "netIncome": 4036000, "changeToLiabilities": 0}, {"maxAge": 1, "endDate": "2019-12-31", "netIncome": 191000, "changeToLiabilities": 0}, {"maxAge": 1, "endDate": "2019-09-30", "netIncome": 429000, "changeToLiabilities": 0}], "maxAge": 86400}, "insiderHolders": {"holders": [{"maxAge": 1, "name": "Bhagat (Angana Gnanesh)", "relation": "UNREPORTED", "url": "", "transactionDescription": "Purchase", "latestTransDate": "2017-12-05", "positionDirect": 231650, "positionDirectDate": "2017-12-05"}, {"maxAge": 1, "name": "Bhagat (Gnanesh Rajendrabhai)", "relation": "Managing Director", "url": "", "transactionDescription": "Purchase", "latestTransDate": "2017-09-07", "positionDirect": 444334, "positionDirectDate": "2017-09-07"}, {"maxAge": 1, "name": "Bhagat (Gnanesh) HUF", "relation": "UNREPORTED", "url": "", "transactionDescription": "Purchase", "latestTransDate": "2015-03-10", "positionDirect": 10500, "positionDirectDate": "2015-03-10"}, {"maxAge": 1, "name": "Bhagat (Hansaben Rajendrabhai)", "relation": "Promoter", "url": "", "transactionDescription": "Purchase", "latestTransDate": "2016-03-08", "positionDirect": 230965, "positionDirectDate": "2016-03-08"}, {"maxAge": 1, "name": "Bhagat (Rajendra Dahyabhai)", "relation": "Promoter", "url": "", "transactionDescription": "Purchase", "latestTransDate": "2016-02-12", "positionDirect": 892950, "positionDirectDate": "2016-02-12"}, {"maxAge": 1, "name": "Bhagat (Rajendra) HUF", "relation": "Promoter", "url": "", "transactionDescription": "Sale", "latestTransDate": "2017-06-19", "positionDirect": 0, "positionDirectDate": "2017-06-19"}, {"maxAge": 1, "name": "Bhagat (Twishaa Gnanesh)", "relation": "UNREPORTED", "url": "", "transactionDescription": "Purchase", "latestTransDate": "2017-12-05", "positionDirect": 360457, "positionDirectDate": "2017-12-05"}, {"maxAge": 1, "name": "Bhagat (Vikram Dahyabhai)", "relation": "Promoter", "url": "", "transactionDescription": "Purchase", "latestTransDate": "2015-02-19", "positionDirect": 255285, "positionDirectDate": "2015-02-19"}], "maxAge": 1}, "calendarEvents": {"maxAge": 1, "earnings": {"earningsDate": ["2020-06-29 05:30:S"]}}, "upgradeDowngradeHistory": {"history": [], "maxAge": 86400}, "price": {"maxAge": 1, "regularMarketChangePercent": 0.0013793419, "regularMarketChange": 0.010000229, "regularMarketTime": "2021-04-30 13:15:11", "priceHint": 2, "regularMarketPrice": 7.26, "regularMarketDayHigh": 7.26, "regularMarketDayLow": 7.26, "regularMarketVolume": 100, "averageDailyVolume10Day": 285, "averageDailyVolume3Month": 213, "regularMarketPreviousClose": 7.25, "regularMarketSource": "FREE_REALTIME", "regularMarketOpen": 7.26, "exchange": "BSE", "exchangeName": "BSE", "exchangeDataDelayedBy": 0, "marketState": "CLOSED", "quoteType": "EQUITY", "symbol": "REDEXPR.BO", "underlyingSymbol": null, "shortName": "REDEX PROTECH LTD.", "longName": "Redex Protech Limited", "currency": "INR", "quoteSourceName": "Delayed Quote", "currencySymbol": "\u20b9", "fromCurrency": null, "lastMarket": null, "marketCap": 48795552}, "balanceSheetHistory": {"balanceSheetStatements": [{"maxAge": 1, "endDate": "2020-03-31", "cash": 4707000, "otherCurrentAssets": 1265000, "totalCurrentAssets": 5972000, "propertyPlantEquipment": 13725000, "otherAssets": 36915000, "deferredLongTermAssetCharges": 1276000, "totalAssets": 56612000, "accountsPayable": 613000, "otherCurrentLiab": 758000, "otherLiab": 237000, "totalCurrentLiabilities": 1379000, "totalLiab": 1616000, "commonStock": 67212000, "treasuryStock": -12216000, "otherStockholderEquity": -12216000, "totalStockholderEquity": 54996000, "netTangibleAssets": 54996000}, {"maxAge": 1, "endDate": "2019-03-31", "cash": 245252, "netReceivables": 17061007, "otherCurrentAssets": 457600, "totalCurrentAssets": 17763859, "propertyPlantEquipment": 15500785, "otherAssets": 21267984, "totalAssets": 54532628, "accountsPayable": 821545, "otherCurrentLiab": 2300000, "otherLiab": 319, "totalCurrentLiabilities": 3610533, "totalLiab": 3610852, "commonStock": 67211500, "retainedEarnings": -39901224, "capitalSurplus": 23611500, "totalStockholderEquity": 50921776, "netTangibleAssets": 50921776}, {"maxAge": 1, "endDate": "2018-03-31", "cash": 291757, "netReceivables": 13490047, "otherCurrentAssets": 8552, "totalCurrentAssets": 13790356, "propertyPlantEquipment": 15816083, "otherAssets": 23978029, "totalAssets": 53584468, "accountsPayable": 733170, "otherLiab": 17794, "totalCurrentLiabilities": 2760815, "totalLiab": 2778609, "commonStock": 67211500, "retainedEarnings": -40017141, "capitalSurplus": 23611500, "totalStockholderEquity": 50805859, "netTangibleAssets": 50805859}, {"maxAge": 1, "endDate": "2017-03-31", "cash": 217536, "netReceivables": 6919859, "otherCurrentAssets": 60967, "totalCurrentAssets": 7198362, "propertyPlantEquipment": 16162154, "otherAssets": 28600628, "totalAssets": 51961144, "accountsPayable": 740724, "otherLiab": 40953, "totalCurrentLiabilities": 2362232, "totalLiab": 2403185, "commonStock": 67211500, "retainedEarnings": -41265041, "capitalSurplus": 23611500, "totalStockholderEquity": 49557959, "netTangibleAssets": 49557959}], "maxAge": 86400}, "financialData": {"maxAge": 86400, "currentPrice": 7.26, "recommendationKey": "none", "grossProfits": 9075000, "financialCurrency": "INR"}}}