{"REFEX.BO": {"cashflowStatementHistory": {"cashflowStatements": [{"maxAge": 1, "endDate": "2020-03-31", "netIncome": 331261000, "depreciation": 13932000, "changeToNetincome": 315923000, "changeToAccountReceivables": -126463000, "changeToLiabilities": -599784000, "changeToInventory": 44044000, "changeToOperatingActivities": 139930000, "totalCashFromOperatingActivities": 118843000, "capitalExpenditures": -2271000, "otherCashflowsFromInvestingActivities": 47909000, "totalCashflowsFromInvestingActivities": 45638000, "netBorrowings": 15397000, "otherCashflowsFromFinancingActivities": -9057000, "totalCashFromFinancingActivities": 6340000, "changeInCash": 170821000}, {"maxAge": 1, "endDate": "2019-03-31", "netIncome": 316295000, "depreciation": 9622000, "changeToNetincome": -108960000, "changeToAccountReceivables": -509830000, "changeToLiabilities": 597742000, "changeToInventory": -23609000, "changeToOperatingActivities": 160602000, "totalCashFromOperatingActivities": 441863000, "capitalExpenditures": -18000000, "otherCashflowsFromInvestingActivities": 18537000, "totalCashflowsFromInvestingActivities": 542000, "netBorrowings": -407664000, "otherCashflowsFromFinancingActivities": -2967000, "totalCashFromFinancingActivities": -410631000, "changeInCash": 31775000}, {"maxAge": 1, "endDate": "2018-03-31", "netIncome": 9374000, "depreciation": 8274000, "changeToNetincome": 7281000, "changeToAccountReceivables": -336579000, "changeToLiabilities": 319376000, "changeToInventory": -40022000, "changeToOperatingActivities": -11794000, "totalCashFromOperatingActivities": -44090000, "capitalExpenditures": -6660000, "otherCashflowsFromInvestingActivities": 18537000, "totalCashflowsFromInvestingActivities": -5862000, "netBorrowings": 48062000, "otherCashflowsFromFinancingActivities": -11686000, "totalCashFromFinancingActivities": 36376000, "changeInCash": -13576000}, {"maxAge": 1, "endDate": "2017-03-31", "netIncome": 4562003, "depreciation": 7874413, "changeToNetincome": 9296459, "changeToAccountReceivables": 595581191, "changeToLiabilities": -575656535, "changeToInventory": -158938, "changeToOperatingActivities": -11794000, "totalCashFromOperatingActivities": 41498593, "capitalExpenditures": -3469751, "investments": -60, "otherCashflowsFromInvestingActivities": 613272, "totalCashflowsFromInvestingActivities": -4540037, "netBorrowings": -6802169, "otherCashflowsFromFinancingActivities": -24976888, "totalCashFromFinancingActivities": -31779057, "changeInCash": 5179499}], "maxAge": 86400}, "institutionOwnership": {"ownershipList": [], "maxAge": 1}, "balanceSheetHistoryQuarterly": {"balanceSheetStatements": [{"maxAge": 1, "endDate": "2020-06-30", "totalStockholderEquity": 758031000, "netTangibleAssets": 758031000}, {"maxAge": 1, "endDate": "2020-03-31", "cash": 209560000, "netReceivables": 813802000, "inventory": 31825000, "otherCurrentAssets": 36420000, "totalCurrentAssets": 1092234000, "propertyPlantEquipment": 219374000, "otherAssets": 67569000, "deferredLongTermAssetCharges": 18357000, "totalAssets": 1379177000, "accountsPayable": 412023000, "otherCurrentLiab": 5922000, "otherLiab": 72647000, "totalCurrentLiabilities": 487103000, "totalLiab": 621146000, "commonStock": 154752000, "retainedEarnings": 371394000, "treasuryStock": -527000, "capitalSurplus": 232412000, "otherStockholderEquity": -527000, "totalStockholderEquity": 758031000, "netTangibleAssets": 758031000}, {"maxAge": 1, "endDate": "2019-12-31", "totalStockholderEquity": 623896511, "netTangibleAssets": 623696468}, {"maxAge": 1, "endDate": "2019-09-30", "cash": 48768560, "netReceivables": 424674183, "inventory": 66618971, "otherCurrentAssets": 745223361, "totalCurrentAssets": 1285285075, "propertyPlantEquipment": 150979343, "intangibleAssets": 200043, "otherAssets": 120994486, "deferredLongTermAssetCharges": 17212530, "totalAssets": 1557458947, "accountsPayable": 429451267, "otherCurrentLiab": 483868558, "longTermDebt": 17747151, "otherLiab": 2495460, "totalCurrentLiabilities": 913319825, "totalLiab": 933562436, "commonStock": 154751760, "treasuryStock": 469144751, "otherStockholderEquity": 469144751, "totalStockholderEquity": 623896511, "netTangibleAssets": 623696468}], "maxAge": 86400}, "indexTrend": {"maxAge": 1, "symbol": "SP5", "peRatio": 19.7411, "pegRatio": 1.34172, "estimates": [{"period": "0q", "growth": 0.549}, {"period": "+1q", "growth": 0.431}, {"period": "0y", "growth": 0.305}, {"period": "+1y", "growth": 0.109}, {"period": "+5y", "growth": 0.120865}, {"period": "-5y"}]}, "insiderTransactions": {"transactions": [{"maxAge": 1, "shares": 373163, "filerUrl": "", "transactionText": "", "filerName": "Jain (Anil T)", "filerRelation": "Managing Director", "moneyText": "", "startDate": "2019-03-06", "ownership": "D"}, {"maxAge": 1, "shares": 100000, "filerUrl": "", "transactionText": "", "filerName": "Jain (Anil T)", "filerRelation": "Managing Director", "moneyText": "", "startDate": "2019-02-27", "ownership": "D"}, {"maxAge": 1, "shares": 2523, "filerUrl": "", "transactionText": "", "filerName": "Jain (Anil T)", "filerRelation": "Managing Director", "moneyText": "", "startDate": "2019-02-26", "ownership": "D"}, {"maxAge": 1, "shares": 121333, "filerUrl": "", "transactionText": "", "filerName": "Jain (Anil T)", "filerRelation": "Managing Director", "moneyText": "", "startDate": "2019-02-25", "ownership": "D"}, {"maxAge": 1, "shares": 124383, "filerUrl": "", "transactionText": "", "filerName": "Jain (Seema)", "filerRelation": "Promoter", "moneyText": "", "startDate": "2017-11-18", "ownership": "D"}, {"maxAge": 1, "shares": 50000, "filerUrl": "", "transactionText": "", "filerName": "Jain (Jagdish T)", "filerRelation": "Promoter", "moneyText": "", "startDate": "2015-07-23", "ownership": "D"}, {"maxAge": 1, "shares": 125000, "filerUrl": "", "transactionText": "", "filerName": "Jain (Jagdish T)", "filerRelation": "Promoter", "moneyText": "", "startDate": "2015-07-02", "ownership": "D"}, {"maxAge": 1, "shares": 19497, "filerUrl": "", "transactionText": "", "filerName": "Jain (Jagdish T)", "filerRelation": "Promoter", "moneyText": "", "startDate": "2015-07-01", "ownership": "D"}, {"maxAge": 1, "shares": 90000, "filerUrl": "", "transactionText": "", "filerName": "Jain (Jagdish T)", "filerRelation": "Promoter", "moneyText": "", "startDate": "2015-06-30", "ownership": "D"}, {"maxAge": 1, "shares": 2720561, "filerUrl": "", "transactionText": "", "filerName": "Sherisha Technologies Pvt. Ltd.", "filerRelation": "Promoter", "moneyText": "", "startDate": "2015-03-30", "ownership": "D"}, {"maxAge": 1, "shares": 242772, "filerUrl": "", "transactionText": "", "filerName": "Jain (Anil T)", "filerRelation": "Managing Director", "moneyText": "", "startDate": "2014-03-31", "ownership": "D"}, {"maxAge": 1, "shares": 192825, "filerUrl": "", "transactionText": "", "filerName": "Jain (Ugamdevi T)", "filerRelation": "Promoter", "moneyText": "", "startDate": "2014-03-31", "ownership": "D"}, {"maxAge": 1, "shares": 23495, "filerUrl": "", "transactionText": "", "filerName": "Jain (Anil T)", "filerRelation": "Managing Director", "moneyText": "", "startDate": "2013-11-20", "ownership": "D"}, {"maxAge": 1, "shares": 50062, "filerUrl": "", "transactionText": "", "filerName": "Jain (Anil T)", "filerRelation": "Managing Director", "moneyText": "", "startDate": "2013-08-21", "ownership": "D"}, {"maxAge": 1, "shares": 67006, "filerUrl": "", "transactionText": "", "filerName": "Jain (Tarachand Anil)", "filerRelation": "Managing Director", "moneyText": "", "startDate": "2013-04-17", "ownership": "D"}, {"maxAge": 1, "shares": 100000, "filerUrl": "", "transactionText": "", "filerName": "Jain (Ugamdevi T)", "filerRelation": "Promoter", "moneyText": "", "startDate": "2013-03-15", "ownership": "D"}, {"maxAge": 1, "shares": 20701, "filerUrl": "", "transactionText": "", "filerName": "Jain (Anil T)", "filerRelation": "Managing Director", "moneyText": "", "startDate": "2013-01-01", "ownership": "D"}, {"maxAge": 1, "shares": 52190, "filerUrl": "", "transactionText": "", "filerName": "Jain (Anil T)", "filerRelation": "Managing Director", "moneyText": "", "startDate": "2012-12-18", "ownership": "D"}, {"maxAge": 1, "shares": 161000, "filerUrl": "", "transactionText": "", "filerName": "Jain (Anil T)", "filerRelation": "Managing Director", "moneyText": "", "startDate": "2011-05-14", "ownership": "D"}, {"maxAge": 1, "shares": 19000, "filerUrl": "", "transactionText": "", "filerName": "Jain (Anil T)", "filerRelation": "Managing Director", "moneyText": "", "startDate": "2011-05-10", "ownership": "D"}, {"maxAge": 1, "shares": 20000, "filerUrl": "", "transactionText": "", "filerName": "Sherisha Technologies Pvt. Ltd.", "filerRelation": "Institution- Corporation", "moneyText": "", "startDate": "2011-05-09", "ownership": "D"}, {"maxAge": 1, "shares": 300000, "filerUrl": "", "transactionText": "", "filerName": "Sherisha Technologies Pvt. Ltd.", "filerRelation": "Institution- Corporation", "moneyText": "", "startDate": "2011-05-05", "ownership": "D"}, {"maxAge": 1, "shares": 304594, "filerUrl": "", "transactionText": "", "filerName": "Jain (Anil T)", "filerRelation": "Managing Director", "moneyText": "", "startDate": "2011-05-03", "ownership": "D"}, {"maxAge": 1, "shares": 50000, "filerUrl": "", "transactionText": "", "filerName": "Jain (Anil T)", "filerRelation": "Managing Director", "moneyText": "", "startDate": "2011-04-11", "ownership": "D"}, {"maxAge": 1, "shares": 50000, "filerUrl": "", "transactionText": "", "filerName": "Jain (Anil T)", "filerRelation": "Managing Director", "moneyText": "", "startDate": "2011-04-11", "ownership": "D"}, {"maxAge": 1, "shares": 50000, "filerUrl": "", "transactionText": "", "filerName": "Jain (Anil T)", "filerRelation": "Managing Director", "moneyText": "", "startDate": "2011-03-30", "ownership": "D"}, {"maxAge": 1, "shares": 61182, "filerUrl": "", "transactionText": "", "filerName": "Jain (Anil T)", "filerRelation": "Managing Director", "moneyText": "", "startDate": "2011-03-25", "ownership": "D"}, {"maxAge": 1, "shares": 64596, "filerUrl": "", "transactionText": "", "filerName": "Jain (Anil T)", "filerRelation": "Managing Director", "moneyText": "", "startDate": "2011-03-24", "ownership": "D"}, {"maxAge": 1, "shares": 75000, "filerUrl": "", "transactionText": "", "filerName": "Jain (Anil T)", "filerRelation": "Managing Director", "moneyText": "", "startDate": "2011-03-08", "ownership": "D"}, {"maxAge": 1, "shares": 67080, "filerUrl": "", "transactionText": "", "filerName": "Jain (Anil T)", "filerRelation": "Managing Director", "moneyText": "", "startDate": "2011-03-08", "ownership": "D"}, {"maxAge": 1, "shares": 64110, "filerUrl": "", "transactionText": "", "filerName": "Jain (Anil T)", "filerRelation": "Managing Director", "moneyText": "", "startDate": "2011-02-25", "ownership": "D"}], "maxAge": 1}, "quoteType": {"exchange": "BSE", "quoteType": "EQUITY", "symbol": "REFEX.BO", "underlyingSymbol": "REFEX.BO", "shortName": "REFEX INDUSTRIES LTD.", "longName": "Refex Industries Limited", "firstTradeDateEpochUtc": "2007-08-20 09:15:00", "timeZoneFullName": "Asia/Kolkata", "timeZoneShortName": "IST", "uuid": "93c78e45-67d2-3dca-bf26-6daccecb099f", "gmtOffSetMilliseconds": 19800000, "maxAge": 1}, "incomeStatementHistory": {"incomeStatementHistory": [{"maxAge": 1, "endDate": "2020-03-31", "totalRevenue": 6607443000, "costOfRevenue": 5581267000, "grossProfit": 1026176000, "researchDevelopment": {}, "sellingGeneralAdministrative": 154682000, "nonRecurring": {}, "otherOperatingExpenses": 358065000, "totalOperatingExpenses": 6107946000, "operatingIncome": 499497000, "totalOtherIncomeExpenseNet": -19294000, "ebit": 499497000, "interestExpense": -8681000, "incomeBeforeTax": 480203000, "incomeTaxExpense": 148942000, "minorityInterest": {}, "netIncomeFromContinuingOps": 331261000, "discontinuedOperations": {}, "extraordinaryItems": {}, "effectOfAccountingCharges": {}, "otherItems": {}, "netIncome": 331261000, "netIncomeApplicableToCommonShares": 331261000}, {"maxAge": 1, "endDate": "2019-03-31", "totalRevenue": 4610511000, "costOfRevenue": 4032758000, "grossProfit": 577753000, "researchDevelopment": {}, "sellingGeneralAdministrative": 201273000, "nonRecurring": {}, "otherOperatingExpenses": 93762000, "totalOperatingExpenses": 4337416000, "operatingIncome": 273095000, "totalOtherIncomeExpenseNet": 15556000, "ebit": 273095000, "interestExpense": -2483000, "incomeBeforeTax": 288651000, "incomeTaxExpense": -27644000, "minorityInterest": {}, "netIncomeFromContinuingOps": 316295000, "discontinuedOperations": {}, "extraordinaryItems": {}, "effectOfAccountingCharges": {}, "otherItems": {}, "netIncome": 316295000, "netIncomeApplicableToCommonShares": 316295000}, {"maxAge": 1, "endDate": "2018-03-31", "totalRevenue": 768583000, "costOfRevenue": 572610000, "grossProfit": 195973000, "researchDevelopment": {}, "sellingGeneralAdministrative": 144699000, "nonRecurring": {}, "otherOperatingExpenses": 33466000, "totalOperatingExpenses": 759049000, "operatingIncome": 9534000, "totalOtherIncomeExpenseNet": 7797000, "ebit": 9534000, "interestExpense": -10996000, "incomeBeforeTax": 17331000, "incomeTaxExpense": 7957000, "minorityInterest": {}, "netIncomeFromContinuingOps": 9374000, "discontinuedOperations": {}, "extraordinaryItems": {}, "effectOfAccountingCharges": {}, "otherItems": {}, "netIncome": 9374000, "netIncomeApplicableToCommonShares": 9374000}, {"maxAge": 1, "endDate": "2017-03-31", "totalRevenue": 377182046, "costOfRevenue": 198903931, "grossProfit": 178278115, "researchDevelopment": {}, "sellingGeneralAdministrative": 135084320, "nonRecurring": {}, "otherOperatingExpenses": 21649540, "totalOperatingExpenses": 363512204, "operatingIncome": 13669842, "totalOtherIncomeExpenseNet": -8406489, "ebit": 13669842, "interestExpense": -25246503, "incomeBeforeTax": 5263353, "incomeTaxExpense": 701350, "minorityInterest": {}, "netIncomeFromContinuingOps": 4562003, "discontinuedOperations": {}, "extraordinaryItems": {}, "effectOfAccountingCharges": {}, "otherItems": {}, "netIncome": 4562003, "netIncomeApplicableToCommonShares": 4562003}], "maxAge": 86400}, "fundOwnership": {"ownershipList": [], "maxAge": 1}, "summaryDetail": {"maxAge": 1, "priceHint": 2, "previousClose": 132.6, "open": 128.75, "dayLow": 124.9, "dayHigh": 134.0, "regularMarketPreviousClose": 132.6, "regularMarketOpen": 128.75, "regularMarketDayLow": 124.9, "regularMarketDayHigh": 134.0, "trailingPE": 6.6205997, "volume": 81153, "regularMarketVolume": 81153, "averageVolume": 65174, "averageVolume10days": 45884, "averageDailyVolume10Day": 45884, "bid": 126.95, "ask": 126.4, "bidSize": 0, "askSize": 0, "marketCap": 1964576640, "fiftyTwoWeekLow": 29.4, "fiftyTwoWeekHigh": 134.0, "fiftyDayAverage": 97.087875, "twoHundredDayAverage": 66.798164, "currency": "INR", "fromCurrency": null, "lastMarket": null, "algorithm": null, "tradeable": false}, "incomeStatementHistoryQuarterly": {"incomeStatementHistory": [{"maxAge": 1, "endDate": "2020-06-30", "totalRevenue": 780400000, "costOfRevenue": 575959000, "grossProfit": 204441000, "researchDevelopment": {}, "sellingGeneralAdministrative": 8720000, "nonRecurring": {}, "otherOperatingExpenses": 119109000, "totalOperatingExpenses": 707185000, "operatingIncome": 73215000, "totalOtherIncomeExpenseNet": -1782000, "ebit": 73215000, "interestExpense": -2394000, "incomeBeforeTax": 71433000, "incomeTaxExpense": 18571000, "minorityInterest": {}, "netIncomeFromContinuingOps": 52862000, "discontinuedOperations": {}, "extraordinaryItems": {}, "effectOfAccountingCharges": {}, "otherItems": {}, "netIncome": 52862000, "netIncomeApplicableToCommonShares": 52862000}, {"maxAge": 1, "endDate": "2020-03-31", "totalRevenue": 1238890000, "costOfRevenue": 1136881000, "grossProfit": 102009000, "researchDevelopment": {}, "sellingGeneralAdministrative": 130956000, "nonRecurring": {}, "otherOperatingExpenses": -72839000, "totalOperatingExpenses": 1201825000, "operatingIncome": 37065000, "totalOtherIncomeExpenseNet": -46021000, "ebit": 37065000, "interestExpense": -8165000, "incomeBeforeTax": -8956000, "incomeTaxExpense": 37322000, "minorityInterest": {}, "netIncomeFromContinuingOps": -46278000, "discontinuedOperations": {}, "extraordinaryItems": {}, "effectOfAccountingCharges": {}, "otherItems": {}, "netIncome": -46278000, "netIncomeApplicableToCommonShares": -46278000}, {"maxAge": 1, "endDate": "2019-12-31", "totalRevenue": 2368441000, "costOfRevenue": 1856365000, "grossProfit": 512076000, "researchDevelopment": {}, "sellingGeneralAdministrative": 8318000, "nonRecurring": {}, "otherOperatingExpenses": 260695000, "totalOperatingExpenses": 2127996000, "operatingIncome": 240445000, "totalOtherIncomeExpenseNet": -34000, "ebit": 240445000, "interestExpense": -178000, "incomeBeforeTax": 240411000, "incomeTaxExpense": 67871000, "minorityInterest": {}, "netIncomeFromContinuingOps": 172540000, "discontinuedOperations": {}, "extraordinaryItems": {}, "effectOfAccountingCharges": {}, "otherItems": {}, "netIncome": 172540000, "netIncomeApplicableToCommonShares": 172540000}, {"maxAge": 1, "endDate": "2019-09-30", "totalRevenue": 1607434000, "costOfRevenue": 1431879000, "grossProfit": 175555000, "researchDevelopment": {}, "sellingGeneralAdministrative": 7904000, "nonRecurring": {}, "otherOperatingExpenses": 41226000, "totalOperatingExpenses": 1478908000, "operatingIncome": 128526000, "totalOtherIncomeExpenseNet": 12502000, "ebit": 128526000, "interestExpense": -4286000, "incomeBeforeTax": 141028000, "incomeTaxExpense": 31413000, "minorityInterest": {}, "netIncomeFromContinuingOps": 109615000, "discontinuedOperations": {}, "extraordinaryItems": {}, "effectOfAccountingCharges": {}, "otherItems": {}, "netIncome": 109615000, "netIncomeApplicableToCommonShares": 109615000}], "maxAge": 86400}, "cashflowStatementHistoryQuarterly": {"cashflowStatements": [{"maxAge": 1, "endDate": "2020-06-30", "netIncome": 52862000, "changeToLiabilities": 0}, {"maxAge": 1, "endDate": "2020-03-31", "netIncome": -46278000, "changeToLiabilities": 0}, {"maxAge": 1, "endDate": "2019-12-31", "netIncome": 172540000, "changeToLiabilities": 0}, {"maxAge": 1, "endDate": "2019-09-30", "netIncome": 109615000, "changeToLiabilities": 0}], "maxAge": 86400}, "insiderHolders": {"holders": [{"maxAge": 1, "name": "Jain (Anil T)", "relation": "Managing Director", "url": "", "transactionDescription": "Acquisition", "latestTransDate": "2019-03-06", "positionDirect": 2513533, "positionDirectDate": "2019-03-06"}, {"maxAge": 1, "name": "Jain (Jagdish T)", "relation": "Promoter", "url": "", "transactionDescription": "Sale", "latestTransDate": "2015-07-23", "positionDirect": 105207, "positionDirectDate": "2015-07-23"}, {"maxAge": 1, "name": "Jain (Seema)", "relation": "Promoter", "url": "", "transactionDescription": "Sale", "latestTransDate": "2017-11-18", "positionDirect": 84117, "positionDirectDate": "2017-11-18"}, {"maxAge": 1, "name": "Jain (Tarachand Anil)", "relation": "Managing Director", "url": "", "transactionDescription": "Acquisition", "latestTransDate": "2013-04-17", "positionDirect": 252206, "positionDirectDate": "2013-04-17"}, {"maxAge": 1, "name": "Jain (Ugamdevi T)", "relation": "Promoter", "url": "", "transactionDescription": "Acquisition", "latestTransDate": "2014-03-31", "positionDirect": 304025, "positionDirectDate": "2014-03-31"}, {"maxAge": 1, "name": "Sherisha Technologies Pvt. Ltd.", "relation": "Promoter", "url": "", "transactionDescription": "Acquisition", "latestTransDate": "2015-03-30", "positionDirect": 2083409, "positionDirectDate": "2015-03-30"}], "maxAge": 1}, "calendarEvents": {"maxAge": 1, "earnings": {"earningsDate": ["2020-02-13 05:30:S"]}}, "upgradeDowngradeHistory": {"history": [], "maxAge": 86400}, "price": {"maxAge": 1, "regularMarketChangePercent": -0.04260942, "regularMarketChange": -5.650009, "regularMarketTime": "2021-04-30 15:40:40", "priceHint": 2, "regularMarketPrice": 126.95, "regularMarketDayHigh": 134.0, "regularMarketDayLow": 124.9, "regularMarketVolume": 81153, "averageDailyVolume10Day": 45884, "averageDailyVolume3Month": 65174, "regularMarketPreviousClose": 132.6, "regularMarketSource": "FREE_REALTIME", "regularMarketOpen": 128.75, "exchange": "BSE", "exchangeName": "BSE", "exchangeDataDelayedBy": 0, "marketState": "CLOSED", "quoteType": "EQUITY", "symbol": "REFEX.BO", "underlyingSymbol": null, "shortName": "REFEX INDUSTRIES LTD.", "longName": "Refex Industries Limited", "currency": "INR", "quoteSourceName": "Delayed Quote", "currencySymbol": "\u20b9", "fromCurrency": null, "lastMarket": null, "marketCap": 1964576640}, "balanceSheetHistory": {"balanceSheetStatements": [{"maxAge": 1, "endDate": "2020-03-31", "cash": 209560000, "netReceivables": 813802000, "inventory": 31825000, "otherCurrentAssets": 36420000, "totalCurrentAssets": 1092234000, "propertyPlantEquipment": 219374000, "otherAssets": 67569000, "deferredLongTermAssetCharges": 18357000, "totalAssets": 1379177000, "accountsPayable": 412023000, "otherCurrentLiab": 5922000, "otherLiab": 72647000, "totalCurrentLiabilities": 487103000, "totalLiab": 621146000, "commonStock": 154752000, "retainedEarnings": 371394000, "treasuryStock": -527000, "capitalSurplus": 232412000, "otherStockholderEquity": -527000, "totalStockholderEquity": 758031000, "netTangibleAssets": 758031000}, {"maxAge": 1, "endDate": "2019-03-31", "cash": 38740000, "netReceivables": 954823000, "inventory": 75869000, "otherCurrentAssets": 241730000, "totalCurrentAssets": 1311874000, "propertyPlantEquipment": 151225000, "intangibleAssets": 221000, "otherAssets": 121772000, "deferredLongTermAssetCharges": 90543000, "totalAssets": 1585092000, "accountsPayable": 1011807000, "shortLongTermDebt": 2062000, "otherCurrentLiab": 98154000, "longTermDebt": 1792000, "otherLiab": 1565000, "totalCurrentLiabilities": 1154446000, "totalLiab": 1157803000, "commonStock": 154752000, "retainedEarnings": 40133000, "treasuryStock": -8000, "capitalSurplus": 232412000, "otherStockholderEquity": -8000, "totalStockholderEquity": 427289000, "netTangibleAssets": 427068000}, {"maxAge": 1, "endDate": "2018-03-31", "cash": 6965000, "netReceivables": 718929000, "inventory": 52260000, "otherCurrentAssets": 11411000, "totalCurrentAssets": 790741000, "propertyPlantEquipment": 143087000, "otherAssets": 40869000, "totalAssets": 974697000, "accountsPayable": 414065000, "shortLongTermDebt": 2570000, "otherCurrentLiab": 16309000, "longTermDebt": 409456000, "otherLiab": 4871000, "totalCurrentLiabilities": 449368000, "totalLiab": 863695000, "commonStock": 154752000, "retainedEarnings": -276162000, "capitalSurplus": 232412000, "totalStockholderEquity": 111002000, "netTangibleAssets": 111002000}, {"maxAge": 1, "endDate": "2017-03-31", "cash": 7650346, "netReceivables": 372893106, "inventory": 12238395, "otherCurrentAssets": 11640501, "totalCurrentAssets": 405043416, "longTermInvestments": 81820, "propertyPlantEquipment": 146028577, "otherAssets": 49348209, "deferredLongTermAssetCharges": 6212343, "totalAssets": 600502022, "accountsPayable": 84656247, "otherCurrentLiab": 26165053, "longTermDebt": 349527017, "otherLiab": 15066829, "totalCurrentLiabilities": 134280619, "totalLiab": 498874465, "commonStock": 154751760, "retainedEarnings": -285536170, "capitalSurplus": 232411967, "totalStockholderEquity": 101627557, "netTangibleAssets": 101627557}], "maxAge": 86400}, "financialData": {"maxAge": 86400, "currentPrice": 126.95, "recommendationKey": "none", "grossProfits": 1026176000, "financialCurrency": "INR"}}}