{"REGENCY.BO": {"cashflowStatementHistory": {"cashflowStatements": [{"maxAge": 1, "endDate": "2020-03-31", "netIncome": 3763000, "depreciation": 1561000, "changeToNetincome": 1659000, "changeToLiabilities": 0, "changeToOperatingActivities": -1631000, "totalCashFromOperatingActivities": 5352000, "capitalExpenditures": -5810000, "investments": 1122000, "totalCashflowsFromInvestingActivities": -4688000, "dividendsPaid": -371000, "netBorrowings": 82223000, "otherCashflowsFromFinancingActivities": -98291000, "totalCashFromFinancingActivities": 6761000, "changeInCash": 7425000, "issuanceOfStock": 23200000}, {"maxAge": 1, "endDate": "2019-03-31", "netIncome": 3613000, "depreciation": 165000, "changeToNetincome": 1282000, "changeToLiabilities": 0, "changeToOperatingActivities": 19561000, "totalCashFromOperatingActivities": 24621000, "capitalExpenditures": -9285000, "investments": 1122000, "totalCashflowsFromInvestingActivities": -9285000, "dividendsPaid": -371000, "netBorrowings": 143658000, "otherCashflowsFromFinancingActivities": -194737000, "totalCashFromFinancingActivities": -25510000, "changeInCash": -10174000, "issuanceOfStock": 25569000}, {"maxAge": 1, "endDate": "2018-03-31", "netIncome": 2290983, "depreciation": 111198, "changeToNetincome": -111451, "changeToLiabilities": 0, "changeToOperatingActivities": 7500666, "totalCashFromOperatingActivities": 9791396, "capitalExpenditures": -2263500, "investments": 1122000, "totalCashflowsFromInvestingActivities": -2263500, "dividendsPaid": -371000, "netBorrowings": 47431671, "otherCashflowsFromFinancingActivities": -50021347, "totalCashFromFinancingActivities": 13380324, "changeInCash": 20908218, "issuanceOfStock": 15970000}, {"maxAge": 1, "endDate": "2017-03-31", "netIncome": 2068890, "depreciation": 111198, "changeToNetincome": 456997, "changeToLiabilities": 0, "changeToOperatingActivities": -492394, "totalCashFromOperatingActivities": 2033493, "capitalExpenditures": -2263500, "investments": 4325895, "otherCashflowsFromInvestingActivities": 74172, "totalCashflowsFromInvestingActivities": 4400067, "dividendsPaid": -371000, "netBorrowings": 47431671, "otherCashflowsFromFinancingActivities": -6396488, "totalCashFromFinancingActivities": -6396488, "changeInCash": 37072, "issuanceOfStock": 15970000}], "maxAge": 86400}, "institutionOwnership": {"ownershipList": [], "maxAge": 1}, "balanceSheetHistoryQuarterly": {"balanceSheetStatements": [{"maxAge": 1, "endDate": "2020-06-30", "totalStockholderEquity": 90520000, "netTangibleAssets": 90520000}, {"maxAge": 1, "endDate": "2020-03-31", "cash": 19310000, "netReceivables": 330160000, "otherCurrentAssets": 3865000, "totalCurrentAssets": 353335000, "longTermInvestments": 3324000, "propertyPlantEquipment": 14195000, "intangibleAssets": 76000, "otherAssets": -1000, "totalAssets": 370929000, "otherCurrentLiab": 2409000, "longTermDebt": 267120000, "otherLiab": 881000, "totalCurrentLiabilities": 12408000, "totalLiab": 280409000, "commonStock": 41015000, "retainedEarnings": 11749000, "treasuryStock": 4103000, "capitalSurplus": 33653000, "otherStockholderEquity": 4103000, "totalStockholderEquity": 90520000, "netTangibleAssets": 90444000}, {"maxAge": 1, "endDate": "2019-12-31"}, {"maxAge": 1, "endDate": "2019-09-30"}], "maxAge": 86400}, "indexTrend": {"maxAge": 1, "symbol": "SP5", "peRatio": 19.7411, "pegRatio": 1.34172, "estimates": [{"period": "0q", "growth": 0.549}, {"period": "+1q", "growth": 0.431}, {"period": "0y", "growth": 0.305}, {"period": "+1y", "growth": 0.109}, {"period": "+5y", "growth": 0.120859005}, {"period": "-5y"}]}, "quoteType": {"exchange": "BSE", "quoteType": "EQUITY", "symbol": "REGENCY.BO", "underlyingSymbol": "REGENCY.BO", "shortName": "REGENCY FINCORP LIMITED", "longName": "Regency Investments Limited", "firstTradeDateEpochUtc": "2016-12-27 09:15:00", "timeZoneFullName": "Asia/Kolkata", "timeZoneShortName": "IST", "uuid": "ebe65166-317c-3b52-8ea0-e404cd64dc1a", "gmtOffSetMilliseconds": 19800000, "maxAge": 1}, "incomeStatementHistory": {"incomeStatementHistory": [{"maxAge": 1, "endDate": "2020-03-31", "totalRevenue": 35760000, "costOfRevenue": 4912000, "grossProfit": 30848000, "researchDevelopment": {}, "sellingGeneralAdministrative": 1225000, "nonRecurring": {}, "otherOperatingExpenses": 3596000, "totalOperatingExpenses": 11294000, "operatingIncome": 24466000, "totalOtherIncomeExpenseNet": -19124000, "ebit": 24466000, "interestExpense": -19080000, "incomeBeforeTax": 5342000, "incomeTaxExpense": 1579000, "minorityInterest": {}, "netIncomeFromContinuingOps": 3763000, "discontinuedOperations": {}, "extraordinaryItems": {}, "effectOfAccountingCharges": {}, "otherItems": {}, "netIncome": 3763000, "netIncomeApplicableToCommonShares": 3392000}, {"maxAge": 1, "endDate": "2019-03-31", "totalRevenue": 17161000, "costOfRevenue": 2595000, "grossProfit": 14566000, "researchDevelopment": {}, "sellingGeneralAdministrative": 60000, "nonRecurring": {}, "otherOperatingExpenses": -1583000, "totalOperatingExpenses": 1237000, "operatingIncome": 15924000, "totalOtherIncomeExpenseNet": -11033000, "ebit": 15924000, "interestExpense": -8480000, "incomeBeforeTax": 4891000, "incomeTaxExpense": 1278000, "minorityInterest": {}, "netIncomeFromContinuingOps": 3613000, "discontinuedOperations": {}, "extraordinaryItems": {}, "effectOfAccountingCharges": {}, "otherItems": {}, "netIncome": 3613000, "netIncomeApplicableToCommonShares": 3613000}, {"maxAge": 1, "endDate": "2018-03-31", "totalRevenue": 6422336, "costOfRevenue": 546714, "grossProfit": 5875622, "researchDevelopment": {}, "sellingGeneralAdministrative": 390429, "nonRecurring": {}, "otherOperatingExpenses": 1579124, "totalOperatingExpenses": 2237036, "operatingIncome": 4185300, "totalOtherIncomeExpenseNet": -1034889, "ebit": 4185300, "interestExpense": -1087932, "incomeBeforeTax": 3097369, "incomeTaxExpense": 806386, "minorityInterest": {}, "netIncomeFromContinuingOps": 2290983, "discontinuedOperations": {}, "extraordinaryItems": {}, "effectOfAccountingCharges": {}, "otherItems": {}, "netIncome": 2290983, "netIncomeApplicableToCommonShares": 2290983}, {"maxAge": 1, "endDate": "2017-03-31", "totalRevenue": 4145831, "costOfRevenue": 162357, "grossProfit": 3983474, "researchDevelopment": {}, "sellingGeneralAdministrative": 152116, "nonRecurring": {}, "otherOperatingExpenses": 1001794, "totalOperatingExpenses": 1316267, "operatingIncome": 2829564, "totalOtherIncomeExpenseNet": 125399, "ebit": 2829564, "interestExpense": -11464, "incomeBeforeTax": 2954963, "incomeTaxExpense": 886073, "minorityInterest": {}, "netIncomeFromContinuingOps": 2068890, "discontinuedOperations": {}, "extraordinaryItems": {}, "effectOfAccountingCharges": {}, "otherItems": {}, "netIncome": 2068890, "netIncomeApplicableToCommonShares": 2068890}], "maxAge": 86400}, "fundOwnership": {"ownershipList": [], "maxAge": 1}, "summaryDetail": {"maxAge": 1, "priceHint": 2, "previousClose": 11.55, "open": 11.3, "dayLow": 10.55, "dayHigh": 11.95, "regularMarketPreviousClose": 11.55, "regularMarketOpen": 11.3, "regularMarketDayLow": 10.55, "regularMarketDayHigh": 11.95, "trailingPE": 18.60233, "volume": 831, "regularMarketVolume": 831, "averageVolume": 16663, "averageVolume10days": 26469, "averageDailyVolume10Day": 26469, "bid": 10.65, "ask": 11.9, "bidSize": 0, "askSize": 0, "marketCap": 41498260, "fiftyTwoWeekLow": 10.55, "fiftyTwoWeekHigh": 34.0, "fiftyDayAverage": 14.243939, "twoHundredDayAverage": 20.361618, "currency": "INR", "fromCurrency": null, "lastMarket": null, "algorithm": null, "tradeable": false}, "incomeStatementHistoryQuarterly": {"incomeStatementHistory": [{"maxAge": 1, "endDate": "2020-06-30", "totalRevenue": 7866000, "costOfRevenue": 683000, "grossProfit": 7183000, "researchDevelopment": {}, "sellingGeneralAdministrative": {}, "nonRecurring": {}, "otherOperatingExpenses": 1108000, "totalOperatingExpenses": 2232000, "operatingIncome": 5634000, "totalOtherIncomeExpenseNet": -5235000, "ebit": 5634000, "interestExpense": -5274000, "incomeBeforeTax": 399000, "incomeTaxExpense": 104000, "minorityInterest": {}, "netIncomeFromContinuingOps": 295000, "discontinuedOperations": {}, "extraordinaryItems": {}, "effectOfAccountingCharges": {}, "otherItems": {}, "netIncome": 295000, "netIncomeApplicableToCommonShares": 295000}, {"maxAge": 1, "endDate": "2020-03-31", "totalRevenue": 11865000, "costOfRevenue": 3038000, "grossProfit": 8827000, "researchDevelopment": {}, "sellingGeneralAdministrative": 1225000, "nonRecurring": {}, "otherOperatingExpenses": 765000, "totalOperatingExpenses": 6250000, "operatingIncome": 5615000, "totalOtherIncomeExpenseNet": -5333000, "ebit": 5615000, "interestExpense": -4990000, "incomeBeforeTax": 282000, "incomeTaxExpense": 1579000, "minorityInterest": {}, "netIncomeFromContinuingOps": -1297000, "discontinuedOperations": {}, "extraordinaryItems": {}, "effectOfAccountingCharges": {}, "otherItems": {}, "netIncome": -1297000, "netIncomeApplicableToCommonShares": -1668000}, {"maxAge": 1, "endDate": "2019-12-31", "totalRevenue": 8800000, "costOfRevenue": 1081000, "grossProfit": 7719000, "researchDevelopment": {}, "sellingGeneralAdministrative": 1225000, "nonRecurring": {}, "otherOperatingExpenses": 724000, "totalOperatingExpenses": 1805000, "operatingIncome": 6995000, "totalOtherIncomeExpenseNet": -5175000, "ebit": 6995000, "interestExpense": -5185000, "incomeBeforeTax": 1820000, "incomeTaxExpense": 0, "minorityInterest": {}, "netIncomeFromContinuingOps": 1820000, "discontinuedOperations": {}, "extraordinaryItems": {}, "effectOfAccountingCharges": {}, "otherItems": {}, "netIncome": 1820000, "netIncomeApplicableToCommonShares": 1820000}, {"maxAge": 1, "endDate": "2019-09-30", "totalRevenue": 8606000, "costOfRevenue": 124000, "grossProfit": 8482000, "researchDevelopment": {}, "sellingGeneralAdministrative": 1225000, "nonRecurring": {}, "otherOperatingExpenses": 1236000, "totalOperatingExpenses": 1699000, "operatingIncome": 6907000, "totalOtherIncomeExpenseNet": -5205000, "ebit": 6907000, "interestExpense": -5205000, "incomeBeforeTax": 1702000, "incomeTaxExpense": 0, "minorityInterest": {}, "netIncomeFromContinuingOps": 1702000, "discontinuedOperations": {}, "extraordinaryItems": {}, "effectOfAccountingCharges": {}, "otherItems": {}, "netIncome": 1702000, "netIncomeApplicableToCommonShares": 1702000}], "maxAge": 86400}, "cashflowStatementHistoryQuarterly": {"cashflowStatements": [{"maxAge": 1, "endDate": "2020-06-30", "netIncome": 295000, "changeToLiabilities": 0}, {"maxAge": 1, "endDate": "2020-03-31", "netIncome": -1297000, "changeToLiabilities": 0}, {"maxAge": 1, "endDate": "2019-12-31", "netIncome": 1820000, "changeToLiabilities": 0}, {"maxAge": 1, "endDate": "2019-09-30", "netIncome": 1702000, "changeToLiabilities": 0}], "maxAge": 86400}, "insiderHolders": {"holders": [], "maxAge": 1}, "calendarEvents": {"maxAge": 1, "earnings": {"earningsDate": []}}, "upgradeDowngradeHistory": {"history": [], "maxAge": 86400}, "price": {"maxAge": 1, "regularMarketChangePercent": -0.03203462, "regularMarketChange": -0.3699999, "regularMarketTime": "2021-04-30 15:29:22", "priceHint": 2, "regularMarketPrice": 11.18, "regularMarketDayHigh": 11.95, "regularMarketDayLow": 10.55, "regularMarketVolume": 831, "averageDailyVolume10Day": 26469, "averageDailyVolume3Month": 16663, "regularMarketPreviousClose": 11.55, "regularMarketSource": "FREE_REALTIME", "regularMarketOpen": 11.3, "exchange": "BSE", "exchangeName": "BSE", "exchangeDataDelayedBy": 0, "marketState": "CLOSED", "quoteType": "EQUITY", "symbol": "REGENCY.BO", "underlyingSymbol": null, "shortName": "REGENCY FINCORP LIMITED", "longName": "Regency Investments Limited", "currency": "INR", "quoteSourceName": "Delayed Quote", "currencySymbol": "\u20b9", "fromCurrency": null, "lastMarket": null, "marketCap": 41498260}, "balanceSheetHistory": {"balanceSheetStatements": [{"maxAge": 1, "endDate": "2020-03-31", "cash": 19310000, "netReceivables": 330160000, "otherCurrentAssets": 3865000, "totalCurrentAssets": 353335000, "longTermInvestments": 3324000, "propertyPlantEquipment": 14195000, "intangibleAssets": 76000, "otherAssets": -1000, "totalAssets": 370929000, "otherCurrentLiab": 2409000, "longTermDebt": 267120000, "otherLiab": 881000, "totalCurrentLiabilities": 12408000, "totalLiab": 280409000, "commonStock": 41015000, "retainedEarnings": 11749000, "treasuryStock": 4103000, "capitalSurplus": 33653000, "otherStockholderEquity": 4103000, "totalStockholderEquity": 90520000, "netTangibleAssets": 90444000}, {"maxAge": 1, "endDate": "2019-03-31", "cash": 11885000, "netReceivables": 231951000, "otherCurrentAssets": 1580000, "totalCurrentAssets": 245416000, "longTermInvestments": 4446000, "propertyPlantEquipment": 11273000, "otherAssets": -1000, "totalAssets": 261134000, "otherCurrentLiab": 2390000, "longTermDebt": 191089000, "otherLiab": 718000, "totalCurrentLiabilities": 5398000, "totalLiab": 197205000, "commonStock": 37118000, "retainedEarnings": 8357000, "treasuryStock": 1000, "capitalSurplus": 18453000, "otherStockholderEquity": 1000, "totalStockholderEquity": 63929000, "netTangibleAssets": 63929000}, {"maxAge": 1, "endDate": "2018-03-31", "cash": 22058239, "netReceivables": 22394058, "otherCurrentAssets": 47739344, "totalCurrentAssets": 69797583, "propertyPlantEquipment": 2152300, "otherAssets": 56054636, "totalAssets": 128004519, "otherCurrentLiab": 27949897, "longTermDebt": 47431671, "otherLiab": 712707, "totalCurrentLiabilities": 29143816, "totalLiab": 77288194, "commonStock": 30002000, "retainedEarnings": 4744323, "treasuryStock": 15970000, "otherStockholderEquity": 15970000, "totalStockholderEquity": 50716323, "netTangibleAssets": 50716323}, {"maxAge": 1, "endDate": "2017-03-31", "cash": 1150020, "netReceivables": 23511000, "otherCurrentAssets": 2609790, "totalCurrentAssets": 27270810, "otherAssets": 6396488, "totalAssets": 33667298, "otherCurrentLiab": 244441, "otherLiab": 684023, "totalCurrentLiabilities": 387798, "totalLiab": 1071821, "commonStock": 30002000, "retainedEarnings": 1400713, "treasuryStock": 1192764, "otherStockholderEquity": 1192764, "totalStockholderEquity": 32595477, "netTangibleAssets": 32595477}], "maxAge": 86400}, "financialData": {"maxAge": 86400, "currentPrice": 11.18, "recommendationKey": "none", "grossProfits": 30848000, "financialCurrency": "INR"}}}