{"RELCHEMQ.BO": {"recommendationTrend": {"trend": [{"period": "0m", "strongBuy": 0, "buy": 0, "hold": 0, "sell": 0, "strongSell": 0}, {"period": "-1m", "strongBuy": 0, "buy": 0, "hold": 0, "sell": 0, "strongSell": 0}, {"period": "-2m", "strongBuy": 0, "buy": 0, "hold": 0, "sell": 0, "strongSell": 0}, {"period": "-3m", "strongBuy": 0, "buy": 0, "hold": 0, "sell": 0, "strongSell": 0}], "maxAge": 86400}, "cashflowStatementHistory": {"cashflowStatements": [{"maxAge": 1, "endDate": "2020-03-31", "netIncome": 93311000, "depreciation": 72666000, "changeToNetincome": 99909000, "changeToAccountReceivables": 41932000, "changeToLiabilities": 19428000, "changeToInventory": 28242000, "changeToOperatingActivities": -140619000, "totalCashFromOperatingActivities": 215586000, "capitalExpenditures": -69695000, "investments": -13074000, "otherCashflowsFromInvestingActivities": 6129000, "totalCashflowsFromInvestingActivities": -75438000, "dividendsPaid": -11924000, "netBorrowings": -248862000, "otherCashflowsFromFinancingActivities": -98379000, "totalCashFromFinancingActivities": -133728000, "changeInCash": 6420000, "issuanceOfStock": 227427000}, {"maxAge": 1, "endDate": "2019-03-31", "netIncome": 40914000, "depreciation": 66335000, "changeToNetincome": 156750000, "changeToAccountReceivables": -7987000, "changeToLiabilities": 1084000, "changeToInventory": 35718000, "changeToOperatingActivities": -35522000, "totalCashFromOperatingActivities": 258054000, "capitalExpenditures": -8388000, "investments": -1714000, "otherCashflowsFromInvestingActivities": 7657000, "totalCashflowsFromInvestingActivities": -2413000, "dividendsPaid": -27056000, "netBorrowings": -121022000, "otherCashflowsFromFinancingActivities": -108573000, "totalCashFromFinancingActivities": -256651000, "changeInCash": -1012000, "issuanceOfStock": 227427000}, {"maxAge": 1, "endDate": "2018-03-31", "netIncome": 25977000, "depreciation": 73152000, "changeToNetincome": 84609000, "changeToAccountReceivables": 12912000, "changeToLiabilities": 5722000, "changeToInventory": -33521000, "changeToOperatingActivities": -62197000, "totalCashFromOperatingActivities": 107437000, "capitalExpenditures": -11874000, "investments": 685000, "otherCashflowsFromInvestingActivities": 9703000, "totalCashflowsFromInvestingActivities": -1069000, "dividendsPaid": -27051000, "netBorrowings": 16621000, "otherCashflowsFromFinancingActivities": -101531000, "totalCashFromFinancingActivities": -111877000, "changeInCash": -5499000, "issuanceOfStock": 84000}, {"maxAge": 1, "endDate": "2017-03-31", "netIncome": 64800000, "depreciation": 72910000, "changeToNetincome": 75563000, "changeToAccountReceivables": 37333000, "changeToLiabilities": 28372000, "changeToInventory": 11163000, "changeToOperatingActivities": 27630000, "totalCashFromOperatingActivities": 318487000, "capitalExpenditures": -36266000, "investments": 2462000, "otherCashflowsFromInvestingActivities": 14184000, "totalCashflowsFromInvestingActivities": -17739000, "dividendsPaid": -27051000, "netBorrowings": -158828000, "otherCashflowsFromFinancingActivities": -116657000, "totalCashFromFinancingActivities": -302536000, "changeInCash": -1788000, "issuanceOfStock": 84000}], "maxAge": 86400}, "institutionOwnership": {"maxAge": 1, "ownershipList": []}, "balanceSheetHistoryQuarterly": {"balanceSheetStatements": [{"maxAge": 1, "endDate": "2020-06-30", "totalStockholderEquity": 981263000, "netTangibleAssets": 980678000}, {"maxAge": 1, "endDate": "2020-03-31", "cash": 7696000, "shortTermInvestments": 40246000, "netReceivables": 189961000, "inventory": 350542000, "otherCurrentAssets": 158163000, "totalCurrentAssets": 756315000, "longTermInvestments": 53567000, "propertyPlantEquipment": 1398761000, "intangibleAssets": 585000, "otherAssets": 65276000, "totalAssets": 2274504000, "accountsPayable": 383762000, "shortLongTermDebt": 43426000, "otherCurrentLiab": 53173000, "longTermDebt": 285348000, "otherLiab": 194487000, "totalCurrentLiabilities": 803482000, "totalLiab": 1293241000, "commonStock": 75436000, "retainedEarnings": 646845000, "treasuryStock": 2786000, "capitalSurplus": 256196000, "otherStockholderEquity": 2786000, "totalStockholderEquity": 981263000, "netTangibleAssets": 980678000}, {"maxAge": 1, "endDate": "2019-12-31", "totalStockholderEquity": 939628000, "netTangibleAssets": 938724000}, {"maxAge": 1, "endDate": "2019-09-30", "cash": 42558000, "shortTermInvestments": 62390000, "netReceivables": 222515000, "inventory": 376335000, "otherCurrentAssets": 142140000, "totalCurrentAssets": 845938000, "propertyPlantEquipment": 1365588000, "intangibleAssets": 904000, "otherAssets": 64465000, "totalAssets": 2276895000, "accountsPayable": 337276000, "otherCurrentLiab": 264669000, "longTermDebt": 267533000, "otherLiab": 198728000, "totalCurrentLiabilities": 871006000, "totalLiab": 1337267000, "commonStock": 75436000, "treasuryStock": 864192000, "otherStockholderEquity": 864192000, "totalStockholderEquity": 939628000, "netTangibleAssets": 938724000}], "maxAge": 86400}, "earningsHistory": {"history": [{"maxAge": 1, "epsActual": {}, "epsEstimate": {}, "epsDifference": {}, "surprisePercent": {}, "quarter": {}, "period": "-4q"}, {"maxAge": 1, "epsActual": {}, "epsEstimate": {}, "epsDifference": {}, "surprisePercent": {}, "quarter": {}, "period": "-3q"}, {"maxAge": 1, "epsActual": {}, "epsEstimate": {}, "epsDifference": {}, "surprisePercent": {}, "quarter": {}, "period": "-2q"}, {"maxAge": 1, "epsActual": 0.95, "epsEstimate": 5.05, "epsDifference": -4.1, "surprisePercent": -0.812, "quarter": "2017-09-30", "period": "-1q"}], "maxAge": 86400}, "indexTrend": {"maxAge": 1, "symbol": "SP5", "peRatio": 19.7411, "pegRatio": 1.34172, "estimates": [{"period": "0q", "growth": 0.549}, {"period": "+1q", "growth": 0.431}, {"period": "0y", "growth": 0.305}, {"period": "+1y", "growth": 0.109}, {"period": "+5y", "growth": 0.120859005}, {"period": "-5y"}]}, "industryTrend": {"maxAge": 1, "symbol": null, "estimates": []}, "insiderTransactions": {"transactions": [{"maxAge": 1, "shares": 124000, "filerUrl": "", "transactionText": "", "filerName": "Shroff (Shanker Lal)", "filerRelation": "Promoter", "moneyText": "", "startDate": "2017-03-10", "ownership": "D"}, {"maxAge": 1, "shares": 124000, "filerUrl": "", "transactionText": "", "filerName": "Shroff (Ameya)", "filerRelation": "Promoter", "moneyText": "", "startDate": "2017-03-10", "ownership": "D"}, {"maxAge": 1, "shares": 190000, "filerUrl": "", "transactionText": "", "filerName": "A S Chemotex Pvt Ltd", "filerRelation": "Institution- Corporation", "moneyText": "", "startDate": "2014-03-31", "ownership": "D"}, {"maxAge": 1, "shares": 420, "filerUrl": "", "transactionText": "", "filerName": "Modern Fibotex India Ltd", "filerRelation": "Promoter", "moneyText": "", "startDate": "2012-07-06", "ownership": "D"}, {"maxAge": 1, "shares": 1, "filerUrl": "", "transactionText": "", "filerName": "Modern Fibotex India Ltd", "filerRelation": "Promoter", "moneyText": "", "startDate": "2012-06-12", "ownership": "D"}, {"maxAge": 1, "shares": 1, "filerUrl": "", "transactionText": "", "filerName": "Modern Fibotex India Ltd", "filerRelation": "Promoter", "moneyText": "", "startDate": "2012-06-08", "ownership": "D"}, {"maxAge": 1, "shares": 100, "filerUrl": "", "transactionText": "", "filerName": "Modern Fibotex India Ltd", "filerRelation": "Promoter", "moneyText": "", "startDate": "2012-06-06", "ownership": "D"}, {"maxAge": 1, "shares": 7421, "filerUrl": "", "transactionText": "", "filerName": "Modern Fibotex India Ltd", "filerRelation": "Promoter", "moneyText": "", "startDate": "2012-06-05", "ownership": "D"}, {"maxAge": 1, "shares": 1918, "filerUrl": "", "transactionText": "", "filerName": "Modern Fibotex India Ltd", "filerRelation": "Promoter", "moneyText": "", "startDate": "2011-12-29", "ownership": "D"}, {"maxAge": 1, "shares": 510, "filerUrl": "", "transactionText": "", "filerName": "Modern Fibotex India Ltd", "filerRelation": "Promoter", "moneyText": "", "startDate": "2011-12-28", "ownership": "D"}, {"maxAge": 1, "shares": 3000, "filerUrl": "", "transactionText": "", "filerName": "Modern Fibotex India Ltd", "filerRelation": "Promoter", "moneyText": "", "startDate": "2011-12-26", "ownership": "D"}, {"maxAge": 1, "shares": 4600, "filerUrl": "", "transactionText": "", "filerName": "Modern Fibotex India Ltd", "filerRelation": "Promoter", "moneyText": "", "startDate": "2011-12-23", "ownership": "D"}, {"maxAge": 1, "shares": 2300, "filerUrl": "", "transactionText": "", "filerName": "Modern Fibotex India Ltd", "filerRelation": "Promoter", "moneyText": "", "startDate": "2011-12-22", "ownership": "D"}, {"maxAge": 1, "shares": 1556, "filerUrl": "", "transactionText": "", "filerName": "Modern Fibotex India Ltd", "filerRelation": "Promoter", "moneyText": "", "startDate": "2011-12-21", "ownership": "D"}, {"maxAge": 1, "shares": 4597, "filerUrl": "", "transactionText": "", "filerName": "Modern Fibotex India Ltd", "filerRelation": "Promoter", "moneyText": "", "startDate": "2011-12-20", "ownership": "D"}, {"maxAge": 1, "shares": 925, "filerUrl": "", "transactionText": "", "filerName": "Modern Fibotex India Ltd", "filerRelation": "Promoter", "moneyText": "", "startDate": "2011-11-14", "ownership": "D"}, {"maxAge": 1, "shares": 5044, "filerUrl": "", "transactionText": "", "filerName": "Modern Fibotex India Ltd", "filerRelation": "Promoter", "moneyText": "", "startDate": "2011-11-11", "ownership": "D"}, {"maxAge": 1, "shares": 4160, "filerUrl": "", "transactionText": "", "filerName": "Modern Fibotex India Ltd", "filerRelation": "Promoter", "moneyText": "", "startDate": "2011-10-20", "ownership": "D"}, {"maxAge": 1, "shares": 22818, "filerUrl": "", "transactionText": "", "filerName": "Modern Fibotex India Ltd", "filerRelation": "Promoter", "moneyText": "", "startDate": "2011-10-10", "ownership": "D"}, {"maxAge": 1, "shares": 11000, "filerUrl": "", "transactionText": "", "filerName": "Modern Fibotex India Ltd", "filerRelation": "Promoter", "moneyText": "", "startDate": "2011-10-05", "ownership": "D"}], "maxAge": 1}, "quoteType": {"exchange": "BSE", "quoteType": "EQUITY", "symbol": "RELCHEMQ.BO", "underlyingSymbol": "RELCHEMQ.BO", "shortName": "RELIANCE CHEMOTEX INDUSTRIES L", "longName": "Reliance Chemotex Industries Limited", "firstTradeDateEpochUtc": "2002-03-12 09:15:00", "timeZoneFullName": "Asia/Kolkata", "timeZoneShortName": "IST", "uuid": "791de0b3-a2e8-34ce-92e5-a581e7946d29", "messageBoardId": null, "gmtOffSetMilliseconds": 19800000, "maxAge": 1}, "incomeStatementHistory": {"incomeStatementHistory": [{"maxAge": 1, "endDate": "2020-03-31", "totalRevenue": 2997946000, "costOfRevenue": 1571052000, "grossProfit": 1426894000, "researchDevelopment": {}, "sellingGeneralAdministrative": 394968000, "nonRecurring": {}, "otherOperatingExpenses": 718139000, "totalOperatingExpenses": 2757542000, "operatingIncome": 240404000, "totalOtherIncomeExpenseNet": -132667000, "ebit": 240404000, "interestExpense": -66622000, "incomeBeforeTax": 107737000, "incomeTaxExpense": 14426000, "minorityInterest": {}, "netIncomeFromContinuingOps": 93311000, "discontinuedOperations": {}, "extraordinaryItems": {}, "effectOfAccountingCharges": {}, "otherItems": {}, "netIncome": 93311000, "netIncomeApplicableToCommonShares": 93311000}, {"maxAge": 1, "endDate": "2019-03-31", "totalRevenue": 3231932000, "costOfRevenue": 1872887000, "grossProfit": 1359045000, "researchDevelopment": {}, "sellingGeneralAdministrative": 375852000, "nonRecurring": {}, "otherOperatingExpenses": 727699000, "totalOperatingExpenses": 3043535000, "operatingIncome": 188397000, "totalOtherIncomeExpenseNet": -108031000, "ebit": 188397000, "interestExpense": -90985000, "incomeBeforeTax": 80366000, "incomeTaxExpense": 39452000, "minorityInterest": {}, "netIncomeFromContinuingOps": 40914000, "discontinuedOperations": {}, "extraordinaryItems": {}, "effectOfAccountingCharges": {}, "otherItems": {}, "netIncome": 40914000, "netIncomeApplicableToCommonShares": 40914000}, {"maxAge": 1, "endDate": "2018-03-31", "totalRevenue": 2845493000, "costOfRevenue": 1562472000, "grossProfit": 1283021000, "researchDevelopment": {}, "sellingGeneralAdministrative": 377687000, "nonRecurring": {}, "otherOperatingExpenses": 708651000, "totalOperatingExpenses": 2722745000, "operatingIncome": 122748000, "totalOtherIncomeExpenseNet": -114600000, "ebit": 122748000, "interestExpense": -80550000, "incomeBeforeTax": 8148000, "incomeTaxExpense": -17829000, "minorityInterest": {}, "netIncomeFromContinuingOps": 25977000, "discontinuedOperations": {}, "extraordinaryItems": {}, "effectOfAccountingCharges": {}, "otherItems": {}, "netIncome": 25977000, "netIncomeApplicableToCommonShares": 25977000}, {"maxAge": 1, "endDate": "2017-03-31", "totalRevenue": 2909553000, "costOfRevenue": 1645102000, "grossProfit": 1264451000, "researchDevelopment": {}, "sellingGeneralAdministrative": 372271000, "nonRecurring": {}, "otherOperatingExpenses": 678157000, "totalOperatingExpenses": 2762277000, "operatingIncome": 147276000, "totalOtherIncomeExpenseNet": -99376000, "ebit": 147276000, "interestExpense": -101795000, "incomeBeforeTax": 47900000, "incomeTaxExpense": -16900000, "minorityInterest": {}, "netIncomeFromContinuingOps": 64800000, "discontinuedOperations": {}, "extraordinaryItems": {}, "effectOfAccountingCharges": {}, "otherItems": {}, "netIncome": 64800000, "netIncomeApplicableToCommonShares": 64800000}], "maxAge": 86400}, "fundOwnership": {"maxAge": 1, "ownershipList": []}, "summaryDetail": {"maxAge": 1, "priceHint": 2, "previousClose": 92.8, "open": 90.0, "dayLow": 87.6, "dayHigh": 91.95, "regularMarketPreviousClose": 92.8, "regularMarketOpen": 90.0, "regularMarketDayLow": 87.6, "regularMarketDayHigh": 91.95, "trailingPE": 14.553837, "forwardPE": 3.9358861, "volume": 9593, "regularMarketVolume": 9593, "averageVolume": 15214, "averageVolume10days": 2951, "averageDailyVolume10Day": 2951, "bid": 88.6, "ask": 88.95, "bidSize": 0, "askSize": 0, "marketCap": 666850688, "fiftyTwoWeekLow": 37.0, "fiftyTwoWeekHigh": 100.9, "fiftyDayAverage": 77.527145, "twoHundredDayAverage": 68.74562, "trailingAnnualDividendRate": 1.0, "trailingAnnualDividendYield": 0.010775861, "currency": "INR", "fromCurrency": null, "toCurrency": null, "lastMarket": null, "algorithm": null, "tradeable": false}, "sectorTrend": {"maxAge": 1, "symbol": null, "estimates": []}, "incomeStatementHistoryQuarterly": {"incomeStatementHistory": [{"maxAge": 1, "endDate": "2020-06-30", "totalRevenue": 391505000, "costOfRevenue": 252354000, "grossProfit": 139151000, "researchDevelopment": {}, "sellingGeneralAdministrative": 79369000, "nonRecurring": {}, "otherOperatingExpenses": 53262000, "totalOperatingExpenses": 403195000, "operatingIncome": -11690000, "totalOtherIncomeExpenseNet": -4116000, "ebit": -11690000, "interestExpense": -20345000, "incomeBeforeTax": -15806000, "incomeTaxExpense": -1408000, "minorityInterest": {}, "netIncomeFromContinuingOps": -14398000, "discontinuedOperations": {}, "extraordinaryItems": {}, "effectOfAccountingCharges": {}, "otherItems": {}, "netIncome": -14398000, "netIncomeApplicableToCommonShares": -14398000}, {"maxAge": 1, "endDate": "2020-03-31", "totalRevenue": 692804000, "costOfRevenue": 86470000, "grossProfit": 606334000, "researchDevelopment": {}, "sellingGeneralAdministrative": 98660000, "nonRecurring": {}, "otherOperatingExpenses": 407832000, "totalOperatingExpenses": 611349000, "operatingIncome": 81455000, "totalOtherIncomeExpenseNet": -51544000, "ebit": 81455000, "interestExpense": -20345000, "incomeBeforeTax": 29911000, "incomeTaxExpense": 14402000, "minorityInterest": {}, "netIncomeFromContinuingOps": 15509000, "discontinuedOperations": {}, "extraordinaryItems": {}, "effectOfAccountingCharges": {}, "otherItems": {}, "netIncome": 15509000, "netIncomeApplicableToCommonShares": 15509000}, {"maxAge": 1, "endDate": "2019-12-31", "totalRevenue": 734080000, "costOfRevenue": 443454000, "grossProfit": 290626000, "researchDevelopment": {}, "sellingGeneralAdministrative": 103246000, "nonRecurring": {}, "otherOperatingExpenses": 107033000, "totalOperatingExpenses": 672052000, "operatingIncome": 62028000, "totalOtherIncomeExpenseNet": -25771000, "ebit": 62028000, "interestExpense": -27872000, "incomeBeforeTax": 36257000, "incomeTaxExpense": 11767000, "minorityInterest": {}, "netIncomeFromContinuingOps": 24490000, "discontinuedOperations": {}, "extraordinaryItems": {}, "effectOfAccountingCharges": {}, "otherItems": {}, "netIncome": 24490000, "netIncomeApplicableToCommonShares": 24490000}, {"maxAge": 1, "endDate": "2019-09-30", "totalRevenue": 823405000, "costOfRevenue": 552744000, "grossProfit": 270661000, "researchDevelopment": {}, "sellingGeneralAdministrative": 93536000, "nonRecurring": {}, "otherOperatingExpenses": 104951000, "totalOperatingExpenses": 771410000, "operatingIncome": 51995000, "totalOtherIncomeExpenseNet": -25692000, "ebit": 51995000, "interestExpense": -28957000, "incomeBeforeTax": 26303000, "incomeTaxExpense": 7890000, "minorityInterest": {}, "netIncomeFromContinuingOps": 18413000, "discontinuedOperations": {}, "extraordinaryItems": {}, "effectOfAccountingCharges": {}, "otherItems": {}, "netIncome": 18413000, "netIncomeApplicableToCommonShares": 18413000}], "maxAge": 86400}, "cashflowStatementHistoryQuarterly": {"cashflowStatements": [{"maxAge": 1, "endDate": "2020-06-30", "netIncome": -14398000, "changeToLiabilities": 0}, {"maxAge": 1, "endDate": "2020-03-31", "netIncome": 15509000, "changeToLiabilities": 0}, {"maxAge": 1, "endDate": "2019-12-31", "netIncome": 24490000, "changeToLiabilities": 0}, {"maxAge": 1, "endDate": "2019-09-30", "netIncome": 18413000, "changeToLiabilities": 0}], "maxAge": 86400}, "insiderHolders": {"holders": [{"maxAge": 1, "name": "A S Chemotex Pvt Ltd", "relation": "Institution- Corporation", "url": "", "transactionDescription": "Other", "latestTransDate": "2014-03-31", "positionDirect": 190000, "positionDirectDate": "2014-03-31"}, {"maxAge": 1, "name": "Modern Fibotex India Ltd", "relation": "Promoter", "url": "", "transactionDescription": "Sale", "latestTransDate": "2012-07-06", "positionDirect": 1051179, "positionDirectDate": "2012-07-06"}, {"maxAge": 1, "name": "Shroff (Ameya)", "relation": "Promoter", "url": "", "transactionDescription": "Other", "latestTransDate": "2017-03-10", "positionDirect": 124000, "positionDirectDate": "2017-03-10"}, {"maxAge": 1, "name": "Shroff (Shanker Lal)", "relation": "Promoter", "url": "", "transactionDescription": "Other", "latestTransDate": "2017-03-10", "positionDirect": 195650, "positionDirectDate": "2017-03-10"}], "maxAge": 1}, "earnings": {"maxAge": 86400, "earningsChart": {"quarterly": [{"date": "3Q2017", "actual": 0.95, "estimate": 5.05}], "currentQuarterEstimateDate": "4Q", "currentQuarterEstimateYear": 2017, "earningsDate": []}, "financialsChart": {"yearly": [{"date": 2017, "revenue": 2909553000, "earnings": 64800000}, {"date": 2018, "revenue": 2845493000, "earnings": 25977000}, {"date": 2019, "revenue": 3231932000, "earnings": 40914000}, {"date": 2020, "revenue": 2997946000, "earnings": 93311000}], "quarterly": [{"date": "3Q2019", "revenue": 823405000, "earnings": 18413000}, {"date": "4Q2019", "revenue": 734080000, "earnings": 24490000}, {"date": "1Q2020", "revenue": 692804000, "earnings": 15509000}, {"date": "2Q2020", "revenue": 391505000, "earnings": -14398000}]}, "financialCurrency": "INR"}, "calendarEvents": {"maxAge": 1, "earnings": {"earningsDate": []}}, "price": {"maxAge": 1, "regularMarketChangePercent": -0.047413807, "regularMarketChange": -4.4000015, "regularMarketTime": "2021-04-30 15:28:43", "priceHint": 2, "regularMarketPrice": 88.4, "regularMarketDayHigh": 91.95, "regularMarketDayLow": 87.6, "regularMarketVolume": 9593, "averageDailyVolume10Day": 2951, "averageDailyVolume3Month": 15214, "regularMarketPreviousClose": 92.8, "regularMarketSource": "FREE_REALTIME", "regularMarketOpen": 90.0, "exchange": "BSE", "exchangeName": "BSE", "exchangeDataDelayedBy": 0, "marketState": "CLOSED", "quoteType": "EQUITY", "symbol": "RELCHEMQ.BO", "underlyingSymbol": null, "shortName": "RELIANCE CHEMOTEX INDUSTRIES L", "longName": "Reliance Chemotex Industries Limited", "currency": "INR", "quoteSourceName": "Delayed Quote", "currencySymbol": "\u20b9", "fromCurrency": null, "toCurrency": null, "lastMarket": null, "marketCap": 666850688}, "balanceSheetHistory": {"balanceSheetStatements": [{"maxAge": 1, "endDate": "2020-03-31", "cash": 7696000, "shortTermInvestments": 40246000, "netReceivables": 189961000, "inventory": 350542000, "otherCurrentAssets": 158163000, "totalCurrentAssets": 756315000, "longTermInvestments": 53567000, "propertyPlantEquipment": 1398761000, "intangibleAssets": 585000, "otherAssets": 65276000, "totalAssets": 2274504000, "accountsPayable": 383762000, "shortLongTermDebt": 43426000, "otherCurrentLiab": 53173000, "longTermDebt": 285348000, "otherLiab": 194487000, "totalCurrentLiabilities": 803482000, "totalLiab": 1293241000, "commonStock": 75436000, "retainedEarnings": 646845000, "treasuryStock": 2786000, "capitalSurplus": 256196000, "otherStockholderEquity": 2786000, "totalStockholderEquity": 981263000, "netTangibleAssets": 980678000}, {"maxAge": 1, "endDate": "2019-03-31", "cash": 1276000, "shortTermInvestments": 37179000, "netReceivables": 236503000, "inventory": 378784000, "otherCurrentAssets": 86488000, "totalCurrentAssets": 747765000, "longTermInvestments": 3132000, "propertyPlantEquipment": 1373202000, "intangibleAssets": 949000, "otherAssets": 58801000, "totalAssets": 2180717000, "accountsPayable": 358800000, "shortLongTermDebt": 79368000, "otherCurrentLiab": 20039000, "longTermDebt": 503210000, "otherLiab": 205558000, "totalCurrentLiabilities": 803059000, "totalLiab": 1511827000, "commonStock": 39808000, "retainedEarnings": 563174000, "treasuryStock": 1512000, "capitalSurplus": 64396000, "otherStockholderEquity": 1512000, "totalStockholderEquity": 668890000, "netTangibleAssets": 667941000}, {"maxAge": 1, "endDate": "2018-03-31", "cash": 2288000, "shortTermInvestments": 38719000, "netReceivables": 208275000, "inventory": 414502000, "otherCurrentAssets": 127659000, "totalCurrentAssets": 797304000, "propertyPlantEquipment": 1430897000, "intangibleAssets": 1601000, "otherAssets": 47856000, "totalAssets": 2277658000, "accountsPayable": 357039000, "shortLongTermDebt": 107058000, "otherCurrentLiab": 32655000, "longTermDebt": 517032000, "otherLiab": 129613000, "totalCurrentLiabilities": 926846000, "totalLiab": 1573491000, "commonStock": 39808000, "retainedEarnings": 598075000, "treasuryStock": 1888000, "capitalSurplus": 64396000, "otherStockholderEquity": 1888000, "totalStockholderEquity": 704167000, "netTangibleAssets": 702566000}, {"maxAge": 1, "endDate": "2017-03-31", "cash": 7786000, "shortTermInvestments": 37831000, "netReceivables": 237303000, "inventory": 380981000, "otherCurrentAssets": 54136000, "totalCurrentAssets": 722860000, "propertyPlantEquipment": 1514295000, "intangibleAssets": 2274000, "otherAssets": 32726000, "totalAssets": 2272155000, "accountsPayable": 351317000, "shortLongTermDebt": 132648000, "otherCurrentLiab": 14050000, "longTermDebt": 601324000, "otherLiab": 166021000, "totalCurrentLiabilities": 824033000, "totalLiab": 1591378000, "commonStock": 39892000, "retainedEarnings": 576884000, "treasuryStock": -332000, "capitalSurplus": 64333000, "otherStockholderEquity": -332000, "totalStockholderEquity": 680777000, "netTangibleAssets": 678503000}], "maxAge": 86400}, "earningsTrend": {"trend": [{"maxAge": 1, "period": "0q", "endDate": "2017-12-31", "growth": {}, "earningsEstimate": {"avg": 0.0, "low": 0.0, "high": 0.0, "yearAgoEps": {}, "numberOfAnalysts": 0, "growth": {}}, "revenueEstimate": {"avg": 0, "low": 0, "high": 0, "numberOfAnalysts": 0, "yearAgoRevenue": {}, "growth": {}}, "epsTrend": {"current": 0.0, "7daysAgo": 0.0, "30daysAgo": 0.0, "60daysAgo": 0.0, "90daysAgo": 0.0}, "epsRevisions": {"upLast7days": 0, "upLast30days": 0, "downLast30days": 0, "downLast90days": {}}}, {"maxAge": 1, "period": "+1q", "endDate": "2018-03-31", "growth": {}, "earningsEstimate": {"avg": 0.0, "low": 0.0, "high": 0.0, "yearAgoEps": {}, "numberOfAnalysts": 0, "growth": {}}, "revenueEstimate": {"avg": 0, "low": 0, "high": 0, "numberOfAnalysts": 0, "yearAgoRevenue": {}, "growth": {}}, "epsTrend": {"current": 0.0, "7daysAgo": 0.0, "30daysAgo": 0.0, "60daysAgo": 0.0, "90daysAgo": 0.0}, "epsRevisions": {"upLast7days": 0, "upLast30days": 0, "downLast30days": 0, "downLast90days": {}}}, {"maxAge": 1, "period": "0y", "endDate": "2018-03-31", "growth": {}, "earningsEstimate": {"avg": 0.0, "low": 0.0, "high": 0.0, "yearAgoEps": {}, "numberOfAnalysts": 0, "growth": {}}, "revenueEstimate": {"avg": 3245990000, "low": 3245990000, "high": 3245990000, "numberOfAnalysts": 1, "yearAgoRevenue": {}, "growth": {}}, "epsTrend": {"current": 0.0, "7daysAgo": 19.16, "30daysAgo": 19.16, "60daysAgo": 19.16, "90daysAgo": 19.16}, "epsRevisions": {"upLast7days": 0, "upLast30days": 0, "downLast30days": 0, "downLast90days": {}}}, {"maxAge": 1, "period": "+1y", "endDate": "2019-03-31", "growth": {}, "earningsEstimate": {"avg": 0.0, "low": 0.0, "high": 0.0, "yearAgoEps": {}, "numberOfAnalysts": 0, "growth": {}}, "revenueEstimate": {"avg": 3603050000, "low": 3603050000, "high": 3603050000, "numberOfAnalysts": 1, "yearAgoRevenue": 3245990000, "growth": 0.11}, "epsTrend": {"current": 0.0, "7daysAgo": 22.46, "30daysAgo": 22.46, "60daysAgo": 22.46, "90daysAgo": 22.46}, "epsRevisions": {"upLast7days": 0, "upLast30days": 0, "downLast30days": 0, "downLast90days": {}}}, {"maxAge": 1, "period": "+5y", "endDate": null, "growth": {}, "earningsEstimate": {"avg": {}, "low": {}, "high": {}, "yearAgoEps": {}, "numberOfAnalysts": {}, "growth": {}}, "revenueEstimate": {"avg": {}, "low": {}, "high": {}, "numberOfAnalysts": {}, "yearAgoRevenue": {}, "growth": {}}, "epsTrend": {"current": {}, "7daysAgo": {}, "30daysAgo": {}, "60daysAgo": {}, "90daysAgo": {}}, "epsRevisions": {"upLast7days": {}, "upLast30days": {}, "downLast30days": {}, "downLast90days": {}}}, {"maxAge": 1, "period": "-5y", "endDate": null, "growth": {}, "earningsEstimate": {"avg": {}, "low": {}, "high": {}, "yearAgoEps": {}, "numberOfAnalysts": {}, "growth": {}}, "revenueEstimate": {"avg": {}, "low": {}, "high": {}, "numberOfAnalysts": {}, "yearAgoRevenue": {}, "growth": {}}, "epsTrend": {"current": {}, "7daysAgo": {}, "30daysAgo": {}, "60daysAgo": {}, "90daysAgo": {}}, "epsRevisions": {"upLast7days": {}, "upLast30days": {}, "downLast30days": {}, "downLast90days": {}}}], "maxAge": 1}, "financialData": {"maxAge": 86400, "currentPrice": 88.4, "targetHighPrice": 49.0, "targetLowPrice": 49.0, "targetMeanPrice": 49.0, "targetMedianPrice": 49.0, "recommendationMean": 2.0, "recommendationKey": "buy", "numberOfAnalystOpinions": 1, "grossProfits": 1426894000, "financialCurrency": "INR"}}}