{"RELCAPITAL.BO": {"recommendationTrend": {"trend": [{"period": "0m", "strongBuy": 0, "buy": 0, "hold": 0, "sell": 0, "strongSell": 0}, {"period": "-1m", "strongBuy": 0, "buy": 0, "hold": 0, "sell": 0, "strongSell": 0}, {"period": "-2m", "strongBuy": 0, "buy": 0, "hold": 0, "sell": 0, "strongSell": 0}, {"period": "-3m", "strongBuy": 0, "buy": 0, "hold": 0, "sell": 0, "strongSell": 0}], "maxAge": 86400}, "cashflowStatementHistory": {"cashflowStatements": [{"maxAge": 1, "endDate": "2020-03-31", "netIncome": -10750000000, "depreciation": 610000000, "changeToNetincome": 11060000000, "changeToAccountReceivables": 154250000000, "changeToLiabilities": 630000000, "changeToOperatingActivities": -27090000000, "totalCashFromOperatingActivities": 130280000000, "investments": -30450000000, "otherCashflowsFromInvestingActivities": 30110000000, "totalCashflowsFromInvestingActivities": 60140000000, "netBorrowings": -192500000000, "totalCashFromFinancingActivities": -192500000000, "changeInCash": -2090000000}, {"maxAge": 1, "endDate": "2019-03-31", "netIncome": -15130000000, "depreciation": 500000000, "changeToNetincome": 35870000000, "changeToAccountReceivables": -35800000000, "changeToLiabilities": -31770000000, "changeToOperatingActivities": -40460000000, "totalCashFromOperatingActivities": -83520000000, "capitalExpenditures": -560000000, "investments": -30450000000, "otherCashflowsFromInvestingActivities": 24430000000, "totalCashflowsFromInvestingActivities": 51270000000, "dividendsPaid": -3450000000, "netBorrowings": 340000000, "otherCashflowsFromFinancingActivities": -670000000, "totalCashFromFinancingActivities": -3770000000, "changeInCash": -36020000000, "issuanceOfStock": 10000000}, {"maxAge": 1, "endDate": "2018-03-31", "netIncome": -46340000000, "depreciation": 640000000, "changeToNetincome": 63710000000, "changeToAccountReceivables": -96510000000, "changeToLiabilities": 49120000000, "changeToOperatingActivities": -35830000000, "totalCashFromOperatingActivities": -61230000000, "capitalExpenditures": -4070000000, "investments": -23170000000, "otherCashflowsFromInvestingActivities": 21180000000, "totalCashflowsFromInvestingActivities": -5800000000, "dividendsPaid": -2890000000, "netBorrowings": 77050000000, "otherCashflowsFromFinancingActivities": -250000000, "totalCashFromFinancingActivities": 74190000000, "changeInCash": 7160000000, "issuanceOfStock": 30000000}, {"maxAge": 1, "endDate": "2017-03-31", "netIncome": 10860000000, "depreciation": 1160000000, "changeToNetincome": 3430000000, "changeToAccountReceivables": -55340000000, "changeToLiabilities": 26020000000, "changeToInventory": 220000000, "changeToOperatingActivities": -26760000000, "totalCashFromOperatingActivities": -36230000000, "capitalExpenditures": -4740000000, "investments": -71430000000, "otherCashflowsFromInvestingActivities": 15250000000, "totalCashflowsFromInvestingActivities": -60590000000, "dividendsPaid": -3690000000, "netBorrowings": 109040000000, "otherCashflowsFromFinancingActivities": -250000000, "totalCashFromFinancingActivities": 105350000000, "changeInCash": 8530000000, "issuanceOfStock": 30000000}], "maxAge": 86400}, "institutionOwnership": {"ownershipList": [], "maxAge": 1}, "balanceSheetHistoryQuarterly": {"balanceSheetStatements": [{"maxAge": 1, "endDate": "2020-06-30", "totalStockholderEquity": -22940000000, "netTangibleAssets": -75080000000}, {"maxAge": 1, "endDate": "2020-03-31", "cash": 4790000000, "shortTermInvestments": 1210000000, "netReceivables": 16950000000, "otherCurrentAssets": 69360000000, "totalCurrentAssets": 300970000000, "longTermInvestments": 138620000000, "propertyPlantEquipment": 2740000000, "goodWill": 51110000000, "intangibleAssets": 1030000000, "otherAssets": 153350000000, "deferredLongTermAssetCharges": 1790000000, "totalAssets": 647820000000, "accountsPayable": 18540000000, "shortLongTermDebt": 87620000000, "otherCurrentLiab": 8500000000, "longTermDebt": 163050000000, "otherLiab": 340470000000, "minorityInterest": 6210000000, "totalCurrentLiabilities": 160950000000, "totalLiab": 664550000000, "commonStock": 2520000000, "retainedEarnings": -60840000000, "treasuryStock": 1170000000, "capitalSurplus": 34210000000, "otherStockholderEquity": 1170000000, "totalStockholderEquity": -22940000000, "netTangibleAssets": -75080000000}, {"maxAge": 1, "endDate": "2019-12-31", "totalStockholderEquity": 3940000000, "netTangibleAssets": -48490000000}, {"maxAge": 1, "endDate": "2019-09-30", "cash": 20570000000, "netReceivables": 12920000000, "inventory": 110000000, "otherCurrentAssets": 2750000000, "totalCurrentAssets": 36350000000, "longTermInvestments": 362320000000, "propertyPlantEquipment": 3250000000, "goodWill": 51360000000, "intangibleAssets": 1070000000, "otherAssets": 328910000000, "deferredLongTermAssetCharges": 4390000000, "totalAssets": 783260000000, "accountsPayable": 16340000000, "otherCurrentLiab": 40000000, "longTermDebt": 413930000000, "otherLiab": 332970000000, "minorityInterest": 16040000000, "totalCurrentLiabilities": 16380000000, "totalLiab": 763280000000, "commonStock": 2530000000, "treasuryStock": 1410000000, "otherStockholderEquity": 1410000000, "totalStockholderEquity": 3940000000, "netTangibleAssets": -48490000000}], "maxAge": 86400}, "earningsHistory": {"history": [{"maxAge": 1, "epsActual": {}, "epsEstimate": {}, "epsDifference": {}, "surprisePercent": {}, "quarter": {}, "period": "-4q"}, {"maxAge": 1, "epsActual": {}, "epsEstimate": {}, "epsDifference": {}, "surprisePercent": {}, "quarter": {}, "period": "-3q"}, {"maxAge": 1, "epsActual": {}, "epsEstimate": {}, "epsDifference": {}, "surprisePercent": {}, "quarter": {}, "period": "-2q"}, {"maxAge": 1, "epsActual": {}, "epsEstimate": {}, "epsDifference": {}, "surprisePercent": {}, "quarter": {}, "period": "-1q"}], "maxAge": 86400}, "indexTrend": {"maxAge": 1, "symbol": "SP5", "peRatio": 19.7411, "pegRatio": 1.34172, "estimates": [{"period": "0q", "growth": 0.549}, {"period": "+1q", "growth": 0.431}, {"period": "0y", "growth": 0.305}, {"period": "+1y", "growth": 0.109}, {"period": "+5y", "growth": 0.120865}, {"period": "-5y"}]}, "industryTrend": {"maxAge": 1, "symbol": null, "estimates": []}, "insiderTransactions": {"transactions": [{"maxAge": 1, "shares": 126873, "filerUrl": "", "transactionText": "", "filerName": "REL Utility Engineers Ltd", "filerRelation": "Promoter", "moneyText": "", "startDate": "2019-10-18", "ownership": "D"}, {"maxAge": 1, "shares": 273891, "filerUrl": "", "transactionText": "", "filerName": "Ambani (Anil D)", "filerRelation": "Non Executive Chairman", "moneyText": "", "startDate": "2017-10-03", "ownership": "D"}, {"maxAge": 1, "shares": 95205, "filerUrl": "", "transactionText": "", "filerName": "Ambani (Jai Anmol Anil)", "filerRelation": "Promoter", "moneyText": "", "startDate": "2017-10-03", "ownership": "D"}, {"maxAge": 1, "shares": 178686, "filerUrl": "", "transactionText": "", "filerName": "Ambani (Jai Anshul A)", "filerRelation": "Promoter", "moneyText": "", "startDate": "2017-10-03", "ownership": "D"}, {"maxAge": 1, "shares": 1440, "filerUrl": "", "transactionText": "", "filerName": "Tandon (Atul Kumar)", "filerRelation": "Company Secretary", "moneyText": "", "startDate": "2017-09-04", "ownership": "D"}, {"maxAge": 1, "shares": 8180, "filerUrl": "", "transactionText": "", "filerName": "Bapna (Amit)", "filerRelation": "Chief Financial Officer", "moneyText": "", "startDate": "2017-09-04", "ownership": "D"}, {"maxAge": 1, "shares": 1000000, "filerUrl": "", "transactionText": "", "filerName": "Janus Overseas Fund", "filerRelation": "Investment Advisor", "moneyText": "", "startDate": "2014-02-04", "ownership": "D"}, {"maxAge": 1, "shares": 1400, "filerUrl": "", "transactionText": "", "filerName": "Chitale (Rajendra P)", "filerRelation": "Director", "moneyText": "", "startDate": "2010-12-03", "ownership": "D"}, {"maxAge": 1, "shares": 1200, "filerUrl": "", "transactionText": "", "filerName": "Chitale (Rajendra P)", "filerRelation": "Director", "moneyText": "", "startDate": "2010-12-03", "ownership": "D"}, {"maxAge": 1, "shares": 2600, "filerUrl": "", "transactionText": "", "filerName": "Chitale (Rajendra P)", "filerRelation": "Director", "moneyText": "", "startDate": "2010-12-03", "ownership": "D"}, {"maxAge": 1, "shares": 1500, "filerUrl": "", "transactionText": "", "filerName": "Chitale (Rajendra P)", "filerRelation": "Director", "moneyText": "", "startDate": "2010-12-01", "ownership": "D"}, {"maxAge": 1, "shares": 1500, "filerUrl": "", "transactionText": "", "filerName": "Chitale (Rajendra P)", "filerRelation": "Director", "moneyText": "", "startDate": "2010-11-30", "ownership": "D"}, {"maxAge": 1, "shares": 1500, "filerUrl": "", "transactionText": "", "filerName": "Chitale (Rajendra P)", "filerRelation": "Director", "moneyText": "", "startDate": "2010-11-29", "ownership": "D"}, {"maxAge": 1, "shares": 1400, "filerUrl": "", "transactionText": "", "filerName": "Chitale (Rajendra P)", "filerRelation": "Director", "moneyText": "", "startDate": "2010-11-22", "ownership": "D"}], "maxAge": 1}, "quoteType": {"exchange": "BSE", "quoteType": "EQUITY", "symbol": "RELCAPITAL.BO", "underlyingSymbol": "RELCAPITAL.BO", "shortName": "RELIANCE CAPITAL LTD.", "longName": "Reliance Capital Limited", "firstTradeDateEpochUtc": "2000-01-03 09:15:00", "timeZoneFullName": "Asia/Kolkata", "timeZoneShortName": "IST", "uuid": "098e69b3-830b-3161-9c75-95fd17f9eb1f", "gmtOffSetMilliseconds": 19800000, "maxAge": 1}, "incomeStatementHistory": {"incomeStatementHistory": [{"maxAge": 1, "endDate": "2020-03-31", "totalRevenue": 146780000000, "costOfRevenue": 75600000000, "grossProfit": 71180000000, "researchDevelopment": {}, "sellingGeneralAdministrative": 16170000000, "nonRecurring": {}, "otherOperatingExpenses": 30240000000, "totalOperatingExpenses": 123240000000, "operatingIncome": 23540000000, "totalOtherIncomeExpenseNet": -35770000000, "ebit": 23540000000, "interestExpense": -36850000000, "incomeBeforeTax": -12230000000, "incomeTaxExpense": -240000000, "minorityInterest": 6210000000, "netIncomeFromContinuingOps": -11990000000, "discontinuedOperations": {}, "extraordinaryItems": {}, "effectOfAccountingCharges": {}, "otherItems": {}, "netIncome": -10750000000, "netIncomeApplicableToCommonShares": -10750000000}, {"maxAge": 1, "endDate": "2019-03-31", "totalRevenue": 178340000000, "costOfRevenue": 83820000000, "grossProfit": 94520000000, "researchDevelopment": {}, "sellingGeneralAdministrative": 16600000000, "nonRecurring": {}, "otherOperatingExpenses": 20860000000, "totalOperatingExpenses": 122510000000, "operatingIncome": 55830000000, "totalOtherIncomeExpenseNet": -69220000000, "ebit": 55830000000, "interestExpense": -40360000000, "incomeBeforeTax": -13390000000, "incomeTaxExpense": 1220000000, "minorityInterest": 16970000000, "netIncomeFromContinuingOps": -14610000000, "discontinuedOperations": {}, "extraordinaryItems": {}, "effectOfAccountingCharges": {}, "otherItems": {}, "netIncome": -15130000000, "netIncomeApplicableToCommonShares": -15130000000}, {"maxAge": 1, "endDate": "2018-03-31", "totalRevenue": 167430000000, "costOfRevenue": 73510000000, "grossProfit": 93920000000, "researchDevelopment": {}, "sellingGeneralAdministrative": 14990000000, "nonRecurring": {}, "otherOperatingExpenses": 37750000000, "totalOperatingExpenses": 127190000000, "operatingIncome": 40240000000, "totalOtherIncomeExpenseNet": -81980000000, "ebit": 40240000000, "interestExpense": -37230000000, "incomeBeforeTax": -41740000000, "incomeTaxExpense": 3820000000, "minorityInterest": 16270000000, "netIncomeFromContinuingOps": -45560000000, "discontinuedOperations": {}, "extraordinaryItems": {}, "effectOfAccountingCharges": {}, "otherItems": {}, "netIncome": -46340000000, "netIncomeApplicableToCommonShares": -46340000000}, {"maxAge": 1, "endDate": "2017-03-31", "totalRevenue": 176157392811, "costOfRevenue": 94700659157, "grossProfit": 81456733654, "researchDevelopment": {}, "sellingGeneralAdministrative": 14930000000, "nonRecurring": {}, "otherOperatingExpenses": 20089340843, "totalOperatingExpenses": 130300000000, "operatingIncome": 45857392811, "totalOtherIncomeExpenseNet": -30447392811, "ebit": 45857392811, "interestExpense": -27220000000, "incomeBeforeTax": 15410000000, "incomeTaxExpense": 2930000000, "minorityInterest": 16310000000, "netIncomeFromContinuingOps": 12480000000, "discontinuedOperations": {}, "extraordinaryItems": {}, "effectOfAccountingCharges": {}, "otherItems": {}, "netIncome": 10860000000, "netIncomeApplicableToCommonShares": 10860000000}], "maxAge": 86400}, "fundOwnership": {"ownershipList": [{"maxAge": 1, "reportDate": "2020-08-31", "organization": "SPDR Portfolio Emerging Markets ETF", "pctHeld": 0.0038, "position": 948339, "value": 9341139}, {"maxAge": 1, "reportDate": "2020-06-30", "organization": "Mercer Emerging Markets Equity  Fd", "pctHeld": 0.0001, "position": 34104, "value": 433802}], "maxAge": 1}, "summaryDetail": {"maxAge": 1, "priceHint": 2, "previousClose": 9.84, "open": 9.97, "dayLow": 9.7, "dayHigh": 10.33, "regularMarketPreviousClose": 9.84, "regularMarketOpen": 9.97, "regularMarketDayLow": 9.7, "regularMarketDayHigh": 10.33, "forwardPE": 0.19198509, "volume": 1336346, "regularMarketVolume": 1336346, "averageVolume": 718398, "averageVolume10days": 178311, "averageDailyVolume10Day": 178311, "bid": 10.33, "ask": 0.0, "bidSize": 0, "askSize": 0, "marketCap": 2602902784, "fiftyTwoWeekLow": 3.7, "fiftyTwoWeekHigh": 14.71, "fiftyDayAverage": 11.567879, "twoHundredDayAverage": 9.858162, "trailingAnnualDividendRate": 11.0, "trailingAnnualDividendYield": 1.1178862, "currency": "INR", "fromCurrency": null, "lastMarket": null, "algorithm": null, "tradeable": false}, "sectorTrend": {"maxAge": 1, "symbol": null, "estimates": []}, "incomeStatementHistoryQuarterly": {"incomeStatementHistory": [{"maxAge": 1, "endDate": "2020-06-30", "totalRevenue": 33720000000, "costOfRevenue": 20730000000, "grossProfit": 12990000000, "researchDevelopment": {}, "sellingGeneralAdministrative": 3500000000, "nonRecurring": {}, "otherOperatingExpenses": 5780000000, "totalOperatingExpenses": 30240000000, "operatingIncome": 3480000000, "totalOtherIncomeExpenseNet": -13860000000, "ebit": 3480000000, "interestExpense": -7740000000, "incomeBeforeTax": -10380000000, "incomeTaxExpense": 570000000, "minorityInterest": {}, "netIncomeFromContinuingOps": -10950000000, "discontinuedOperations": {}, "extraordinaryItems": {}, "effectOfAccountingCharges": {}, "otherItems": {}, "netIncome": -11240000000, "netIncomeApplicableToCommonShares": -11240000000}, {"maxAge": 1, "endDate": "2020-03-31", "totalRevenue": 30410000000, "costOfRevenue": 250000000, "grossProfit": 30160000000, "researchDevelopment": {}, "sellingGeneralAdministrative": 4200000000, "nonRecurring": {}, "otherOperatingExpenses": 30240000000, "totalOperatingExpenses": 35200000000, "operatingIncome": -4790000000, "totalOtherIncomeExpenseNet": -16840000000, "ebit": -4790000000, "interestExpense": -3710000000, "incomeBeforeTax": -21630000000, "incomeTaxExpense": 160000000, "minorityInterest": 6210000000, "netIncomeFromContinuingOps": -21790000000, "discontinuedOperations": {}, "extraordinaryItems": {}, "effectOfAccountingCharges": {}, "otherItems": {}, "netIncome": -21240000000, "netIncomeApplicableToCommonShares": -21240000000}, {"maxAge": 1, "endDate": "2019-12-31", "totalRevenue": 39050000000, "costOfRevenue": 23190000000, "grossProfit": 15860000000, "researchDevelopment": {}, "sellingGeneralAdministrative": 4000000000, "nonRecurring": {}, "otherOperatingExpenses": 30240000000, "totalOperatingExpenses": 27440000000, "operatingIncome": 11610000000, "totalOtherIncomeExpenseNet": -12970000000, "ebit": 11610000000, "interestExpense": -10720000000, "incomeBeforeTax": -1360000000, "incomeTaxExpense": 90000000, "minorityInterest": 6210000000, "netIncomeFromContinuingOps": -1450000000, "discontinuedOperations": {}, "extraordinaryItems": {}, "effectOfAccountingCharges": {}, "otherItems": {}, "netIncome": -1350000000, "netIncomeApplicableToCommonShares": -1350000000}, {"maxAge": 1, "endDate": "2019-09-30", "totalRevenue": 36220000000, "costOfRevenue": 29110000000, "grossProfit": 7110000000, "researchDevelopment": {}, "sellingGeneralAdministrative": 3780000000, "nonRecurring": {}, "otherOperatingExpenses": 30240000000, "totalOperatingExpenses": 33130000000, "operatingIncome": 3090000000, "totalOtherIncomeExpenseNet": -4890000000, "ebit": 3090000000, "interestExpense": -10540000000, "incomeBeforeTax": -1800000000, "incomeTaxExpense": -880000000, "minorityInterest": 16040000000, "netIncomeFromContinuingOps": -920000000, "discontinuedOperations": {}, "extraordinaryItems": {}, "effectOfAccountingCharges": {}, "otherItems": {}, "netIncome": -510000000, "netIncomeApplicableToCommonShares": -510000000}], "maxAge": 86400}, "cashflowStatementHistoryQuarterly": {"cashflowStatements": [{"maxAge": 1, "endDate": "2020-06-30", "netIncome": -11240000000, "changeToLiabilities": 0}, {"maxAge": 1, "endDate": "2020-03-31", "netIncome": -21240000000, "changeToLiabilities": 0}, {"maxAge": 1, "endDate": "2019-12-31", "netIncome": -1350000000, "changeToLiabilities": 0}, {"maxAge": 1, "endDate": "2019-09-30", "netIncome": -510000000, "changeToLiabilities": 0}], "maxAge": 86400}, "insiderHolders": {"holders": [{"maxAge": 1, "name": "Ambani (Anil D)", "relation": "Non Executive Chairman", "url": "", "transactionDescription": "Gift", "latestTransDate": "2017-10-03", "positionDirectDate": "2017-10-03"}, {"maxAge": 1, "name": "Ambani (Jai Anmol Anil)", "relation": "Promoter", "url": "", "transactionDescription": "Gift", "latestTransDate": "2017-10-03", "positionDirect": 178692, "positionDirectDate": "2017-10-03"}, {"maxAge": 1, "name": "Ambani (Jai Anshul A)", "relation": "Promoter", "url": "", "transactionDescription": "Gift", "latestTransDate": "2017-10-03", "positionDirect": 178691, "positionDirectDate": "2017-10-03"}, {"maxAge": 1, "name": "Bapna (Amit)", "relation": "Chief Financial Officer", "url": "", "transactionDescription": "Other", "latestTransDate": "2017-09-04", "positionDirect": 8180, "positionDirectDate": "2017-09-04"}, {"maxAge": 1, "name": "Chitale (Rajendra P)", "relation": "Director", "url": "", "transactionDescription": "Sale", "latestTransDate": "2010-12-03", "positionDirect": 1200, "positionDirectDate": "2010-12-03"}, {"maxAge": 1, "name": "Janus Overseas Fund", "relation": "Investment Advisor", "url": "", "transactionDescription": "Sale", "latestTransDate": "2014-02-04", "positionDirect": 11379929, "positionDirectDate": "2014-02-04"}, {"maxAge": 1, "name": "REL Utility Engineers Ltd", "relation": "Promoter", "url": "", "transactionDescription": "Acquisition", "latestTransDate": "2019-10-18", "positionDirect": 80803079, "positionDirectDate": "2019-10-18"}, {"maxAge": 1, "name": "Tandon (Atul Kumar)", "relation": "Company Secretary", "url": "", "transactionDescription": "Other", "latestTransDate": "2017-09-04", "positionDirect": 1442, "positionDirectDate": "2017-09-04"}], "maxAge": 1}, "earnings": {"maxAge": 86400, "earningsChart": {"quarterly": [], "earningsDate": []}, "financialsChart": {"yearly": [{"date": 2017, "revenue": 176157392811, "earnings": 10860000000}, {"date": 2018, "revenue": 167430000000, "earnings": -46340000000}, {"date": 2019, "revenue": 178340000000, "earnings": -15130000000}, {"date": 2020, "revenue": 146780000000, "earnings": -10750000000}], "quarterly": [{"date": "3Q2019", "revenue": 36220000000, "earnings": -510000000}, {"date": "4Q2019", "revenue": 39050000000, "earnings": -1350000000}, {"date": "1Q2020", "revenue": 30410000000, "earnings": -21240000000}, {"date": "2Q2020", "revenue": 33720000000, "earnings": -11240000000}]}, "financialCurrency": "INR"}, "calendarEvents": {"maxAge": 1, "earnings": {"earningsDate": []}}, "upgradeDowngradeHistory": {"history": [], "maxAge": 86400}, "price": {"maxAge": 1, "regularMarketChangePercent": 0.04674797, "regularMarketChange": 0.46000004, "regularMarketTime": "2021-04-30 15:40:36", "priceHint": 2, "regularMarketPrice": 10.3, "regularMarketDayHigh": 10.33, "regularMarketDayLow": 9.7, "regularMarketVolume": 1336346, "averageDailyVolume10Day": 178311, "averageDailyVolume3Month": 718398, "regularMarketPreviousClose": 9.84, "regularMarketSource": "FREE_REALTIME", "regularMarketOpen": 9.97, "exchange": "BSE", "exchangeName": "BSE", "exchangeDataDelayedBy": 0, "marketState": "CLOSED", "quoteType": "EQUITY", "symbol": "RELCAPITAL.BO", "underlyingSymbol": null, "shortName": "RELIANCE CAPITAL LTD.", "longName": "Reliance Capital Limited", "currency": "INR", "quoteSourceName": "Delayed Quote", "currencySymbol": "\u20b9", "fromCurrency": null, "lastMarket": null, "marketCap": 2602902784}, "balanceSheetHistory": {"balanceSheetStatements": [{"maxAge": 1, "endDate": "2020-03-31", "cash": 4790000000, "shortTermInvestments": 1210000000, "netReceivables": 16950000000, "otherCurrentAssets": 69360000000, "totalCurrentAssets": 300970000000, "longTermInvestments": 138620000000, "propertyPlantEquipment": 2740000000, "goodWill": 51110000000, "intangibleAssets": 1030000000, "otherAssets": 153350000000, "deferredLongTermAssetCharges": 1790000000, "totalAssets": 647820000000, "accountsPayable": 18540000000, "shortLongTermDebt": 87620000000, "otherCurrentLiab": 8500000000, "longTermDebt": 163050000000, "otherLiab": 340470000000, "minorityInterest": 6210000000, "totalCurrentLiabilities": 160950000000, "totalLiab": 664550000000, "commonStock": 2520000000, "retainedEarnings": -60840000000, "treasuryStock": 1170000000, "capitalSurplus": 34210000000, "otherStockholderEquity": 1170000000, "totalStockholderEquity": -22940000000, "netTangibleAssets": -75080000000}, {"maxAge": 1, "endDate": "2019-03-31", "cash": 6880000000, "shortTermInvestments": 660000000, "netReceivables": 11860000000, "otherCurrentAssets": 73550000000, "totalCurrentAssets": 304100000000, "longTermInvestments": 116600000000, "propertyPlantEquipment": 3360000000, "goodWill": 51360000000, "intangibleAssets": 1150000000, "otherAssets": 363160000000, "deferredLongTermAssetCharges": 3170000000, "totalAssets": 839730000000, "accountsPayable": 10050000000, "otherCurrentLiab": 9950000000, "longTermDebt": 420100000000, "otherLiab": 331830000000, "minorityInterest": 16970000000, "totalCurrentLiabilities": 80320000000, "totalLiab": 832250000000, "commonStock": 2520000000, "retainedEarnings": -47960000000, "treasuryStock": 1740000000, "capitalSurplus": 34210000000, "otherStockholderEquity": 1740000000, "totalStockholderEquity": -9490000000, "netTangibleAssets": -62000000000}, {"maxAge": 1, "endDate": "2018-03-31", "cash": 42900000000, "shortTermInvestments": 960000000, "netReceivables": 12010000000, "inventory": 60000000, "otherCurrentAssets": 55180000000, "totalCurrentAssets": 349150000000, "longTermInvestments": 95760000000, "propertyPlantEquipment": 3490000000, "goodWill": 51360000000, "intangibleAssets": 970000000, "otherAssets": 331060000000, "deferredLongTermAssetCharges": 3950000000, "totalAssets": 831790000000, "accountsPayable": 12960000000, "otherCurrentLiab": 5040000000, "longTermDebt": 433120000000, "otherLiab": 307240000000, "minorityInterest": 16270000000, "totalCurrentLiabilities": 65030000000, "totalLiab": 805390000000, "commonStock": 2520000000, "retainedEarnings": -28190000000, "treasuryStock": 1600000000, "capitalSurplus": 34200000000, "otherStockholderEquity": 1600000000, "totalStockholderEquity": 10130000000, "netTangibleAssets": -42200000000}, {"maxAge": 1, "endDate": "2017-03-31", "cash": 35990000000, "shortTermInvestments": 46630000000, "netReceivables": 91410000000, "otherCurrentAssets": 33470000000, "totalCurrentAssets": 209690000000, "longTermInvestments": 299060000000, "propertyPlantEquipment": 2400000000, "goodWill": 52100000000, "intangibleAssets": 2980000000, "otherAssets": 259780000000, "deferredLongTermAssetCharges": 2020000000, "totalAssets": 826010000000, "accountsPayable": 62140000000, "shortLongTermDebt": 62020000000, "otherCurrentLiab": 18450000000, "longTermDebt": 269060000000, "otherLiab": 172550000000, "deferredLongTermLiab": 2190000000, "minorityInterest": 16310000000, "totalCurrentLiabilities": 214750000000, "totalLiab": 656360000000, "commonStock": 2520000000, "retainedEarnings": 107730000000, "treasuryStock": 2650000000, "capitalSurplus": 40440000000, "otherStockholderEquity": 2650000000, "totalStockholderEquity": 153340000000, "netTangibleAssets": 98260000000}], "maxAge": 86400}, "earningsTrend": {"trend": [{"maxAge": 1, "period": "0q", "endDate": null, "growth": {}, "earningsEstimate": {"avg": 0.0, "low": 0.0, "high": 0.0, "yearAgoEps": {}, "numberOfAnalysts": 0, "growth": {}}, "revenueEstimate": {"avg": 0, "low": 0, "high": 0, "numberOfAnalysts": 0, "yearAgoRevenue": {}, "growth": {}}, "epsTrend": {"current": 0.0, "7daysAgo": 0.0, "30daysAgo": 0.0, "60daysAgo": 0.0, "90daysAgo": 0.0}, "epsRevisions": {"upLast7days": 0, "upLast30days": 0, "downLast30days": 0, "downLast90days": {}}}, {"maxAge": 1, "period": "+1q", "endDate": null, "growth": {}, "earningsEstimate": {"avg": 0.0, "low": 0.0, "high": 0.0, "yearAgoEps": {}, "numberOfAnalysts": 0, "growth": {}}, "revenueEstimate": {"avg": 0, "low": 0, "high": 0, "numberOfAnalysts": 0, "yearAgoRevenue": {}, "growth": {}}, "epsTrend": {"current": 0.0, "7daysAgo": 0.0, "30daysAgo": 0.0, "60daysAgo": 0.0, "90daysAgo": 0.0}, "epsRevisions": {"upLast7days": 0, "upLast30days": 0, "downLast30days": 0, "downLast90days": {}}}, {"maxAge": 1, "period": "0y", "endDate": null, "growth": {}, "earningsEstimate": {"avg": 0.0, "low": 0.0, "high": 0.0, "yearAgoEps": {}, "numberOfAnalysts": 0, "growth": {}}, "revenueEstimate": {"avg": 0, "low": 0, "high": 0, "numberOfAnalysts": 0, "yearAgoRevenue": {}, "growth": {}}, "epsTrend": {"current": 0.0, "7daysAgo": 0.0, "30daysAgo": 0.0, "60daysAgo": 0.0, "90daysAgo": 0.0}, "epsRevisions": {"upLast7days": 0, "upLast30days": 0, "downLast30days": 0, "downLast90days": {}}}, {"maxAge": 1, "period": "+1y", "endDate": null, "growth": {}, "earningsEstimate": {"avg": 0.0, "low": 0.0, "high": 0.0, "yearAgoEps": {}, "numberOfAnalysts": 0, "growth": {}}, "revenueEstimate": {"avg": 0, "low": 0, "high": 0, "numberOfAnalysts": 0, "yearAgoRevenue": {}, "growth": {}}, "epsTrend": {"current": 0.0, "7daysAgo": 0.0, "30daysAgo": 0.0, "60daysAgo": 0.0, "90daysAgo": 0.0}, "epsRevisions": {"upLast7days": 0, "upLast30days": 0, "downLast30days": 0, "downLast90days": {}}}, {"maxAge": 1, "period": "+5y", "endDate": null, "growth": 0.1626, "earningsEstimate": {"avg": {}, "low": {}, "high": {}, "yearAgoEps": {}, "numberOfAnalysts": {}, "growth": {}}, "revenueEstimate": {"avg": {}, "low": {}, "high": {}, "numberOfAnalysts": {}, "yearAgoRevenue": {}, "growth": {}}, "epsTrend": {"current": {}, "7daysAgo": {}, "30daysAgo": {}, "60daysAgo": {}, "90daysAgo": {}}, "epsRevisions": {"upLast7days": {}, "upLast30days": {}, "downLast30days": {}, "downLast90days": {}}}, {"maxAge": 1, "period": "-5y", "endDate": null, "growth": 0.10041001, "earningsEstimate": {"avg": {}, "low": {}, "high": {}, "yearAgoEps": {}, "numberOfAnalysts": {}, "growth": {}}, "revenueEstimate": {"avg": {}, "low": {}, "high": {}, "numberOfAnalysts": {}, "yearAgoRevenue": {}, "growth": {}}, "epsTrend": {"current": {}, "7daysAgo": {}, "30daysAgo": {}, "60daysAgo": {}, "90daysAgo": {}}, "epsRevisions": {"upLast7days": {}, "upLast30days": {}, "downLast30days": {}, "downLast90days": {}}}], "maxAge": 1}, "financialData": {"maxAge": 86400, "currentPrice": 10.3, "targetHighPrice": 715.0, "targetLowPrice": 660.0, "targetMeanPrice": 687.5, "targetMedianPrice": 687.5, "recommendationMean": 1.5, "recommendationKey": "strong_buy", "numberOfAnalystOpinions": 2, "grossProfits": 71180000000, "financialCurrency": "INR"}}}