{"RELCAPITAL.NS": {"assetProfile": {"address1": "Reliance Centre", "address2": "6th Floor, North Wing Off Western Express Highway Santa Cruz East", "city": "Mumbai", "zip": "400055", "country": "India", "phone": "91 22 4303 6000", "fax": "91 22 4303 6664", "website": "http://www.reliancecapital.co.in", "industry": "Financial Conglomerates", "sector": "Financial Services", "longBusinessSummary": "Reliance Capital Limited, a non-banking financial company, primarily engages in lending and investing activities in India. It operates through Finance & Investment, General Insurance, Life Insurance, Commercial Finance, Home Finance, and Others segments. The company offers life, health, and general insurance products; brokerage and distribution services, including equities, commodities and derivatives, wealth management services, portfolio management services, and financial products; and commercial and home finance services, such affordable housing, mortgages, loans against property, SME loans, loans for vehicles, loans for construction equipment, business loans, infrastructure financing, and retail finance. It also provides asset reconstruction, and proprietary investments services, as well as other financial and allied services. The company was formerly known as Reliance Capital & Finance Trust Limited and changed its name to Reliance Capital Limited in January 1995. Reliance Capital Limited was founded in 1986 and is headquartered in Mumbai, India.", "fullTimeEmployees": 18360, "companyOfficers": [{"maxAge": 1, "name": "Mr. Dhananjay  Tiwari", "age": 51, "title": "CEO & Director", "yearBorn": 1969, "exercisedValue": 0, "unexercisedValue": 0}, {"maxAge": 1, "name": "Mr. Atul Kumar Tandon", "title": "Company Sec. & Compliance Officer", "exercisedValue": 0, "unexercisedValue": 0}, {"maxAge": 1, "name": "Mr. Aman  Gudral", "title": "Chief Financial Officer", "exercisedValue": 0, "unexercisedValue": 0}, {"maxAge": 1, "name": "Mr. Rakesh  Jain", "age": 50, "title": "Exec. Director & CEO of Reliance Gen. Insurance", "yearBorn": 1970, "exercisedValue": 0, "unexercisedValue": 0}, {"maxAge": 1, "name": "Mr. Lav Ramji Chaturvedi C.F.A., CFA", "age": 44, "title": "Exec. Director & CEO of Reliance Securities", "yearBorn": 1976, "exercisedValue": 0, "unexercisedValue": 0}, {"maxAge": 1, "name": "Mr. Ashish  Vohra", "age": 55, "title": "Exec. Director & CEO of Reliance Nippon Life Insurance", "yearBorn": 1965, "exercisedValue": 0, "unexercisedValue": 0}, {"maxAge": 1, "name": "Mr. Ravindra  Sudhalkar", "age": 52, "title": "Chief Exec. Officer of Reliance Home Fin.", "yearBorn": 1968, "exercisedValue": 0, "unexercisedValue": 0}, {"maxAge": 1, "name": "Mr. Mehul  Gandhi", "title": "Exec. Director & CEO of Reliance Asset Reconstruction Company Limited", "exercisedValue": 0, "unexercisedValue": 0}], "auditRisk": 8, "boardRisk": 6, "compensationRisk": 5, "shareHolderRightsRisk": 1, "overallRisk": 2, "governanceEpochDate": "2021-04-01 05:30:00", "maxAge": 86400}, "recommendationTrend": {"trend": [{"period": "0m", "strongBuy": 0, "buy": 0, "hold": 0, "sell": 0, "strongSell": 0}, {"period": "-1m", "strongBuy": 0, "buy": 0, "hold": 0, "sell": 0, "strongSell": 0}, {"period": "-2m", "strongBuy": 0, "buy": 0, "hold": 0, "sell": 0, "strongSell": 0}, {"period": "-3m", "strongBuy": 0, "buy": 0, "hold": 0, "sell": 0, "strongSell": 0}], "maxAge": 86400}, "cashflowStatementHistory": {"cashflowStatements": [{"maxAge": 1, "endDate": "2020-03-31", "netIncome": -10750000000, "depreciation": 610000000, "changeToNetincome": 11060000000, "changeToAccountReceivables": 154250000000, "changeToLiabilities": 630000000, "changeToOperatingActivities": -27090000000, "totalCashFromOperatingActivities": 130280000000, "investments": -30450000000, "otherCashflowsFromInvestingActivities": 30110000000, "totalCashflowsFromInvestingActivities": 60140000000, "netBorrowings": -192500000000, "totalCashFromFinancingActivities": -192500000000, "changeInCash": -2090000000}, {"maxAge": 1, "endDate": "2019-03-31", "netIncome": -15130000000, "depreciation": 500000000, "changeToNetincome": 35870000000, "changeToAccountReceivables": -35800000000, "changeToLiabilities": -31770000000, "changeToOperatingActivities": -40460000000, "totalCashFromOperatingActivities": -83520000000, "capitalExpenditures": -560000000, "investments": -30450000000, "otherCashflowsFromInvestingActivities": 24430000000, "totalCashflowsFromInvestingActivities": 51270000000, "dividendsPaid": -3450000000, "netBorrowings": 340000000, "otherCashflowsFromFinancingActivities": -670000000, "totalCashFromFinancingActivities": -3770000000, "changeInCash": -36020000000, "issuanceOfStock": 10000000}, {"maxAge": 1, "endDate": "2018-03-31", "netIncome": -46340000000, "depreciation": 640000000, "changeToNetincome": 63710000000, "changeToAccountReceivables": -96510000000, "changeToLiabilities": 49120000000, "changeToOperatingActivities": -35830000000, "totalCashFromOperatingActivities": -61230000000, "capitalExpenditures": -4070000000, "investments": -23170000000, "otherCashflowsFromInvestingActivities": 21180000000, "totalCashflowsFromInvestingActivities": -5800000000, "dividendsPaid": -2890000000, "netBorrowings": 77050000000, "otherCashflowsFromFinancingActivities": -250000000, "totalCashFromFinancingActivities": 74190000000, "changeInCash": 7160000000, "issuanceOfStock": 30000000}, {"maxAge": 1, "endDate": "2017-03-31", "netIncome": 10860000000, "depreciation": 1160000000, "changeToNetincome": 3430000000, "changeToAccountReceivables": -55340000000, "changeToLiabilities": 26020000000, "changeToInventory": 220000000, "changeToOperatingActivities": -26760000000, "totalCashFromOperatingActivities": -36230000000, "capitalExpenditures": -4740000000, "investments": -71430000000, "otherCashflowsFromInvestingActivities": 15250000000, "totalCashflowsFromInvestingActivities": -60590000000, "dividendsPaid": -3690000000, "netBorrowings": 109040000000, "otherCashflowsFromFinancingActivities": -250000000, "totalCashFromFinancingActivities": 105350000000, "changeInCash": 8530000000, "issuanceOfStock": 30000000}], "maxAge": 86400}, "indexTrend": {"maxAge": 1, "symbol": "SP5", "peRatio": 19.7411, "pegRatio": 1.34172, "estimates": [{"period": "0q", "growth": 0.549}, {"period": "+1q", "growth": 0.431}, {"period": "0y", "growth": 0.305}, {"period": "+1y", "growth": 0.109}, {"period": "+5y", "growth": 0.120865}, {"period": "-5y"}]}, "defaultKeyStatistics": {"maxAge": 1, "priceHint": 2, "enterpriseValue": 266696163328, "profitMargins": -0.71364, "floatShares": 240039370, "sharesOutstanding": 252708992, "heldPercentInsiders": 0.11943, "heldPercentInstitutions": 0.04259, "beta": 1.954773, "category": null, "bookValue": -225.767, "fundFamily": null, "legalType": null, "lastFiscalYearEnd": "2020-03-31 05:30:00", "nextFiscalYearEnd": "2022-03-31 05:30:00", "mostRecentQuarter": "2020-12-31 05:30:00", "netIncomeToCommon": -98640003072, "trailingEps": -416.146, "lastSplitFactor": null, "enterpriseToRevenue": 1.93, "enterpriseToEbitda": 122.619}, "industryTrend": {"maxAge": 1, "symbol": null, "estimates": []}, "quoteType": {"exchange": "NSI", "quoteType": "EQUITY", "symbol": "RELCAPITAL.NS", "underlyingSymbol": "RELCAPITAL.NS", "shortName": "RELIANCE CAPITAL", "longName": "Reliance Capital Limited", "firstTradeDateEpochUtc": "2002-08-12 09:15:00", "timeZoneFullName": "Asia/Kolkata", "timeZoneShortName": "IST", "uuid": "548784ba-d7b8-3d6b-8444-15840711cd83", "gmtOffSetMilliseconds": 19800000, "maxAge": 1}, "incomeStatementHistory": {"incomeStatementHistory": [{"maxAge": 1, "endDate": "2020-03-31", "totalRevenue": 146780000000, "costOfRevenue": 75600000000, "grossProfit": 71180000000, "researchDevelopment": {}, "sellingGeneralAdministrative": 16170000000, "nonRecurring": {}, "otherOperatingExpenses": 30240000000, "totalOperatingExpenses": 123240000000, "operatingIncome": 23540000000, "totalOtherIncomeExpenseNet": -35770000000, "ebit": 23540000000, "interestExpense": -36850000000, "incomeBeforeTax": -12230000000, "incomeTaxExpense": -240000000, "minorityInterest": 6210000000, "netIncomeFromContinuingOps": -11990000000, "discontinuedOperations": {}, "extraordinaryItems": {}, "effectOfAccountingCharges": {}, "otherItems": {}, "netIncome": -10750000000, "netIncomeApplicableToCommonShares": -10750000000}, {"maxAge": 1, "endDate": "2019-03-31", "totalRevenue": 178340000000, "costOfRevenue": 83820000000, "grossProfit": 94520000000, "researchDevelopment": {}, "sellingGeneralAdministrative": 16600000000, "nonRecurring": {}, "otherOperatingExpenses": 20860000000, "totalOperatingExpenses": 122510000000, "operatingIncome": 55830000000, "totalOtherIncomeExpenseNet": -69220000000, "ebit": 55830000000, "interestExpense": -40360000000, "incomeBeforeTax": -13390000000, "incomeTaxExpense": 1220000000, "minorityInterest": 16970000000, "netIncomeFromContinuingOps": -14610000000, "discontinuedOperations": {}, "extraordinaryItems": {}, "effectOfAccountingCharges": {}, "otherItems": {}, "netIncome": -15130000000, "netIncomeApplicableToCommonShares": -15130000000}, {"maxAge": 1, "endDate": "2018-03-31", "totalRevenue": 167430000000, "costOfRevenue": 73510000000, "grossProfit": 93920000000, "researchDevelopment": {}, "sellingGeneralAdministrative": 14990000000, "nonRecurring": {}, "otherOperatingExpenses": 37750000000, "totalOperatingExpenses": 127190000000, "operatingIncome": 40240000000, "totalOtherIncomeExpenseNet": -81980000000, "ebit": 40240000000, "interestExpense": -37230000000, "incomeBeforeTax": -41740000000, "incomeTaxExpense": 3820000000, "minorityInterest": 16270000000, "netIncomeFromContinuingOps": -45560000000, "discontinuedOperations": {}, "extraordinaryItems": {}, "effectOfAccountingCharges": {}, "otherItems": {}, "netIncome": -46340000000, "netIncomeApplicableToCommonShares": -46340000000}, {"maxAge": 1, "endDate": "2017-03-31", "totalRevenue": 176157392811, "costOfRevenue": 94700659157, "grossProfit": 81456733654, "researchDevelopment": {}, "sellingGeneralAdministrative": 14930000000, "nonRecurring": {}, "otherOperatingExpenses": 20089340843, "totalOperatingExpenses": 130300000000, "operatingIncome": 45857392811, "totalOtherIncomeExpenseNet": -30447392811, "ebit": 45857392811, "interestExpense": -27220000000, "incomeBeforeTax": 15410000000, "incomeTaxExpense": 2930000000, "minorityInterest": 16310000000, "netIncomeFromContinuingOps": 12480000000, "discontinuedOperations": {}, "extraordinaryItems": {}, "effectOfAccountingCharges": {}, "otherItems": {}, "netIncome": 10860000000, "netIncomeApplicableToCommonShares": 10860000000}], "maxAge": 86400}, "fundOwnership": {"ownershipList": [{"maxAge": 1, "reportDate": "2021-03-31", "organization": "SPDR Portfolio Emerging Markets ETF", "pctHeld": 0.004, "position": 1022662, "value": 10993616}, {"maxAge": 1, "reportDate": "2020-12-31", "organization": "Mercer Emerging Markets Equity  Fd", "pctHeld": 0.0001, "position": 34104, "value": 409248}], "maxAge": 1}, "summaryDetail": {"maxAge": 1, "priceHint": 2, "previousClose": 9.85, "open": 9.85, "dayLow": 9.6, "dayHigh": 10.3, "regularMarketPreviousClose": 9.85, "regularMarketOpen": 9.85, "regularMarketDayLow": 9.6, "regularMarketDayHigh": 10.3, "exDividendDate": "2018-09-12 05:30:00", "payoutRatio": 0.0, "beta": 1.954773, "volume": 3739480, "regularMarketVolume": 3739480, "averageVolume": 2429290, "averageVolume10days": 1503383, "averageDailyVolume10Day": 1503383, "bid": 0.0, "ask": 0.0, "bidSize": 0, "askSize": 0, "marketCap": 2587632896, "fiftyTwoWeekLow": 4.25, "fiftyTwoWeekHigh": 14.35, "priceToSalesTrailing12Months": 0.018721119, "fiftyDayAverage": 11.017647, "twoHundredDayAverage": 10.092553, "trailingAnnualDividendRate": 11.0, "trailingAnnualDividendYield": 1.1167512, "currency": "INR", "fromCurrency": null, "lastMarket": null, "algorithm": null, "tradeable": false}, "insiderHolders": {"holders": [{"maxAge": 1, "name": "Ambani (Anil D)", "relation": "Non Executive Chairman", "url": "", "transactionDescription": "Gift", "latestTransDate": "2017-10-03", "positionDirectDate": "2017-10-03"}, {"maxAge": 1, "name": "Ambani (Jai Anmol Anil)", "relation": "Promoter", "url": "", "transactionDescription": "Gift", "latestTransDate": "2017-10-03", "positionDirect": 178692, "positionDirectDate": "2017-10-03"}, {"maxAge": 1, "name": "Ambani (Jai Anshul A)", "relation": "Promoter", "url": "", "transactionDescription": "Gift", "latestTransDate": "2017-10-03", "positionDirect": 178691, "positionDirectDate": "2017-10-03"}, {"maxAge": 1, "name": "Bapna (Amit)", "relation": "Chief Financial Officer", "url": "", "transactionDescription": "Other", "latestTransDate": "2017-09-04", "positionDirect": 8180, "positionDirectDate": "2017-09-04"}, {"maxAge": 1, "name": "Chitale (Rajendra P)", "relation": "Director", "url": "", "transactionDescription": "Sale", "latestTransDate": "2010-12-03", "positionDirect": 0, "positionDirectDate": "2010-12-03"}, {"maxAge": 1, "name": "IDBI Bank Ltd", "relation": "Promoter", "url": "", "transactionDescription": "Sale", "latestTransDate": "2020-01-08", "positionDirect": 0, "positionDirectDate": "2020-01-08"}, {"maxAge": 1, "name": "Janus Overseas Fund", "relation": "Investment Advisor", "url": "", "transactionDescription": "Sale", "latestTransDate": "2014-02-04", "positionDirect": 11379929, "positionDirectDate": "2014-02-04"}, {"maxAge": 1, "name": "REL Utility Engineers Ltd", "relation": "Promoter", "url": "", "transactionDescription": "Acquisition", "latestTransDate": "2019-10-18", "positionDirect": 80803079, "positionDirectDate": "2019-10-18"}, {"maxAge": 1, "name": "Tandon (Atul Kumar)", "relation": "Company Secretary", "url": "", "transactionDescription": "Other", "latestTransDate": "2017-09-04", "positionDirect": 1442, "positionDirectDate": "2017-09-04"}], "maxAge": 1}, "calendarEvents": {"maxAge": 1, "earnings": {"earningsDate": []}, "exDividendDate": "2018-09-12 05:30:00"}, "upgradeDowngradeHistory": {"history": [], "maxAge": 86400}, "price": {"maxAge": 1, "regularMarketChangePercent": 0.0406091, "regularMarketChange": 0.39999962, "regularMarketTime": "2021-04-30 15:29:52", "priceHint": 2, "regularMarketPrice": 10.25, "regularMarketDayHigh": 10.3, "regularMarketDayLow": 9.6, "regularMarketVolume": 3739480, "averageDailyVolume10Day": 1503383, "averageDailyVolume3Month": 2429290, "regularMarketPreviousClose": 9.85, "regularMarketSource": "FREE_REALTIME", "regularMarketOpen": 9.85, "exchange": "NSI", "exchangeName": "NSE", "exchangeDataDelayedBy": 15, "marketState": "CLOSED", "quoteType": "EQUITY", "symbol": "RELCAPITAL.NS", "underlyingSymbol": null, "shortName": "RELIANCE CAPITAL", "longName": "Reliance Capital Limited", "currency": "INR", "quoteSourceName": "Delayed Quote", "currencySymbol": "\u20b9", "fromCurrency": null, "lastMarket": null, "marketCap": 2587632896}, "balanceSheetHistory": {"balanceSheetStatements": [{"maxAge": 1, "endDate": "2020-03-31", "cash": 4790000000, "shortTermInvestments": 1210000000, "netReceivables": 16950000000, "otherCurrentAssets": 69360000000, "totalCurrentAssets": 300970000000, "longTermInvestments": 138620000000, "propertyPlantEquipment": 2740000000, "goodWill": 51110000000, "intangibleAssets": 1030000000, "otherAssets": 153350000000, "deferredLongTermAssetCharges": 1790000000, "totalAssets": 647820000000, "accountsPayable": 18540000000, "shortLongTermDebt": 87620000000, "otherCurrentLiab": 8500000000, "longTermDebt": 163050000000, "otherLiab": 340470000000, "minorityInterest": 6210000000, "totalCurrentLiabilities": 160950000000, "totalLiab": 664550000000, "commonStock": 2520000000, "retainedEarnings": -60840000000, "treasuryStock": 1170000000, "capitalSurplus": 34210000000, "otherStockholderEquity": 1170000000, "totalStockholderEquity": -22940000000, "netTangibleAssets": -75080000000}, {"maxAge": 1, "endDate": "2019-03-31", "cash": 6880000000, "shortTermInvestments": 660000000, "netReceivables": 11860000000, "otherCurrentAssets": 73550000000, "totalCurrentAssets": 304100000000, "longTermInvestments": 116600000000, "propertyPlantEquipment": 3360000000, "goodWill": 51360000000, "intangibleAssets": 1150000000, "otherAssets": 363160000000, "deferredLongTermAssetCharges": 3170000000, "totalAssets": 839730000000, "accountsPayable": 10050000000, "otherCurrentLiab": 9950000000, "longTermDebt": 420100000000, "otherLiab": 331830000000, "minorityInterest": 16970000000, "totalCurrentLiabilities": 80320000000, "totalLiab": 832250000000, "commonStock": 2520000000, "retainedEarnings": -47960000000, "treasuryStock": 1740000000, "capitalSurplus": 34210000000, "otherStockholderEquity": 1740000000, "totalStockholderEquity": -9490000000, "netTangibleAssets": -62000000000}, {"maxAge": 1, "endDate": "2018-03-31", "cash": 42900000000, "shortTermInvestments": 960000000, "netReceivables": 12010000000, "inventory": 60000000, "otherCurrentAssets": 55180000000, "totalCurrentAssets": 349150000000, "longTermInvestments": 95760000000, "propertyPlantEquipment": 3490000000, "goodWill": 51360000000, "intangibleAssets": 970000000, "otherAssets": 331060000000, "deferredLongTermAssetCharges": 3950000000, "totalAssets": 831790000000, "accountsPayable": 12960000000, "otherCurrentLiab": 5040000000, "longTermDebt": 433120000000, "otherLiab": 307240000000, "minorityInterest": 16270000000, "totalCurrentLiabilities": 65030000000, "totalLiab": 805390000000, "commonStock": 2520000000, "retainedEarnings": -28190000000, "treasuryStock": 1600000000, "capitalSurplus": 34200000000, "otherStockholderEquity": 1600000000, "totalStockholderEquity": 10130000000, "netTangibleAssets": -42200000000}, {"maxAge": 1, "endDate": "2017-03-31", "cash": 35990000000, "shortTermInvestments": 46630000000, "netReceivables": 91410000000, "otherCurrentAssets": 33470000000, "totalCurrentAssets": 209690000000, "longTermInvestments": 299060000000, "propertyPlantEquipment": 2400000000, "goodWill": 52100000000, "intangibleAssets": 2980000000, "otherAssets": 259780000000, "deferredLongTermAssetCharges": 2020000000, "totalAssets": 826010000000, "accountsPayable": 62140000000, "shortLongTermDebt": 62020000000, "otherCurrentLiab": 18450000000, "longTermDebt": 269060000000, "otherLiab": 172550000000, "deferredLongTermLiab": 2190000000, "minorityInterest": 16310000000, "totalCurrentLiabilities": 214750000000, "totalLiab": 656360000000, "commonStock": 2520000000, "retainedEarnings": 107730000000, "treasuryStock": 2650000000, "capitalSurplus": 40440000000, "otherStockholderEquity": 2650000000, "totalStockholderEquity": 153340000000, "netTangibleAssets": 98260000000}], "maxAge": 86400}, "earningsTrend": {"trend": [{"maxAge": 1, "period": "0q", "endDate": null, "growth": {}, "earningsEstimate": {"avg": 0.0, "low": 0.0, "high": 0.0, "yearAgoEps": {}, "numberOfAnalysts": 0, "growth": {}}, "revenueEstimate": {"avg": 0, "low": 0, "high": 0, "numberOfAnalysts": 0, "yearAgoRevenue": {}, "growth": {}}, "epsTrend": {"current": 0.0, "7daysAgo": 0.0, "30daysAgo": 0.0, "60daysAgo": 0.0, "90daysAgo": 0.0}, "epsRevisions": {"upLast7days": 0, "upLast30days": 0, "downLast30days": 0, "downLast90days": {}}}, {"maxAge": 1, "period": "+1q", "endDate": null, "growth": {}, "earningsEstimate": {"avg": 0.0, "low": 0.0, "high": 0.0, "yearAgoEps": {}, "numberOfAnalysts": 0, "growth": {}}, "revenueEstimate": {"avg": 0, "low": 0, "high": 0, "numberOfAnalysts": 0, "yearAgoRevenue": {}, "growth": {}}, "epsTrend": {"current": 0.0, "7daysAgo": 0.0, "30daysAgo": 0.0, "60daysAgo": 0.0, "90daysAgo": 0.0}, "epsRevisions": {"upLast7days": 0, "upLast30days": 0, "downLast30days": 0, "downLast90days": {}}}, {"maxAge": 1, "period": "0y", "endDate": null, "growth": {}, "earningsEstimate": {"avg": 0.0, "low": 0.0, "high": 0.0, "yearAgoEps": {}, "numberOfAnalysts": 0, "growth": {}}, "revenueEstimate": {"avg": 0, "low": 0, "high": 0, "numberOfAnalysts": 0, "yearAgoRevenue": {}, "growth": {}}, "epsTrend": {"current": 0.0, "7daysAgo": 0.0, "30daysAgo": 0.0, "60daysAgo": 0.0, "90daysAgo": 0.0}, "epsRevisions": {"upLast7days": 0, "upLast30days": 0, "downLast30days": 0, "downLast90days": {}}}, {"maxAge": 1, "period": "+1y", "endDate": null, "growth": {}, "earningsEstimate": {"avg": 0.0, "low": 0.0, "high": 0.0, "yearAgoEps": {}, "numberOfAnalysts": 0, "growth": {}}, "revenueEstimate": {"avg": 0, "low": 0, "high": 0, "numberOfAnalysts": 0, "yearAgoRevenue": {}, "growth": {}}, "epsTrend": {"current": 0.0, "7daysAgo": 0.0, "30daysAgo": 0.0, "60daysAgo": 0.0, "90daysAgo": 0.0}, "epsRevisions": {"upLast7days": 0, "upLast30days": 0, "downLast30days": 0, "downLast90days": {}}}, {"maxAge": 1, "period": "+5y", "endDate": null, "growth": 0.1626, "earningsEstimate": {"avg": {}, "low": {}, "high": {}, "yearAgoEps": {}, "numberOfAnalysts": {}, "growth": {}}, "revenueEstimate": {"avg": {}, "low": {}, "high": {}, "numberOfAnalysts": {}, "yearAgoRevenue": {}, "growth": {}}, "epsTrend": {"current": {}, "7daysAgo": {}, "30daysAgo": {}, "60daysAgo": {}, "90daysAgo": {}}, "epsRevisions": {"upLast7days": {}, "upLast30days": {}, "downLast30days": {}, "downLast90days": {}}}, {"maxAge": 1, "period": "-5y", "endDate": null, "growth": {}, "earningsEstimate": {"avg": {}, "low": {}, "high": {}, "yearAgoEps": {}, "numberOfAnalysts": {}, "growth": {}}, "revenueEstimate": {"avg": {}, "low": {}, "high": {}, "numberOfAnalysts": {}, "yearAgoRevenue": {}, "growth": {}}, "epsTrend": {"current": {}, "7daysAgo": {}, "30daysAgo": {}, "60daysAgo": {}, "90daysAgo": {}}, "epsRevisions": {"upLast7days": {}, "upLast30days": {}, "downLast30days": {}, "downLast90days": {}}}], "maxAge": 1}, "institutionOwnership": {"ownershipList": [], "maxAge": 1}, "majorHoldersBreakdown": {"maxAge": 1, "insidersPercentHeld": 0.11943, "institutionsPercentHeld": 0.04259, "institutionsFloatPercentHeld": 0.04837, "institutionsCount": 7}, "balanceSheetHistoryQuarterly": {"balanceSheetStatements": [{"maxAge": 1, "endDate": "2020-12-31", "totalStockholderEquity": -57140000000, "netTangibleAssets": -109230000000}, {"maxAge": 1, "endDate": "2020-09-30", "cash": 11170000000, "netReceivables": 20550000000, "inventory": 100000000, "otherCurrentAssets": 1070000000, "totalCurrentAssets": 32890000000, "longTermInvestments": 450570000000, "propertyPlantEquipment": 2980000000, "goodWill": 51110000000, "intangibleAssets": 980000000, "otherAssets": 135510000000, "deferredLongTermAssetCharges": 610000000, "totalAssets": 674040000000, "accountsPayable": 25380000000, "otherCurrentLiab": 100000000, "longTermDebt": 268650000000, "otherLiab": 430340000000, "minorityInterest": 6710000000, "totalCurrentLiabilities": 25480000000, "totalLiab": 724470000000, "commonStock": 2530000000, "treasuryStock": -59670000000, "otherStockholderEquity": -59670000000, "totalStockholderEquity": -57140000000, "netTangibleAssets": -109230000000}, {"maxAge": 1, "endDate": "2020-06-30", "totalStockholderEquity": -22940000000, "netTangibleAssets": -75080000000}, {"maxAge": 1, "endDate": "2020-03-31", "cash": 4790000000, "shortTermInvestments": 1210000000, "netReceivables": 16950000000, "otherCurrentAssets": 69360000000, "totalCurrentAssets": 300970000000, "longTermInvestments": 138620000000, "propertyPlantEquipment": 2740000000, "goodWill": 51110000000, "intangibleAssets": 1030000000, "otherAssets": 153350000000, "deferredLongTermAssetCharges": 1790000000, "totalAssets": 647820000000, "accountsPayable": 18540000000, "shortLongTermDebt": 87620000000, "otherCurrentLiab": 8500000000, "longTermDebt": 163050000000, "otherLiab": 340470000000, "minorityInterest": 6210000000, "totalCurrentLiabilities": 160950000000, "totalLiab": 664550000000, "commonStock": 2520000000, "retainedEarnings": -60840000000, "treasuryStock": 1170000000, "capitalSurplus": 34210000000, "otherStockholderEquity": 1170000000, "totalStockholderEquity": -22940000000, "netTangibleAssets": -75080000000}], "maxAge": 86400}, "earningsHistory": {"history": [{"maxAge": 1, "epsActual": {}, "epsEstimate": {}, "epsDifference": {}, "surprisePercent": {}, "quarter": {}, "period": "-4q"}, {"maxAge": 1, "epsActual": {}, "epsEstimate": {}, "epsDifference": {}, "surprisePercent": {}, "quarter": {}, "period": "-3q"}, {"maxAge": 1, "epsActual": {}, "epsEstimate": {}, "epsDifference": {}, "surprisePercent": {}, "quarter": {}, "period": "-2q"}, {"maxAge": 1, "epsActual": {}, "epsEstimate": {}, "epsDifference": {}, "surprisePercent": {}, "quarter": {}, "period": "-1q"}], "maxAge": 86400}, "summaryProfile": {"address1": "Reliance Centre", "address2": "6th Floor, North Wing Off Western Express Highway Santa Cruz East", "city": "Mumbai", "zip": "400055", "country": "India", "phone": "91 22 4303 6000", "fax": "91 22 4303 6664", "website": "http://www.reliancecapital.co.in", "industry": "Financial Conglomerates", "sector": "Financial Services", "longBusinessSummary": "Reliance Capital Limited, a non-banking financial company, primarily engages in lending and investing activities in India. It operates through Finance & Investment, General Insurance, Life Insurance, Commercial Finance, Home Finance, and Others segments. The company offers life, health, and general insurance products; brokerage and distribution services, including equities, commodities and derivatives, wealth management services, portfolio management services, and financial products; and commercial and home finance services, such affordable housing, mortgages, loans against property, SME loans, loans for vehicles, loans for construction equipment, business loans, infrastructure financing, and retail finance. It also provides asset reconstruction, and proprietary investments services, as well as other financial and allied services. The company was formerly known as Reliance Capital & Finance Trust Limited and changed its name to Reliance Capital Limited in January 1995. Reliance Capital Limited was founded in 1986 and is headquartered in Mumbai, India.", "fullTimeEmployees": 18360, "companyOfficers": [], "maxAge": 86400}, "netSharePurchaseActivity": {"maxAge": 1, "period": "6m", "buyInfoCount": 0, "buyInfoShares": 0, "sellInfoCount": 0, "netInfoCount": 0, "netInfoShares": 0, "netPercentInsiderShares": 0.0, "totalInsiderShares": 30386888}, "insiderTransactions": {"transactions": [{"maxAge": 1, "shares": 10000000, "filerUrl": "", "transactionText": "", "filerName": "IDBI Bank Ltd", "filerRelation": "Promoter", "moneyText": "", "startDate": "2020-01-08", "ownership": "D"}, {"maxAge": 1, "shares": 126873, "filerUrl": "", "transactionText": "", "filerName": "REL Utility Engineers Ltd", "filerRelation": "Promoter", "moneyText": "", "startDate": "2019-10-18", "ownership": "D"}, {"maxAge": 1, "shares": 178686, "filerUrl": "", "transactionText": "", "filerName": "Ambani (Jai Anshul A)", "filerRelation": "Promoter", "moneyText": "", "startDate": "2017-10-03", "ownership": "D"}, {"maxAge": 1, "shares": 95205, "filerUrl": "", "transactionText": "", "filerName": "Ambani (Jai Anmol Anil)", "filerRelation": "Promoter", "moneyText": "", "startDate": "2017-10-03", "ownership": "D"}, {"maxAge": 1, "shares": 273891, "filerUrl": "", "transactionText": "", "filerName": "Ambani (Anil D)", "filerRelation": "Non Executive Chairman", "moneyText": "", "startDate": "2017-10-03", "ownership": "D"}, {"maxAge": 1, "shares": 8180, "filerUrl": "", "transactionText": "", "filerName": "Bapna (Amit)", "filerRelation": "Chief Financial Officer", "moneyText": "", "startDate": "2017-09-04", "ownership": "D"}, {"maxAge": 1, "shares": 1440, "filerUrl": "", "transactionText": "", "filerName": "Tandon (Atul Kumar)", "filerRelation": "Company Secretary", "moneyText": "", "startDate": "2017-09-04", "ownership": "D"}, {"maxAge": 1, "shares": 1000000, "filerUrl": "", "transactionText": "", "filerName": "Janus Overseas Fund", "filerRelation": "Investment Advisor", "moneyText": "", "startDate": "2014-02-04", "ownership": "D"}, {"maxAge": 1, "shares": 1200, "filerUrl": "", "transactionText": "", "filerName": "Chitale (Rajendra P)", "filerRelation": "Director", "moneyText": "", "startDate": "2010-12-03", "ownership": "D"}, {"maxAge": 1, "shares": 1400, "filerUrl": "", "transactionText": "", "filerName": "Chitale (Rajendra P)", "filerRelation": "Director", "moneyText": "", "startDate": "2010-12-03", "ownership": "D"}, {"maxAge": 1, "shares": 2600, "filerUrl": "", "transactionText": "", "filerName": "Chitale (Rajendra P)", "filerRelation": "Director", "moneyText": "", "startDate": "2010-12-03", "ownership": "D"}, {"maxAge": 1, "shares": 1500, "filerUrl": "", "transactionText": "", "filerName": "Chitale (Rajendra P)", "filerRelation": "Director", "moneyText": "", "startDate": "2010-12-01", "ownership": "D"}, {"maxAge": 1, "shares": 1500, "filerUrl": "", "transactionText": "", "filerName": "Chitale (Rajendra P)", "filerRelation": "Director", "moneyText": "", "startDate": "2010-11-30", "ownership": "D"}, {"maxAge": 1, "shares": 1500, "filerUrl": "", "transactionText": "", "filerName": "Chitale (Rajendra P)", "filerRelation": "Director", "moneyText": "", "startDate": "2010-11-29", "ownership": "D"}, {"maxAge": 1, "shares": 1400, "filerUrl": "", "transactionText": "", "filerName": "Chitale (Rajendra P)", "filerRelation": "Director", "moneyText": "", "startDate": "2010-11-22", "ownership": "D"}], "maxAge": 1}, "sectorTrend": {"maxAge": 1, "symbol": null, "estimates": []}, "incomeStatementHistoryQuarterly": {"incomeStatementHistory": [{"maxAge": 1, "endDate": "2020-12-31", "totalRevenue": 40640000000, "costOfRevenue": 28710000000, "grossProfit": 11930000000, "researchDevelopment": {}, "sellingGeneralAdministrative": 3590000000, "nonRecurring": {}, "otherOperatingExpenses": 6400000000, "totalOperatingExpenses": 38990000000, "operatingIncome": 1650000000, "totalOtherIncomeExpenseNet": -40940000000, "ebit": 1650000000, "interestExpense": -7050000000, "incomeBeforeTax": -39290000000, "incomeTaxExpense": 370000000, "minorityInterest": {}, "netIncomeFromContinuingOps": -39660000000, "discontinuedOperations": {}, "extraordinaryItems": {}, "effectOfAccountingCharges": {}, "otherItems": {}, "netIncome": -40180000000, "netIncomeApplicableToCommonShares": -40180000000}, {"maxAge": 1, "endDate": "2020-09-30", "totalRevenue": 33700000000, "costOfRevenue": 23540000000, "grossProfit": 10160000000, "researchDevelopment": {}, "sellingGeneralAdministrative": 3050000000, "nonRecurring": {}, "otherOperatingExpenses": 5380000000, "totalOperatingExpenses": 32220000000, "operatingIncome": 1480000000, "totalOtherIncomeExpenseNet": -26820000000, "ebit": 1480000000, "interestExpense": -6740000000, "incomeBeforeTax": -25340000000, "incomeTaxExpense": 430000000, "minorityInterest": 6710000000, "netIncomeFromContinuingOps": -25770000000, "discontinuedOperations": {}, "extraordinaryItems": {}, "effectOfAccountingCharges": {}, "otherItems": {}, "netIncome": -25980000000, "netIncomeApplicableToCommonShares": -25980000000}, {"maxAge": 1, "endDate": "2020-06-30", "totalRevenue": 33720000000, "costOfRevenue": 20730000000, "grossProfit": 12990000000, "researchDevelopment": {}, "sellingGeneralAdministrative": 3500000000, "nonRecurring": {}, "otherOperatingExpenses": 5780000000, "totalOperatingExpenses": 30240000000, "operatingIncome": 3480000000, "totalOtherIncomeExpenseNet": -13860000000, "ebit": 3480000000, "interestExpense": -7740000000, "incomeBeforeTax": -10380000000, "incomeTaxExpense": 570000000, "minorityInterest": 6710000000, "netIncomeFromContinuingOps": -10950000000, "discontinuedOperations": {}, "extraordinaryItems": {}, "effectOfAccountingCharges": {}, "otherItems": {}, "netIncome": -11240000000, "netIncomeApplicableToCommonShares": -11240000000}, {"maxAge": 1, "endDate": "2020-03-31", "totalRevenue": 30160000000, "costOfRevenue": 16000000000, "grossProfit": 14160000000, "researchDevelopment": {}, "sellingGeneralAdministrative": 4200000000, "nonRecurring": {}, "otherOperatingExpenses": 14490000000, "totalOperatingExpenses": 35200000000, "operatingIncome": -5040000000, "totalOtherIncomeExpenseNet": -16590000000, "ebit": -5040000000, "interestExpense": -3710000000, "incomeBeforeTax": -21630000000, "incomeTaxExpense": 160000000, "minorityInterest": 6210000000, "netIncomeFromContinuingOps": -21790000000, "discontinuedOperations": {}, "extraordinaryItems": {}, "effectOfAccountingCharges": {}, "otherItems": {}, "netIncome": -21240000000, "netIncomeApplicableToCommonShares": -21240000000}], "maxAge": 86400}, "cashflowStatementHistoryQuarterly": {"cashflowStatements": [{"maxAge": 1, "endDate": "2020-12-31", "netIncome": -40180000000, "changeToLiabilities": 0}, {"maxAge": 1, "endDate": "2020-09-30", "netIncome": -25980000000, "changeToLiabilities": 0}, {"maxAge": 1, "endDate": "2020-06-30", "netIncome": -11240000000, "changeToLiabilities": 0}, {"maxAge": 1, "endDate": "2020-03-31", "netIncome": -21240000000, "changeToLiabilities": 0}], "maxAge": 86400}, "earnings": {"maxAge": 86400, "earningsChart": {"quarterly": [], "earningsDate": []}, "financialsChart": {"yearly": [{"date": 2017, "revenue": 176157392811, "earnings": 10860000000}, {"date": 2018, "revenue": 167430000000, "earnings": -46340000000}, {"date": 2019, "revenue": 178340000000, "earnings": -15130000000}, {"date": 2020, "revenue": 146780000000, "earnings": -10750000000}], "quarterly": [{"date": "1Q2020", "revenue": 30160000000, "earnings": -21240000000}, {"date": "2Q2020", "revenue": 33720000000, "earnings": -11240000000}, {"date": "3Q2020", "revenue": 33700000000, "earnings": -25980000000}, {"date": "4Q2020", "revenue": 40640000000, "earnings": -40180000000}]}, "financialCurrency": "INR"}, "financialData": {"maxAge": 86400, "currentPrice": 10.25, "targetHighPrice": 715.0, "targetLowPrice": 525.0, "targetMeanPrice": 620.0, "targetMedianPrice": 620.0, "recommendationKey": "none", "numberOfAnalystOpinions": 2, "totalCash": 11169999872, "totalCashPerShare": 43.902, "ebitda": 2175000064, "totalDebt": 268650004480, "totalRevenue": 138219995136, "revenuePerShare": 575.828, "grossProfits": 71180000000, "revenueGrowth": 0.038, "grossMargins": 0.35624, "ebitdaMargins": 0.01574, "operatingMargins": 0.011360001, "profitMargins": -0.71364, "financialCurrency": "INR"}}}