{"RELINFRA.BO": {"recommendationTrend": {"trend": [{"period": "0m", "strongBuy": 0, "buy": 0, "hold": 0, "sell": 0, "strongSell": 0}, {"period": "-1m", "strongBuy": 0, "buy": 0, "hold": 0, "sell": 0, "strongSell": 0}, {"period": "-2m", "strongBuy": 0, "buy": 0, "hold": 0, "sell": 0, "strongSell": 0}, {"period": "-3m", "strongBuy": 0, "buy": 0, "hold": 0, "sell": 0, "strongSell": 0}], "maxAge": 86400}, "cashflowStatementHistory": {"cashflowStatements": [{"maxAge": 1, "endDate": "2020-03-31", "netIncome": 7711700000, "depreciation": 13801700000, "changeToNetincome": 33645000000, "changeToLiabilities": 0, "changeToInventory": -44600000, "changeToOperatingActivities": -26429600000, "totalCashFromOperatingActivities": 28748200000, "capitalExpenditures": -10286900000, "investments": -2337700000, "otherCashflowsFromInvestingActivities": 7473800000, "totalCashflowsFromInvestingActivities": -7944500000, "dividendsPaid": -196500000, "netBorrowings": -3519000000, "otherCashflowsFromFinancingActivities": -16074700000, "totalCashFromFinancingActivities": -19790200000, "changeInCash": 1013500000}, {"maxAge": 1, "endDate": "2019-03-31", "netIncome": -24268200000, "depreciation": 12847900000, "changeToNetincome": 70197800000, "changeToLiabilities": 0, "changeToInventory": 178600000, "changeToOperatingActivities": -52185800000, "totalCashFromOperatingActivities": 6840800000, "capitalExpenditures": -9304100000, "investments": 7909900000, "otherCashflowsFromInvestingActivities": 9463400000, "totalCashflowsFromInvestingActivities": 27591800000, "dividendsPaid": -2796600000, "netBorrowings": 18735700000, "otherCashflowsFromFinancingActivities": -49279900000, "totalCashFromFinancingActivities": -33340800000, "changeInCash": 1091800000}, {"maxAge": 1, "endDate": "2018-03-31", "netIncome": 12555000000, "depreciation": 12447900000, "changeToNetincome": 52131300000, "changeToLiabilities": 0, "changeToInventory": 428400000, "changeToOperatingActivities": 3892500000, "totalCashFromOperatingActivities": 81532200000, "capitalExpenditures": -9339600000, "investments": -6282700000, "otherCashflowsFromInvestingActivities": -20743200000, "totalCashflowsFromInvestingActivities": -7864900000, "dividendsPaid": -2962100000, "netBorrowings": -44089800000, "otherCashflowsFromFinancingActivities": -27231300000, "totalCashFromFinancingActivities": -74283200000, "effectOfExchangeRate": -100000, "changeInCash": -801600000}, {"maxAge": 1, "endDate": "2017-03-31", "netIncome": 14251800000, "depreciation": 16805900000, "changeToNetincome": 35275200000, "changeToLiabilities": 0, "changeToInventory": 1418700000, "changeToOperatingActivities": 18954200000, "totalCashFromOperatingActivities": 86782000000, "capitalExpenditures": -11293200000, "investments": 1032600000, "otherCashflowsFromInvestingActivities": 2102700000, "totalCashflowsFromInvestingActivities": -596200000, "dividendsPaid": -2535600000, "netBorrowings": -36158800000, "otherCashflowsFromFinancingActivities": -45821900000, "totalCashFromFinancingActivities": -84516300000, "effectOfExchangeRate": -21400000, "changeInCash": 1519500000}], "maxAge": 86400}, "institutionOwnership": {"ownershipList": [], "maxAge": 1}, "balanceSheetHistoryQuarterly": {"balanceSheetStatements": [{"maxAge": 1, "endDate": "2020-06-30", "totalStockholderEquity": 97923700000, "netTangibleAssets": -48552300000}, {"maxAge": 1, "endDate": "2020-03-31", "cash": 7323900000, "shortTermInvestments": 7277900000, "netReceivables": 151257500000, "inventory": 643400000, "otherCurrentAssets": 25328300000, "totalCurrentAssets": 191840300000, "longTermInvestments": 14332100000, "propertyPlantEquipment": 106525600000, "intangibleAssets": 146476000000, "otherAssets": 191854000000, "deferredLongTermAssetCharges": 2421400000, "totalAssets": 651028000000, "accountsPayable": 200961800000, "shortLongTermDebt": 27652800000, "otherCurrentLiab": 82026700000, "longTermDebt": 117588600000, "otherLiab": 66403100000, "deferredLongTermLiab": 179175700000, "minorityInterest": 18294500000, "totalCurrentLiabilities": 350142000000, "totalLiab": 534809800000, "commonStock": 2629900000, "retainedEarnings": -34807200000, "treasuryStock": 41850100000, "capitalSurplus": 88250900000, "otherStockholderEquity": 41857600000, "totalStockholderEquity": 97923700000, "netTangibleAssets": -48552300000}, {"maxAge": 1, "endDate": "2019-12-31", "totalStockholderEquity": 138558100000, "netTangibleAssets": -9926800000}, {"maxAge": 1, "endDate": "2019-09-30", "cash": 11840100000, "shortTermInvestments": 45713000000, "netReceivables": 109911900000, "inventory": 611200000, "otherCurrentAssets": 27784800000, "totalCurrentAssets": 195861000000, "longTermInvestments": 60253700000, "propertyPlantEquipment": 107668300000, "intangibleAssets": 148484900000, "otherAssets": 172660900000, "deferredLongTermAssetCharges": 2238800000, "totalAssets": 684928800000, "accountsPayable": 197366400000, "otherCurrentLiab": 119298900000, "longTermDebt": 121243700000, "otherLiab": 63897900000, "deferredLongTermLiab": 163015800000, "minorityInterest": 17724200000, "totalCurrentLiabilities": 343504900000, "totalLiab": 528646500000, "commonStock": 2630300000, "treasuryStock": 135927800000, "otherStockholderEquity": 135927800000, "totalStockholderEquity": 138558100000, "netTangibleAssets": -9926800000}], "maxAge": 86400}, "earningsHistory": {"history": [{"maxAge": 1, "epsActual": {}, "epsEstimate": {}, "epsDifference": {}, "surprisePercent": {}, "quarter": {}, "period": "-4q"}, {"maxAge": 1, "epsActual": {}, "epsEstimate": {}, "epsDifference": {}, "surprisePercent": {}, "quarter": {}, "period": "-3q"}, {"maxAge": 1, "epsActual": {}, "epsEstimate": {}, "epsDifference": {}, "surprisePercent": {}, "quarter": {}, "period": "-2q"}, {"maxAge": 1, "epsActual": {}, "epsEstimate": {}, "epsDifference": {}, "surprisePercent": {}, "quarter": {}, "period": "-1q"}], "maxAge": 86400}, "indexTrend": {"maxAge": 1, "symbol": "SP5", "peRatio": 19.7411, "pegRatio": 1.34172, "estimates": [{"period": "0q", "growth": 0.549}, {"period": "+1q", "growth": 0.431}, {"period": "0y", "growth": 0.305}, {"period": "+1y", "growth": 0.109}, {"period": "+5y", "growth": 0.120865}, {"period": "-5y"}]}, "industryTrend": {"maxAge": 1, "symbol": null, "estimates": []}, "insiderTransactions": {"transactions": [{"maxAge": 1, "shares": 0, "filerUrl": "", "transactionText": "", "filerName": "AAA Project Ventures Private Ltd", "filerRelation": "", "moneyText": "", "startDate": "2012-10-30", "ownership": "D"}, {"maxAge": 1, "shares": 0, "filerUrl": "", "transactionText": "", "filerName": "Ambani (Anil D)", "filerRelation": "", "moneyText": "", "startDate": "2012-10-30", "ownership": "D"}, {"maxAge": 1, "shares": 0, "filerUrl": "", "transactionText": "", "filerName": "Ambani (Jai Anshul A.)", "filerRelation": "", "moneyText": "", "startDate": "2012-10-30", "ownership": "D"}, {"maxAge": 1, "shares": 0, "filerUrl": "", "transactionText": "", "filerName": "Ambani (Jaianmol A)", "filerRelation": "", "moneyText": "", "startDate": "2012-10-30", "ownership": "D"}, {"maxAge": 1, "shares": 0, "filerUrl": "", "transactionText": "", "filerName": "Ambani (Kokila D)", "filerRelation": "", "moneyText": "", "startDate": "2012-10-30", "ownership": "D"}, {"maxAge": 1, "shares": 0, "filerUrl": "", "transactionText": "", "filerName": "Ambani (Tina A)", "filerRelation": "", "moneyText": "", "startDate": "2012-10-30", "ownership": "D"}, {"maxAge": 1, "shares": 0, "filerUrl": "", "transactionText": "", "filerName": "General Insurance Corporation of India", "filerRelation": "", "moneyText": "", "startDate": "2012-10-30", "ownership": "D"}, {"maxAge": 1, "shares": 0, "filerUrl": "", "transactionText": "", "filerName": "Life Insurance Corporation of India", "filerRelation": "", "moneyText": "", "startDate": "2012-10-30", "ownership": "D"}, {"maxAge": 1, "shares": 85000, "filerUrl": "", "transactionText": "", "filerName": "New India Assurance Co., Ltd.", "filerRelation": "", "moneyText": "", "startDate": "2012-10-30", "ownership": "D"}, {"maxAge": 1, "shares": 0, "filerUrl": "", "transactionText": "", "filerName": "Oriental Insurance Co Ltd", "filerRelation": "", "moneyText": "", "startDate": "2012-10-30", "ownership": "D"}, {"maxAge": 1, "shares": 0, "filerUrl": "", "transactionText": "", "filerName": "Vanguard Group Inc.", "filerRelation": "", "moneyText": "", "startDate": "2012-10-30", "ownership": "D"}, {"maxAge": 1, "shares": 0, "filerUrl": "", "transactionText": "", "filerName": "AAA Project Ventures Private Ltd", "filerRelation": "", "moneyText": "", "startDate": "2012-03-31", "ownership": "D"}, {"maxAge": 1, "shares": 0, "filerUrl": "", "transactionText": "", "filerName": "Ambani (Anil D)", "filerRelation": "", "moneyText": "", "startDate": "2012-03-31", "ownership": "D"}, {"maxAge": 1, "shares": 0, "filerUrl": "", "transactionText": "", "filerName": "Ambani (Jai Anshul A.)", "filerRelation": "", "moneyText": "", "startDate": "2012-03-31", "ownership": "D"}, {"maxAge": 1, "shares": 0, "filerUrl": "", "transactionText": "", "filerName": "Ambani (Jaianmol A)", "filerRelation": "", "moneyText": "", "startDate": "2012-03-31", "ownership": "D"}, {"maxAge": 1, "shares": 0, "filerUrl": "", "transactionText": "", "filerName": "Ambani (Kokila D)", "filerRelation": "", "moneyText": "", "startDate": "2012-03-31", "ownership": "D"}, {"maxAge": 1, "shares": 0, "filerUrl": "", "transactionText": "", "filerName": "Ambani (Tina A)", "filerRelation": "", "moneyText": "", "startDate": "2012-03-31", "ownership": "D"}, {"maxAge": 1, "shares": 0, "filerUrl": "", "transactionText": "", "filerName": "General Insurance Corporation of India", "filerRelation": "", "moneyText": "", "startDate": "2012-03-31", "ownership": "D"}, {"maxAge": 1, "shares": 124000, "filerUrl": "", "transactionText": "", "filerName": "Life Insurance Corporation of India", "filerRelation": "", "moneyText": "", "startDate": "2012-03-31", "ownership": "D"}, {"maxAge": 1, "shares": 0, "filerUrl": "", "transactionText": "", "filerName": "New India Assurance Co., Ltd.", "filerRelation": "", "moneyText": "", "startDate": "2012-03-31", "ownership": "D"}, {"maxAge": 1, "shares": 0, "filerUrl": "", "transactionText": "", "filerName": "Oriental Insurance Co Ltd", "filerRelation": "", "moneyText": "", "startDate": "2012-03-31", "ownership": "D"}, {"maxAge": 1, "shares": 0, "filerUrl": "", "transactionText": "", "filerName": "AAA Project Ventures Private Ltd", "filerRelation": "", "moneyText": "", "startDate": "2011-12-31", "ownership": "D"}, {"maxAge": 1, "shares": 0, "filerUrl": "", "transactionText": "", "filerName": "Ambani (Anil D)", "filerRelation": "", "moneyText": "", "startDate": "2011-12-31", "ownership": "D"}, {"maxAge": 1, "shares": 0, "filerUrl": "", "transactionText": "", "filerName": "Ambani (Jai Anshul A.)", "filerRelation": "", "moneyText": "", "startDate": "2011-12-31", "ownership": "D"}, {"maxAge": 1, "shares": 0, "filerUrl": "", "transactionText": "", "filerName": "Ambani (Jaianmol A)", "filerRelation": "", "moneyText": "", "startDate": "2011-12-31", "ownership": "D"}, {"maxAge": 1, "shares": 0, "filerUrl": "", "transactionText": "", "filerName": "Ambani (Kokila D)", "filerRelation": "", "moneyText": "", "startDate": "2011-12-31", "ownership": "D"}, {"maxAge": 1, "shares": 0, "filerUrl": "", "transactionText": "", "filerName": "Ambani (Tina A)", "filerRelation": "", "moneyText": "", "startDate": "2011-12-31", "ownership": "D"}, {"maxAge": 1, "shares": 0, "filerUrl": "", "transactionText": "", "filerName": "General Insurance Corporation of India", "filerRelation": "", "moneyText": "", "startDate": "2011-12-31", "ownership": "D"}, {"maxAge": 1, "shares": 0, "filerUrl": "", "transactionText": "", "filerName": "Life Insurance Corporation of India", "filerRelation": "", "moneyText": "", "startDate": "2011-12-31", "ownership": "D"}, {"maxAge": 1, "shares": 0, "filerUrl": "", "transactionText": "", "filerName": "New India Assurance Co., Ltd.", "filerRelation": "", "moneyText": "", "startDate": "2011-12-31", "ownership": "D"}, {"maxAge": 1, "shares": 50000, "filerUrl": "", "transactionText": "", "filerName": "Oriental Insurance Co Ltd", "filerRelation": "", "moneyText": "", "startDate": "2011-12-31", "ownership": "D"}, {"maxAge": 1, "shares": 1656, "filerUrl": "", "transactionText": "", "filerName": "AAA Project Ventures Private Ltd", "filerRelation": "", "moneyText": "", "startDate": "2011-09-30", "ownership": "D"}, {"maxAge": 1, "shares": 0, "filerUrl": "", "transactionText": "", "filerName": "Ambani (Anil D)", "filerRelation": "", "moneyText": "", "startDate": "2011-09-30", "ownership": "D"}, {"maxAge": 1, "shares": 0, "filerUrl": "", "transactionText": "", "filerName": "Ambani (Jai Anshul A.)", "filerRelation": "", "moneyText": "", "startDate": "2011-09-30", "ownership": "D"}, {"maxAge": 1, "shares": 0, "filerUrl": "", "transactionText": "", "filerName": "Ambani (Jaianmol A)", "filerRelation": "", "moneyText": "", "startDate": "2011-09-30", "ownership": "D"}, {"maxAge": 1, "shares": 0, "filerUrl": "", "transactionText": "", "filerName": "Ambani (Kokila D)", "filerRelation": "", "moneyText": "", "startDate": "2011-09-30", "ownership": "D"}, {"maxAge": 1, "shares": 0, "filerUrl": "", "transactionText": "", "filerName": "Ambani (Tina A)", "filerRelation": "", "moneyText": "", "startDate": "2011-09-30", "ownership": "D"}, {"maxAge": 1, "shares": 0, "filerUrl": "", "transactionText": "", "filerName": "General Insurance Corporation of India", "filerRelation": "", "moneyText": "", "startDate": "2011-09-30", "ownership": "D"}, {"maxAge": 1, "shares": 418935, "filerUrl": "", "transactionText": "", "filerName": "Life Insurance Corporation of India", "filerRelation": "", "moneyText": "", "startDate": "2011-09-30", "ownership": "D"}, {"maxAge": 1, "shares": 0, "filerUrl": "", "transactionText": "", "filerName": "New India Assurance Co., Ltd.", "filerRelation": "", "moneyText": "", "startDate": "2011-09-30", "ownership": "D"}, {"maxAge": 1, "shares": 0, "filerUrl": "", "transactionText": "", "filerName": "Oriental Insurance Co Ltd", "filerRelation": "", "moneyText": "", "startDate": "2011-09-30", "ownership": "D"}, {"maxAge": 1, "shares": 0, "filerUrl": "", "transactionText": "", "filerName": "AAA Project Ventures Private Ltd", "filerRelation": "", "moneyText": "", "startDate": "2011-06-30", "ownership": "D"}, {"maxAge": 1, "shares": 0, "filerUrl": "", "transactionText": "", "filerName": "Ambani (Anil D)", "filerRelation": "", "moneyText": "", "startDate": "2011-06-30", "ownership": "D"}, {"maxAge": 1, "shares": 0, "filerUrl": "", "transactionText": "", "filerName": "Ambani (Jai Anshul A.)", "filerRelation": "", "moneyText": "", "startDate": "2011-06-30", "ownership": "D"}, {"maxAge": 1, "shares": 0, "filerUrl": "", "transactionText": "", "filerName": "Ambani (Jaianmol A)", "filerRelation": "", "moneyText": "", "startDate": "2011-06-30", "ownership": "D"}, {"maxAge": 1, "shares": 0, "filerUrl": "", "transactionText": "", "filerName": "Ambani (Kokila D)", "filerRelation": "", "moneyText": "", "startDate": "2011-06-30", "ownership": "D"}, {"maxAge": 1, "shares": 0, "filerUrl": "", "transactionText": "", "filerName": "Ambani (Tina A)", "filerRelation": "", "moneyText": "", "startDate": "2011-06-30", "ownership": "D"}, {"maxAge": 1, "shares": 0, "filerUrl": "", "transactionText": "", "filerName": "General Insurance Corporation of India", "filerRelation": "", "moneyText": "", "startDate": "2011-06-30", "ownership": "D"}, {"maxAge": 1, "shares": 0, "filerUrl": "", "transactionText": "", "filerName": "Life Insurance Corporation of India", "filerRelation": "", "moneyText": "", "startDate": "2011-06-30", "ownership": "D"}, {"maxAge": 1, "shares": 0, "filerUrl": "", "transactionText": "", "filerName": "New India Assurance Co., Ltd.", "filerRelation": "", "moneyText": "", "startDate": "2011-06-30", "ownership": "D"}, {"maxAge": 1, "shares": 127500, "filerUrl": "", "transactionText": "", "filerName": "Oriental Insurance Co Ltd", "filerRelation": "", "moneyText": "", "startDate": "2011-06-30", "ownership": "D"}, {"maxAge": 1, "shares": 450000, "filerUrl": "", "transactionText": "", "filerName": "AAA Project Ventures Private Ltd", "filerRelation": "", "moneyText": "", "startDate": "2011-03-31", "ownership": "D"}, {"maxAge": 1, "shares": 0, "filerUrl": "", "transactionText": "", "filerName": "Ambani (Anil D)", "filerRelation": "", "moneyText": "", "startDate": "2011-03-31", "ownership": "D"}, {"maxAge": 1, "shares": 0, "filerUrl": "", "transactionText": "", "filerName": "Ambani (Jai Anshul A.)", "filerRelation": "", "moneyText": "", "startDate": "2011-03-31", "ownership": "D"}, {"maxAge": 1, "shares": 0, "filerUrl": "", "transactionText": "", "filerName": "Ambani (Jaianmol A)", "filerRelation": "", "moneyText": "", "startDate": "2011-03-31", "ownership": "D"}, {"maxAge": 1, "shares": 0, "filerUrl": "", "transactionText": "", "filerName": "Ambani (Kokila D)", "filerRelation": "", "moneyText": "", "startDate": "2011-03-31", "ownership": "D"}, {"maxAge": 1, "shares": 0, "filerUrl": "", "transactionText": "", "filerName": "Ambani (Tina A)", "filerRelation": "", "moneyText": "", "startDate": "2011-03-31", "ownership": "D"}, {"maxAge": 1, "shares": 0, "filerUrl": "", "transactionText": "", "filerName": "General Insurance Corporation of India", "filerRelation": "", "moneyText": "", "startDate": "2011-03-31", "ownership": "D"}, {"maxAge": 1, "shares": 5502787, "filerUrl": "", "transactionText": "", "filerName": "Life Insurance Corporation of India", "filerRelation": "", "moneyText": "", "startDate": "2011-03-31", "ownership": "D"}, {"maxAge": 1, "shares": 0, "filerUrl": "", "transactionText": "", "filerName": "Oriental Insurance Co Ltd", "filerRelation": "", "moneyText": "", "startDate": "2011-03-31", "ownership": "D"}, {"maxAge": 1, "shares": 0, "filerUrl": "", "transactionText": "", "filerName": "Reliance Diversified Power Sector Fund", "filerRelation": "", "moneyText": "", "startDate": "2011-03-31", "ownership": "D"}, {"maxAge": 1, "shares": 22550000, "value": 461981849, "filerUrl": "", "transactionText": "Bought at price 20.49 per share.", "filerName": "AAA Project Ventures Private Ltd", "filerRelation": "", "moneyText": "", "startDate": "2011-01-07", "ownership": "D"}, {"maxAge": 1, "shares": 0, "filerUrl": "", "transactionText": "", "filerName": "AAA Project Ventures Private Ltd", "filerRelation": "", "moneyText": "", "startDate": "2010-09-30", "ownership": "D"}, {"maxAge": 1, "shares": 0, "filerUrl": "", "transactionText": "", "filerName": "Ambani (Anil D)", "filerRelation": "", "moneyText": "", "startDate": "2010-09-30", "ownership": "D"}, {"maxAge": 1, "shares": 0, "filerUrl": "", "transactionText": "", "filerName": "Ambani (Jai Anshul A.)", "filerRelation": "", "moneyText": "", "startDate": "2010-09-30", "ownership": "D"}, {"maxAge": 1, "shares": 0, "filerUrl": "", "transactionText": "", "filerName": "Ambani (Jaianmol A)", "filerRelation": "", "moneyText": "", "startDate": "2010-09-30", "ownership": "D"}, {"maxAge": 1, "shares": 0, "filerUrl": "", "transactionText": "", "filerName": "Ambani (Kokila D)", "filerRelation": "", "moneyText": "", "startDate": "2010-09-30", "ownership": "D"}, {"maxAge": 1, "shares": 0, "filerUrl": "", "transactionText": "", "filerName": "Ambani (Tina A)", "filerRelation": "", "moneyText": "", "startDate": "2010-09-30", "ownership": "D"}, {"maxAge": 1, "shares": 0, "filerUrl": "", "transactionText": "", "filerName": "Ambani (Anil D)", "filerRelation": "", "moneyText": "", "startDate": "2010-07-21", "ownership": "D"}, {"maxAge": 1, "shares": 0, "filerUrl": "", "transactionText": "", "filerName": "Ambani (Anil D)", "filerRelation": "", "moneyText": "", "startDate": "2010-07-21", "ownership": "D"}, {"maxAge": 1, "shares": 0, "filerUrl": "", "transactionText": "", "filerName": "Ambani (Jai Anshul A.)", "filerRelation": "", "moneyText": "", "startDate": "2010-07-21", "ownership": "D"}, {"maxAge": 1, "shares": 0, "filerUrl": "", "transactionText": "", "filerName": "Ambani (Jaianmol A)", "filerRelation": "", "moneyText": "", "startDate": "2010-07-21", "ownership": "D"}, {"maxAge": 1, "shares": 0, "filerUrl": "", "transactionText": "", "filerName": "Ambani (Kokila D)", "filerRelation": "", "moneyText": "", "startDate": "2010-07-21", "ownership": "D"}, {"maxAge": 1, "shares": 0, "filerUrl": "", "transactionText": "", "filerName": "Ambani (Tina A)", "filerRelation": "", "moneyText": "", "startDate": "2010-07-21", "ownership": "D"}, {"maxAge": 1, "shares": 667794, "filerUrl": "", "transactionText": "", "filerName": "AAA Project Ventures Private Ltd", "filerRelation": "", "moneyText": "", "startDate": "2010-06-30", "ownership": "D"}, {"maxAge": 1, "shares": 19600000, "value": 405524000, "filerUrl": "", "transactionText": "Bought at price 20.69 per share.", "filerName": "AAA Project Ventures Private Ltd", "filerRelation": "", "moneyText": "", "startDate": "2010-03-31", "ownership": "D"}, {"maxAge": 1, "shares": 134540, "filerUrl": "", "transactionText": "", "filerName": "Life Insurance Corporation of India", "filerRelation": "", "moneyText": "", "startDate": "2010-03-11", "ownership": "D"}, {"maxAge": 1, "shares": 0, "filerUrl": "", "transactionText": "", "filerName": "AAA Project Ventures Private Ltd", "filerRelation": "", "moneyText": "", "startDate": "2007-09-30", "ownership": "D"}, {"maxAge": 1, "shares": 0, "filerUrl": "", "transactionText": "", "filerName": "Ambani (Anil D)", "filerRelation": "", "moneyText": "", "startDate": "2007-09-30", "ownership": "D"}, {"maxAge": 1, "shares": 0, "filerUrl": "", "transactionText": "", "filerName": "Ambani (Jaianmol A)", "filerRelation": "", "moneyText": "", "startDate": "2007-09-30", "ownership": "D"}, {"maxAge": 1, "shares": 0, "filerUrl": "", "transactionText": "", "filerName": "Ambani (Kokila D)", "filerRelation": "", "moneyText": "", "startDate": "2007-09-30", "ownership": "D"}, {"maxAge": 1, "shares": 0, "filerUrl": "", "transactionText": "", "filerName": "Ambani (Tina A)", "filerRelation": "", "moneyText": "", "startDate": "2007-09-30", "ownership": "D"}, {"maxAge": 1, "shares": 0, "filerUrl": "", "transactionText": "", "filerName": "Life Insurance Corporation of India", "filerRelation": "", "moneyText": "", "startDate": "2007-09-30", "ownership": "D"}], "maxAge": 1}, "quoteType": {"exchange": "BSE", "quoteType": "EQUITY", "symbol": "RELINFRA.BO", "underlyingSymbol": "RELINFRA.BO", "shortName": "RELIANCE INFRASTRUCTURE LTD.", "longName": "Reliance Infrastructure Limited", "firstTradeDateEpochUtc": "1993-03-12 09:15:00", "timeZoneFullName": "Asia/Kolkata", "timeZoneShortName": "IST", "uuid": "a278c06f-8944-3432-8f96-5eb43969688c", "gmtOffSetMilliseconds": 19800000, "maxAge": 1}, "incomeStatementHistory": {"incomeStatementHistory": [{"maxAge": 1, "endDate": "2020-03-31", "totalRevenue": 188699700000, "costOfRevenue": 131708000000, "grossProfit": 56991700000, "researchDevelopment": {}, "sellingGeneralAdministrative": 10518800000, "nonRecurring": {}, "otherOperatingExpenses": 12213200000, "totalOperatingExpenses": 168305700000, "operatingIncome": 20394000000, "totalOtherIncomeExpenseNet": -11786900000, "ebit": 20394000000, "interestExpense": -19643900000, "incomeBeforeTax": 8607100000, "incomeTaxExpense": -508800000, "minorityInterest": 18294500000, "netIncomeFromContinuingOps": 9115900000, "discontinuedOperations": -31600000, "extraordinaryItems": {}, "effectOfAccountingCharges": {}, "otherItems": {}, "netIncome": 7711700000, "netIncomeApplicableToCommonShares": 7711700000}, {"maxAge": 1, "endDate": "2019-03-31", "totalRevenue": 191743400000, "costOfRevenue": 123379800000, "grossProfit": 68363600000, "researchDevelopment": {}, "sellingGeneralAdministrative": 10984900000, "nonRecurring": {}, "otherOperatingExpenses": 12797200000, "totalOperatingExpenses": 160080300000, "operatingIncome": 31663100000, "totalOtherIncomeExpenseNet": -96817000000, "ebit": 31663100000, "interestExpense": -22383800000, "incomeBeforeTax": -65153900000, "incomeTaxExpense": -2381400000, "minorityInterest": 16901100000, "netIncomeFromContinuingOps": -62772500000, "discontinuedOperations": 39546100000, "extraordinaryItems": {}, "effectOfAccountingCharges": {}, "otherItems": {}, "netIncome": -24268200000, "netIncomeApplicableToCommonShares": -24268200000}, {"maxAge": 1, "endDate": "2018-03-31", "totalRevenue": 178851500000, "costOfRevenue": 113722300000, "grossProfit": 65129200000, "researchDevelopment": {}, "sellingGeneralAdministrative": 12086000000, "nonRecurring": {}, "otherOperatingExpenses": 14832800000, "totalOperatingExpenses": 153183600000, "operatingIncome": 25667900000, "totalOtherIncomeExpenseNet": -23317500000, "ebit": 25667900000, "interestExpense": -26146800000, "incomeBeforeTax": 2350400000, "incomeTaxExpense": -1514700000, "minorityInterest": 15764700000, "netIncomeFromContinuingOps": 3865100000, "discontinuedOperations": 8279500000, "extraordinaryItems": {}, "effectOfAccountingCharges": {}, "otherItems": {}, "netIncome": 12555000000, "netIncomeApplicableToCommonShares": 12555000000}, {"maxAge": 1, "endDate": "2017-03-31", "totalRevenue": 244834700000, "costOfRevenue": 160043100000, "grossProfit": 84791600000, "researchDevelopment": {}, "sellingGeneralAdministrative": 17495400000, "nonRecurring": {}, "otherOperatingExpenses": 18237800000, "totalOperatingExpenses": 212638600000, "operatingIncome": 32196100000, "totalOtherIncomeExpenseNet": -19637600000, "ebit": 32196100000, "interestExpense": -35518400000, "incomeBeforeTax": 12558500000, "incomeTaxExpense": -1421800000, "minorityInterest": 15969500000, "netIncomeFromContinuingOps": 13980300000, "discontinuedOperations": -36000000, "extraordinaryItems": {}, "effectOfAccountingCharges": {}, "otherItems": {}, "netIncome": 14251800000, "netIncomeApplicableToCommonShares": 14251800000}], "maxAge": 86400}, "fundOwnership": {"ownershipList": [{"maxAge": 1, "reportDate": "2020-06-30", "organization": "PIMCO Equity Series-PIMCO RAE Emerging Markets Fd", "pctHeld": 0.0166, "position": 4376098, "value": 169354992}, {"maxAge": 1, "reportDate": "2020-08-31", "organization": "SPDR Portfolio Emerging Markets ETF", "pctHeld": 0.00090000004, "position": 249173, "value": 7088971}, {"maxAge": 1, "reportDate": "2020-08-31", "organization": "SPDR (R) Idx Shares-SPDR (R) Emerging Markets Small Cap ETF", "pctHeld": 0.0004, "position": 99892, "value": 2841927}, {"maxAge": 1, "reportDate": "2020-07-31", "organization": "DFA Emerging Markets Core Equity Portfolio", "pctHeld": 0.0001, "position": 30177, "value": 840429}], "maxAge": 1}, "summaryDetail": {"maxAge": 1, "priceHint": 2, "previousClose": 37.5, "open": 37.5, "dayLow": 36.95, "dayHigh": 44.2, "regularMarketPreviousClose": 37.5, "regularMarketOpen": 37.5, "regularMarketDayLow": 36.95, "regularMarketDayHigh": 44.2, "trailingPE": 6.08621, "forwardPE": 0.7179054, "volume": 2211704, "regularMarketVolume": 2211704, "averageVolume": 674960, "averageVolume10days": 361856, "averageDailyVolume10Day": 361856, "bid": 0.0, "ask": 42.5, "bidSize": 0, "askSize": 0, "marketCap": 10728019968, "fiftyTwoWeekLow": 8.65, "fiftyTwoWeekHigh": 44.7, "fiftyDayAverage": 28.795454, "twoHundredDayAverage": 26.084558, "trailingAnnualDividendRate": 9.5, "trailingAnnualDividendYield": 0.25333333, "currency": "INR", "fromCurrency": null, "lastMarket": null, "algorithm": null, "tradeable": false}, "sectorTrend": {"maxAge": 1, "symbol": null, "estimates": []}, "incomeStatementHistoryQuarterly": {"incomeStatementHistory": [{"maxAge": 1, "endDate": "2020-06-30", "totalRevenue": 35332400000, "costOfRevenue": 25909000000, "grossProfit": 9423400000, "researchDevelopment": {}, "sellingGeneralAdministrative": 2411700000, "nonRecurring": {}, "otherOperatingExpenses": 4111200000, "totalOperatingExpenses": 35745900000, "operatingIncome": -413500000, "totalOtherIncomeExpenseNet": -2522300000, "ebit": -413500000, "interestExpense": -6624500000, "incomeBeforeTax": -2935800000, "incomeTaxExpense": -56500000, "minorityInterest": {}, "netIncomeFromContinuingOps": -2879300000, "discontinuedOperations": -100000, "extraordinaryItems": {}, "effectOfAccountingCharges": {}, "otherItems": {}, "netIncome": -2884100000, "netIncomeApplicableToCommonShares": -2884100000}, {"maxAge": 1, "endDate": "2020-03-31", "totalRevenue": 36258600000, "costOfRevenue": 27698200000, "grossProfit": 8560400000, "researchDevelopment": {}, "sellingGeneralAdministrative": 2492600000, "nonRecurring": {}, "otherOperatingExpenses": 1337000000, "totalOperatingExpenses": 35232700000, "operatingIncome": 1025900000, "totalOtherIncomeExpenseNet": -2572600000, "ebit": 1025900000, "interestExpense": -2436300000, "incomeBeforeTax": -1546700000, "incomeTaxExpense": -340000000, "minorityInterest": 18294500000, "netIncomeFromContinuingOps": -1206700000, "discontinuedOperations": -100000, "extraordinaryItems": {}, "effectOfAccountingCharges": {}, "otherItems": {}, "netIncome": -1538400000, "netIncomeApplicableToCommonShares": -1538400000}, {"maxAge": 1, "endDate": "2019-12-31", "totalRevenue": 39549200000, "costOfRevenue": 29211800000, "grossProfit": 10337400000, "researchDevelopment": {}, "sellingGeneralAdministrative": 2462300000, "nonRecurring": {}, "otherOperatingExpenses": 3355200000, "totalOperatingExpenses": 38432000000, "operatingIncome": 1117200000, "totalOtherIncomeExpenseNet": 2404100000, "ebit": 1117200000, "interestExpense": -5658400000, "incomeBeforeTax": 3521300000, "incomeTaxExpense": -192200000, "minorityInterest": 18294500000, "netIncomeFromContinuingOps": 3713500000, "discontinuedOperations": -300000, "extraordinaryItems": {}, "effectOfAccountingCharges": {}, "otherItems": {}, "netIncome": 3455100000, "netIncomeApplicableToCommonShares": 3455100000}, {"maxAge": 1, "endDate": "2019-09-30", "totalRevenue": 58224800000, "costOfRevenue": 37679500000, "grossProfit": 20545300000, "researchDevelopment": {}, "sellingGeneralAdministrative": 2787500000, "nonRecurring": {}, "otherOperatingExpenses": 3817500000, "totalOperatingExpenses": 47650100000, "operatingIncome": 10574700000, "totalOtherIncomeExpenseNet": -7213100000, "ebit": 10574700000, "interestExpense": -5596500000, "incomeBeforeTax": 3361600000, "incomeTaxExpense": 76400000, "minorityInterest": 17724200000, "netIncomeFromContinuingOps": 3285200000, "discontinuedOperations": -26900000, "extraordinaryItems": {}, "effectOfAccountingCharges": {}, "otherItems": {}, "netIncome": 2803500000, "netIncomeApplicableToCommonShares": 2803500000}], "maxAge": 86400}, "cashflowStatementHistoryQuarterly": {"cashflowStatements": [{"maxAge": 1, "endDate": "2020-06-30", "netIncome": -2884100000, "changeToLiabilities": 0}, {"maxAge": 1, "endDate": "2020-03-31", "netIncome": -1538400000, "changeToLiabilities": 0}, {"maxAge": 1, "endDate": "2019-12-31", "netIncome": 3455100000, "changeToLiabilities": 0}, {"maxAge": 1, "endDate": "2019-09-30", "netIncome": 2803500000, "changeToLiabilities": 0}], "maxAge": 86400}, "insiderHolders": {"holders": [{"maxAge": 1, "name": "AAA Project Ventures Private Ltd", "relation": "", "url": "", "transactionDescription": "Holding", "latestTransDate": "2012-10-30", "positionDirect": 126963612, "positionDirectDate": "2012-10-30"}, {"maxAge": 1, "name": "Ambani (Anil D)", "relation": "", "url": "", "transactionDescription": "Holding", "latestTransDate": "2012-10-30", "positionDirect": 139437, "positionDirectDate": "2012-10-30"}, {"maxAge": 1, "name": "Ambani (Jai Anshul A.)", "relation": "", "url": "", "transactionDescription": "Holding", "latestTransDate": "2012-10-30", "positionDirect": 7, "positionDirectDate": "2012-10-30"}, {"maxAge": 1, "name": "Ambani (Jaianmol A)", "relation": "", "url": "", "transactionDescription": "Holding", "latestTransDate": "2012-10-30", "positionDirect": 125231, "positionDirectDate": "2012-10-30"}, {"maxAge": 1, "name": "Ambani (Kokila D)", "relation": "", "url": "", "transactionDescription": "Holding", "latestTransDate": "2012-10-30", "positionDirect": 274891, "positionDirectDate": "2012-10-30"}, {"maxAge": 1, "name": "Ambani (Tina A)", "relation": "", "url": "", "transactionDescription": "Holding", "latestTransDate": "2012-10-30", "positionDirect": 123812, "positionDirectDate": "2012-10-30"}, {"maxAge": 1, "name": "General Insurance Corporation of India", "relation": "", "url": "", "transactionDescription": "Holding", "latestTransDate": "2012-10-30", "positionDirect": 2884303, "positionDirectDate": "2012-10-30"}, {"maxAge": 1, "name": "Life Insurance Corporation of India", "relation": "", "url": "", "transactionDescription": "Holding", "latestTransDate": "2012-10-30", "positionDirect": 26332848, "positionDirectDate": "2012-10-30"}, {"maxAge": 1, "name": "New India Assurance Co., Ltd.", "relation": "", "url": "", "transactionDescription": "Decrease", "latestTransDate": "2012-10-30", "positionDirect": 4318917, "positionDirectDate": "2012-10-30"}, {"maxAge": 1, "name": "Oriental Insurance Co Ltd", "relation": "", "url": "", "transactionDescription": "Holding", "latestTransDate": "2012-10-30", "positionDirect": 3423891, "positionDirectDate": "2012-10-30"}], "maxAge": 1}, "earnings": {"maxAge": 86400, "earningsChart": {"quarterly": [], "earningsDate": []}, "financialsChart": {"yearly": [{"date": 2017, "revenue": 244834700000, "earnings": 14251800000}, {"date": 2018, "revenue": 178851500000, "earnings": 12555000000}, {"date": 2019, "revenue": 191743400000, "earnings": -24268200000}, {"date": 2020, "revenue": 188699700000, "earnings": 7711700000}], "quarterly": [{"date": "3Q2019", "revenue": 58224800000, "earnings": 2803500000}, {"date": "4Q2019", "revenue": 39549200000, "earnings": 3455100000}, {"date": "1Q2020", "revenue": 36258600000, "earnings": -1538400000}, {"date": "2Q2020", "revenue": 35332400000, "earnings": -2884100000}]}, "financialCurrency": "INR"}, "calendarEvents": {"maxAge": 1, "earnings": {"earningsDate": []}}, "upgradeDowngradeHistory": {"history": [], "maxAge": 86400}, "price": {"maxAge": 1, "regularMarketChangePercent": 0.13333334, "regularMarketChange": 5.0, "regularMarketTime": "2021-04-30 15:56:49", "priceHint": 2, "regularMarketPrice": 42.5, "regularMarketDayHigh": 44.2, "regularMarketDayLow": 36.95, "regularMarketVolume": 2211704, "averageDailyVolume10Day": 361856, "averageDailyVolume3Month": 674960, "regularMarketPreviousClose": 37.5, "regularMarketSource": "FREE_REALTIME", "regularMarketOpen": 37.5, "exchange": "BSE", "exchangeName": "BSE", "exchangeDataDelayedBy": 0, "marketState": "CLOSED", "quoteType": "EQUITY", "symbol": "RELINFRA.BO", "underlyingSymbol": null, "shortName": "RELIANCE INFRASTRUCTURE LTD.", "longName": "Reliance Infrastructure Limited", "currency": "INR", "quoteSourceName": "Delayed Quote", "currencySymbol": "\u20b9", "fromCurrency": null, "lastMarket": null, "marketCap": 10728019968}, "balanceSheetHistory": {"balanceSheetStatements": [{"maxAge": 1, "endDate": "2020-03-31", "cash": 7323900000, "shortTermInvestments": 7277900000, "netReceivables": 151257500000, "inventory": 643400000, "otherCurrentAssets": 25328300000, "totalCurrentAssets": 191840300000, "longTermInvestments": 14332100000, "propertyPlantEquipment": 106525600000, "intangibleAssets": 146476000000, "otherAssets": 191854000000, "deferredLongTermAssetCharges": 2421400000, "totalAssets": 651028000000, "accountsPayable": 200961800000, "shortLongTermDebt": 27652800000, "otherCurrentLiab": 82026700000, "longTermDebt": 117588600000, "otherLiab": 66403100000, "deferredLongTermLiab": 179175700000, "minorityInterest": 18294500000, "totalCurrentLiabilities": 350142000000, "totalLiab": 534809800000, "commonStock": 2629900000, "retainedEarnings": -34807200000, "treasuryStock": 41850100000, "capitalSurplus": 88250900000, "otherStockholderEquity": 41857600000, "totalStockholderEquity": 97923700000, "netTangibleAssets": -48552300000}, {"maxAge": 1, "endDate": "2019-03-31", "cash": 6349500000, "shortTermInvestments": 2593800000, "netReceivables": 145722400000, "inventory": 620500000, "otherCurrentAssets": 10051500000, "totalCurrentAssets": 165504000000, "longTermInvestments": 67659800000, "propertyPlantEquipment": 104810000000, "intangibleAssets": 165574400000, "otherAssets": 180283400000, "deferredLongTermAssetCharges": 1893100000, "totalAssets": 683831600000, "accountsPayable": 198192600000, "shortLongTermDebt": 19113300000, "otherCurrentLiab": 73119700000, "longTermDebt": 130077300000, "otherLiab": 69094700000, "deferredLongTermLiab": 165050000000, "minorityInterest": 16901100000, "totalCurrentLiabilities": 326001100000, "totalLiab": 525173100000, "commonStock": 2629900000, "retainedEarnings": -43560200000, "treasuryStock": 94436800000, "capitalSurplus": 88250900000, "otherStockholderEquity": 94498200000, "totalStockholderEquity": 141757400000, "netTangibleAssets": -23817000000}, {"maxAge": 1, "endDate": "2018-03-31", "cash": 5257700000, "shortTermInvestments": 6195100000, "netReceivables": 230931500000, "inventory": 3944900000, "otherCurrentAssets": 7281300000, "totalCurrentAssets": 257399300000, "longTermInvestments": 127218500000, "propertyPlantEquipment": 252163100000, "intangibleAssets": 166527700000, "otherAssets": 197862500000, "deferredLongTermAssetCharges": 2851400000, "totalAssets": 1001171100000, "accountsPayable": 221923000000, "shortLongTermDebt": 50341200000, "otherCurrentLiab": 119581100000, "longTermDebt": 167930600000, "otherLiab": 102553800000, "deferredLongTermLiab": 182196200000, "minorityInterest": 15764700000, "totalCurrentLiabilities": 437011700000, "totalLiab": 748605300000, "commonStock": 2629900000, "retainedEarnings": 47203600000, "treasuryStock": 98716700000, "capitalSurplus": 88250900000, "otherStockholderEquity": 98908000000, "totalStockholderEquity": 236801100000, "netTangibleAssets": 70273400000}, {"maxAge": 1, "endDate": "2017-03-31", "cash": 5628100000, "shortTermInvestments": 1139200000, "netReceivables": 205391400000, "inventory": 4119300000, "otherCurrentAssets": 59391400000, "totalCurrentAssets": 278143000000, "longTermInvestments": 129054700000, "propertyPlantEquipment": 253433400000, "goodWill": 17500000, "intangibleAssets": 130238900000, "otherAssets": 192604500000, "deferredLongTermAssetCharges": 670100000, "totalAssets": 983492000000, "accountsPayable": 210620900000, "shortLongTermDebt": 51390100000, "otherCurrentLiab": 113211300000, "longTermDebt": 149646300000, "otherLiab": 102571800000, "deferredLongTermLiab": 179695600000, "minorityInterest": 15969500000, "totalCurrentLiabilities": 440181700000, "totalLiab": 734047300000, "commonStock": 2629900000, "retainedEarnings": 43022600000, "treasuryStock": 99571800000, "capitalSurplus": 88250900000, "otherStockholderEquity": 99827600000, "totalStockholderEquity": 233475200000, "netTangibleAssets": 103218800000}], "maxAge": 86400}, "earningsTrend": {"trend": [{"maxAge": 1, "period": "0q", "endDate": null, "growth": {}, "earningsEstimate": {"avg": 0.0, "low": 0.0, "high": 0.0, "yearAgoEps": {}, "numberOfAnalysts": 0, "growth": {}}, "revenueEstimate": {"avg": 0, "low": 0, "high": 0, "numberOfAnalysts": 0, "yearAgoRevenue": {}, "growth": {}}, "epsTrend": {"current": 0.0, "7daysAgo": 0.0, "30daysAgo": 0.0, "60daysAgo": 0.0, "90daysAgo": 0.0}, "epsRevisions": {"upLast7days": 0, "upLast30days": 0, "downLast30days": 0, "downLast90days": {}}}, {"maxAge": 1, "period": "+1q", "endDate": null, "growth": {}, "earningsEstimate": {"avg": 0.0, "low": 0.0, "high": 0.0, "yearAgoEps": {}, "numberOfAnalysts": 0, "growth": {}}, "revenueEstimate": {"avg": 0, "low": 0, "high": 0, "numberOfAnalysts": 0, "yearAgoRevenue": {}, "growth": {}}, "epsTrend": {"current": 0.0, "7daysAgo": 0.0, "30daysAgo": 0.0, "60daysAgo": 0.0, "90daysAgo": 0.0}, "epsRevisions": {"upLast7days": 0, "upLast30days": 0, "downLast30days": 0, "downLast90days": {}}}, {"maxAge": 1, "period": "0y", "endDate": null, "growth": {}, "earningsEstimate": {"avg": 0.0, "low": 0.0, "high": 0.0, "yearAgoEps": {}, "numberOfAnalysts": 0, "growth": {}}, "revenueEstimate": {"avg": 0, "low": 0, "high": 0, "numberOfAnalysts": 0, "yearAgoRevenue": {}, "growth": {}}, "epsTrend": {"current": 0.0, "7daysAgo": 0.0, "30daysAgo": 0.0, "60daysAgo": 0.0, "90daysAgo": 0.0}, "epsRevisions": {"upLast7days": 0, "upLast30days": 0, "downLast30days": 0, "downLast90days": {}}}, {"maxAge": 1, "period": "+1y", "endDate": null, "growth": {}, "earningsEstimate": {"avg": 0.0, "low": 0.0, "high": 0.0, "yearAgoEps": {}, "numberOfAnalysts": 0, "growth": {}}, "revenueEstimate": {"avg": 0, "low": 0, "high": 0, "numberOfAnalysts": 0, "yearAgoRevenue": {}, "growth": {}}, "epsTrend": {"current": 0.0, "7daysAgo": 0.0, "30daysAgo": 0.0, "60daysAgo": 0.0, "90daysAgo": 0.0}, "epsRevisions": {"upLast7days": 0, "upLast30days": 0, "downLast30days": 0, "downLast90days": {}}}, {"maxAge": 1, "period": "+5y", "endDate": null, "growth": -0.11, "earningsEstimate": {"avg": {}, "low": {}, "high": {}, "yearAgoEps": {}, "numberOfAnalysts": {}, "growth": {}}, "revenueEstimate": {"avg": {}, "low": {}, "high": {}, "numberOfAnalysts": {}, "yearAgoRevenue": {}, "growth": {}}, "epsTrend": {"current": {}, "7daysAgo": {}, "30daysAgo": {}, "60daysAgo": {}, "90daysAgo": {}}, "epsRevisions": {"upLast7days": {}, "upLast30days": {}, "downLast30days": {}, "downLast90days": {}}}, {"maxAge": 1, "period": "-5y", "endDate": null, "growth": {}, "earningsEstimate": {"avg": {}, "low": {}, "high": {}, "yearAgoEps": {}, "numberOfAnalysts": {}, "growth": {}}, "revenueEstimate": {"avg": {}, "low": {}, "high": {}, "numberOfAnalysts": {}, "yearAgoRevenue": {}, "growth": {}}, "epsTrend": {"current": {}, "7daysAgo": {}, "30daysAgo": {}, "60daysAgo": {}, "90daysAgo": {}}, "epsRevisions": {"upLast7days": {}, "upLast30days": {}, "downLast30days": {}, "downLast90days": {}}}], "maxAge": 1}, "financialData": {"maxAge": 86400, "currentPrice": 42.5, "targetHighPrice": 560.0, "targetLowPrice": 540.0, "targetMeanPrice": 550.0, "targetMedianPrice": 550.0, "recommendationKey": "none", "numberOfAnalystOpinions": 2, "grossProfits": 56991700000, "financialCurrency": "INR"}}}