{"RELIABVEN.BO": {"cashflowStatementHistory": {"cashflowStatements": [{"maxAge": 1, "endDate": "2020-03-31", "netIncome": 18497000, "depreciation": 13918728, "changeToNetincome": -13834680, "changeToAccountReceivables": 698247, "changeToLiabilities": -1375843, "changeToInventory": 195298, "changeToOperatingActivities": 3580071, "totalCashFromOperatingActivities": 21678821, "capitalExpenditures": -6597833, "investments": -23637847, "otherCashflowsFromInvestingActivities": 1239051, "totalCashflowsFromInvestingActivities": -29149329, "otherCashflowsFromFinancingActivities": -19010, "totalCashFromFinancingActivities": -19010, "changeInCash": -7489518}, {"maxAge": 1, "endDate": "2019-03-31", "netIncome": 18077910, "depreciation": 15540120, "changeToNetincome": -2310344, "changeToAccountReceivables": 1004007, "changeToLiabilities": 1314688, "changeToInventory": -88597, "changeToOperatingActivities": 564636, "totalCashFromOperatingActivities": 34111295, "capitalExpenditures": -12244968, "investments": -17739001, "otherCashflowsFromInvestingActivities": 2833686, "totalCashflowsFromInvestingActivities": -30198092, "netBorrowings": -175000, "otherCashflowsFromFinancingActivities": -109110, "totalCashFromFinancingActivities": -284110, "changeInCash": 3629092}, {"maxAge": 1, "endDate": "2018-03-31", "netIncome": 2428710, "depreciation": 27083054, "changeToNetincome": -3875661, "changeToAccountReceivables": 2116715, "changeToLiabilities": 2238311, "changeToInventory": -81205, "changeToOperatingActivities": 69982, "totalCashFromOperatingActivities": 29991614, "capitalExpenditures": -8716077, "investments": -14610245, "otherCashflowsFromInvestingActivities": 1222347, "totalCashflowsFromInvestingActivities": -22202175, "netBorrowings": -3900020, "otherCashflowsFromFinancingActivities": -227870, "totalCashFromFinancingActivities": -4127890, "changeInCash": 3661548}, {"maxAge": 1, "endDate": "2017-03-31", "netIncome": 14196236, "depreciation": 13791641, "changeToNetincome": 6097173, "changeToAccountReceivables": -7313770, "changeToLiabilities": -1420381, "changeToInventory": 147551, "changeToOperatingActivities": -4371974, "totalCashFromOperatingActivities": 21138446, "capitalExpenditures": -9230954, "investments": -5650639, "otherCashflowsFromInvestingActivities": 1381690, "totalCashflowsFromInvestingActivities": -13411307, "netBorrowings": -7211666, "otherCashflowsFromFinancingActivities": -281846, "totalCashFromFinancingActivities": -7493512, "changeInCash": 233628}], "maxAge": 86400}, "institutionOwnership": {"maxAge": 1, "ownershipList": []}, "balanceSheetHistoryQuarterly": {"balanceSheetStatements": [{"maxAge": 1, "endDate": "2020-06-30", "totalStockholderEquity": 295407056, "netTangibleAssets": 295407056}, {"maxAge": 1, "endDate": "2020-03-31", "cash": 6158112, "shortTermInvestments": 78119609, "netReceivables": 15358859, "inventory": 6148466, "otherCurrentAssets": 11209070, "totalCurrentAssets": 116994116, "propertyPlantEquipment": 201195038, "otherAssets": 5968238, "totalAssets": 324157392, "accountsPayable": 7635225, "otherCurrentLiab": 14776244, "otherLiab": 2333867, "totalCurrentLiabilities": 26416469, "totalLiab": 28750336, "commonStock": 110129000, "treasuryStock": 185278056, "otherStockholderEquity": 185278056, "totalStockholderEquity": 295407056, "netTangibleAssets": 295407056}, {"maxAge": 1, "endDate": "2019-12-31", "totalStockholderEquity": 283277000, "netTangibleAssets": 283277000}, {"maxAge": 1, "endDate": "2019-09-30", "cash": 10676000, "shortTermInvestments": 60385000, "netReceivables": 13620000, "inventory": 6149000, "otherCurrentAssets": 12830000, "totalCurrentAssets": 103660000, "propertyPlantEquipment": 204477000, "otherAssets": 5135000, "totalAssets": 313272000, "accountsPayable": 7163000, "otherCurrentLiab": 16950000, "otherLiab": 1877000, "totalCurrentLiabilities": 28118000, "totalLiab": 29995000, "commonStock": 110129000, "treasuryStock": 173148000, "otherStockholderEquity": 173148000, "totalStockholderEquity": 283277000, "netTangibleAssets": 283277000}], "maxAge": 86400}, "indexTrend": {"maxAge": 1, "symbol": "SP5", "peRatio": 19.7411, "pegRatio": 1.34172, "estimates": [{"period": "0q", "growth": 0.549}, {"period": "+1q", "growth": 0.431}, {"period": "0y", "growth": 0.305}, {"period": "+1y", "growth": 0.109}, {"period": "+5y", "growth": 0.120859005}, {"period": "-5y"}]}, "insiderTransactions": {"transactions": [{"maxAge": 1, "shares": 90257, "filerUrl": "", "transactionText": "", "filerName": "Khan (Sikandar Hafiz)", "filerRelation": "Managing Director", "moneyText": "", "startDate": "2016-01-20", "ownership": "D"}, {"maxAge": 1, "shares": 112000, "filerUrl": "", "transactionText": "", "filerName": "Khan (Sikandar Hafiz)", "filerRelation": "Managing Director", "moneyText": "", "startDate": "2015-12-30", "ownership": "D"}, {"maxAge": 1, "shares": 36100, "filerUrl": "", "transactionText": "", "filerName": "Elegance Infratech Pvt Ltd", "filerRelation": "Promoter", "moneyText": "", "startDate": "2015-01-16", "ownership": "D"}, {"maxAge": 1, "shares": 11000, "filerUrl": "", "transactionText": "", "filerName": "Reliable Global Ventures Pvt Ltd", "filerRelation": "Promoter", "moneyText": "", "startDate": "2014-07-25", "ownership": "D"}, {"maxAge": 1, "shares": 4000, "filerUrl": "", "transactionText": "", "filerName": "Reliable Global Ventures Pvt Ltd", "filerRelation": "Promoter", "moneyText": "", "startDate": "2014-07-24", "ownership": "D"}, {"maxAge": 1, "shares": 10300, "filerUrl": "", "transactionText": "", "filerName": "Reliable Global Ventures Pvt Ltd", "filerRelation": "Promoter", "moneyText": "", "startDate": "2014-07-23", "ownership": "D"}, {"maxAge": 1, "shares": 10000, "filerUrl": "", "transactionText": "", "filerName": "Reliable Global Ventures Pvt Ltd", "filerRelation": "Promoter", "moneyText": "", "startDate": "2014-07-22", "ownership": "D"}, {"maxAge": 1, "shares": 16500, "filerUrl": "", "transactionText": "", "filerName": "Khan (Sikandar Hafiz)", "filerRelation": "Managing Director", "moneyText": "", "startDate": "2013-08-13", "ownership": "D"}, {"maxAge": 1, "shares": 100000, "filerUrl": "", "transactionText": "", "filerName": "Khan (Sikandar Hafiz)", "filerRelation": "Managing Director", "moneyText": "", "startDate": "2013-08-12", "ownership": "D"}, {"maxAge": 1, "shares": 60000, "filerUrl": "", "transactionText": "", "filerName": "Khan (Sikandar Hafiz)", "filerRelation": "Managing Director", "moneyText": "", "startDate": "2013-08-08", "ownership": "D"}, {"maxAge": 1, "shares": 2000, "filerUrl": "", "transactionText": "", "filerName": "Khan (Sikandar Hafiz)", "filerRelation": "Managing Director", "moneyText": "", "startDate": "2010-05-21", "ownership": "D"}, {"maxAge": 1, "shares": 60000, "filerUrl": "", "transactionText": "", "filerName": "Ritu Tie Up Pvt Ltd", "filerRelation": "Institution- Corporation", "moneyText": "", "startDate": "2010-03-23", "ownership": "D"}, {"maxAge": 1, "shares": 23800, "filerUrl": "", "transactionText": "", "filerName": "Khan (Sikandar Hafiz)", "filerRelation": "Managing Director", "moneyText": "", "startDate": "2010-03-15", "ownership": "D"}, {"maxAge": 1, "shares": 5000, "filerUrl": "", "transactionText": "", "filerName": "Khan (Sikandar Hafiz)", "filerRelation": "Managing Director", "moneyText": "", "startDate": "2010-02-15", "ownership": "D"}, {"maxAge": 1, "shares": 527625, "filerUrl": "", "transactionText": "", "filerName": "Ritu Tie Up Pvt Ltd", "filerRelation": "Institution- Corporation", "moneyText": "", "startDate": "2009-09-11", "ownership": "D"}], "maxAge": 1}, "quoteType": {"exchange": "BSE", "quoteType": "EQUITY", "symbol": "RELIABVEN.BO", "underlyingSymbol": "RELIABVEN.BO", "shortName": "RELIABLE VENTURES INDIA LTD.", "longName": "Reliable Ventures India Limited", "firstTradeDateEpochUtc": "2006-05-03 09:15:00", "timeZoneFullName": "Asia/Kolkata", "timeZoneShortName": "IST", "uuid": "1a83fbf8-99d6-3a1c-a7ff-ad84efc175be", "messageBoardId": null, "gmtOffSetMilliseconds": 19800000, "maxAge": 1}, "incomeStatementHistory": {"incomeStatementHistory": [{"maxAge": 1, "endDate": "2020-03-31", "totalRevenue": 182860000, "costOfRevenue": 105458000, "grossProfit": 77402000, "researchDevelopment": {}, "sellingGeneralAdministrative": {}, "nonRecurring": {}, "otherOperatingExpenses": 49195000, "totalOperatingExpenses": 168572000, "operatingIncome": 14288000, "totalOtherIncomeExpenseNet": 11426000, "ebit": 14288000, "interestExpense": -19000, "incomeBeforeTax": 25714000, "incomeTaxExpense": 7217000, "minorityInterest": {}, "netIncomeFromContinuingOps": 18497000, "discontinuedOperations": {}, "extraordinaryItems": {}, "effectOfAccountingCharges": {}, "otherItems": {}, "netIncome": 18497000, "netIncomeApplicableToCommonShares": 18497000}, {"maxAge": 1, "endDate": "2019-03-31", "totalRevenue": 177998949, "costOfRevenue": 96101849, "grossProfit": 81897100, "researchDevelopment": {}, "sellingGeneralAdministrative": 1566740, "nonRecurring": {}, "otherOperatingExpenses": 45590407, "totalOperatingExpenses": 158807991, "operatingIncome": 19190958, "totalOtherIncomeExpenseNet": 2870535, "ebit": 19190958, "interestExpense": -55384, "incomeBeforeTax": 22061493, "incomeTaxExpense": 3983583, "minorityInterest": {}, "netIncomeFromContinuingOps": 18077910, "discontinuedOperations": {}, "extraordinaryItems": {}, "effectOfAccountingCharges": {}, "otherItems": {}, "netIncome": 18077910, "netIncomeApplicableToCommonShares": 18077910}, {"maxAge": 1, "endDate": "2018-03-31", "totalRevenue": 164796361, "costOfRevenue": 95317172, "grossProfit": 69479189, "researchDevelopment": {}, "sellingGeneralAdministrative": 685962, "nonRecurring": {}, "otherOperatingExpenses": 41409680, "totalOperatingExpenses": 164507576, "operatingIncome": 288785, "totalOtherIncomeExpenseNet": 1341537, "ebit": 288785, "interestExpense": -186390, "incomeBeforeTax": 1630322, "incomeTaxExpense": -798388, "minorityInterest": {}, "netIncomeFromContinuingOps": 2428710, "discontinuedOperations": {}, "extraordinaryItems": {}, "effectOfAccountingCharges": {}, "otherItems": {}, "netIncome": 2428710, "netIncomeApplicableToCommonShares": 2428710}, {"maxAge": 1, "endDate": "2017-03-31", "totalRevenue": 149696462, "costOfRevenue": 84044693, "grossProfit": 65651769, "researchDevelopment": {}, "sellingGeneralAdministrative": 1618879, "nonRecurring": {}, "otherOperatingExpenses": 33161655, "totalOperatingExpenses": 132628838, "operatingIncome": 17067624, "totalOtherIncomeExpenseNet": 2370757, "ebit": 17067624, "interestExpense": -213555, "incomeBeforeTax": 19438381, "incomeTaxExpense": 5242145, "minorityInterest": {}, "netIncomeFromContinuingOps": 14196236, "discontinuedOperations": {}, "extraordinaryItems": {}, "effectOfAccountingCharges": {}, "otherItems": {}, "netIncome": 14196236, "netIncomeApplicableToCommonShares": 14196236}], "maxAge": 86400}, "fundOwnership": {"maxAge": 1, "ownershipList": []}, "summaryDetail": {"maxAge": 1, "priceHint": 2, "previousClose": 6.71, "open": 6.71, "dayLow": 6.71, "dayHigh": 6.71, "regularMarketPreviousClose": 6.71, "regularMarketOpen": 6.71, "regularMarketDayLow": 6.71, "regularMarketDayHigh": 6.71, "trailingPE": 16.775, "volume": 200, "regularMarketVolume": 200, "averageVolume": 846, "averageVolume10days": 689, "averageDailyVolume10Day": 689, "bid": 6.72, "ask": 7.33, "bidSize": 0, "askSize": 0, "marketCap": 73896560, "fiftyTwoWeekLow": 6.44, "fiftyTwoWeekHigh": 13.03, "fiftyDayAverage": 8.469143, "twoHundredDayAverage": 8.67708, "currency": "INR", "fromCurrency": null, "toCurrency": null, "lastMarket": null, "algorithm": null, "tradeable": false}, "incomeStatementHistoryQuarterly": {"incomeStatementHistory": [{"maxAge": 1, "endDate": "2020-06-30", "totalRevenue": 3063000, "costOfRevenue": 9289000, "grossProfit": -6226000, "researchDevelopment": {}, "sellingGeneralAdministrative": {}, "nonRecurring": {}, "otherOperatingExpenses": 3585000, "totalOperatingExpenses": 15532000, "operatingIncome": -12469000, "totalOtherIncomeExpenseNet": 367000, "ebit": -12469000, "interestExpense": -4000, "incomeBeforeTax": -12102000, "incomeTaxExpense": 40000, "minorityInterest": {}, "netIncomeFromContinuingOps": -12142000, "discontinuedOperations": {}, "extraordinaryItems": {}, "effectOfAccountingCharges": {}, "otherItems": {}, "netIncome": -12142000, "netIncomeApplicableToCommonShares": -12142000}, {"maxAge": 1, "endDate": "2020-03-31", "totalRevenue": 49918000, "costOfRevenue": 27701000, "grossProfit": 22217000, "researchDevelopment": {}, "sellingGeneralAdministrative": {}, "nonRecurring": {}, "otherOperatingExpenses": 12617000, "totalOperatingExpenses": 46979000, "operatingIncome": 2939000, "totalOtherIncomeExpenseNet": 910000, "ebit": 2939000, "interestExpense": -8000, "incomeBeforeTax": 3849000, "incomeTaxExpense": 2111000, "minorityInterest": {}, "netIncomeFromContinuingOps": 1738000, "discontinuedOperations": {}, "extraordinaryItems": {}, "effectOfAccountingCharges": {}, "otherItems": {}, "netIncome": 1738000, "netIncomeApplicableToCommonShares": 1738000}, {"maxAge": 1, "endDate": "2019-12-31", "totalRevenue": 62317000, "costOfRevenue": 29541000, "grossProfit": 32776000, "researchDevelopment": {}, "sellingGeneralAdministrative": {}, "nonRecurring": {}, "otherOperatingExpenses": 11657000, "totalOperatingExpenses": 43703000, "operatingIncome": 18614000, "totalOtherIncomeExpenseNet": 1659000, "ebit": 18614000, "interestExpense": -4000, "incomeBeforeTax": 20273000, "incomeTaxExpense": 4052000, "minorityInterest": {}, "netIncomeFromContinuingOps": 16221000, "discontinuedOperations": {}, "extraordinaryItems": {}, "effectOfAccountingCharges": {}, "otherItems": {}, "netIncome": 16221000, "netIncomeApplicableToCommonShares": 16221000}, {"maxAge": 1, "endDate": "2019-09-30", "totalRevenue": 32294000, "costOfRevenue": 24678000, "grossProfit": 7616000, "researchDevelopment": {}, "sellingGeneralAdministrative": {}, "nonRecurring": {}, "otherOperatingExpenses": 11603000, "totalOperatingExpenses": 38668000, "operatingIncome": -6374000, "totalOtherIncomeExpenseNet": 9412000, "ebit": -6374000, "interestExpense": -4000, "incomeBeforeTax": 3038000, "incomeTaxExpense": 695000, "minorityInterest": {}, "netIncomeFromContinuingOps": 2343000, "discontinuedOperations": {}, "extraordinaryItems": {}, "effectOfAccountingCharges": {}, "otherItems": {}, "netIncome": 2343000, "netIncomeApplicableToCommonShares": 2343000}], "maxAge": 86400}, "cashflowStatementHistoryQuarterly": {"cashflowStatements": [{"maxAge": 1, "endDate": "2020-06-30", "netIncome": -12142000, "changeToLiabilities": 0}, {"maxAge": 1, "endDate": "2020-03-31", "netIncome": 1738000, "changeToLiabilities": 0}, {"maxAge": 1, "endDate": "2019-12-31", "netIncome": 16221000, "changeToLiabilities": 0}, {"maxAge": 1, "endDate": "2019-09-30", "netIncome": 2343000, "changeToLiabilities": 0}], "maxAge": 86400}, "insiderHolders": {"holders": [{"maxAge": 1, "name": "Elegance Infratech Pvt Ltd", "relation": "Promoter", "url": "", "transactionDescription": "Acquisition", "latestTransDate": "2015-01-16", "positionDirect": 2146506, "positionDirectDate": "2015-01-16"}, {"maxAge": 1, "name": "Khan (Sikandar Hafiz)", "relation": "Managing Director", "url": "", "transactionDescription": "Acquisition", "latestTransDate": "2016-01-20", "positionDirect": 872955, "positionDirectDate": "2016-01-20"}, {"maxAge": 1, "name": "Reliable Global Ventures Pvt Ltd", "relation": "Promoter", "url": "", "transactionDescription": "Acquisition", "latestTransDate": "2014-07-25", "positionDirect": 1542966, "positionDirectDate": "2014-07-25"}, {"maxAge": 1, "name": "Ritu Tie Up Pvt Ltd", "relation": "Institution- Corporation", "url": "", "transactionDescription": "Acquisition", "latestTransDate": "2010-03-23", "positionDirect": 700878, "positionDirectDate": "2010-03-23"}], "maxAge": 1}, "calendarEvents": {"maxAge": 1, "earnings": {"earningsDate": []}}, "price": {"maxAge": 1, "regularMarketChangePercent": 0.0, "regularMarketChange": 0.0, "regularMarketTime": "2021-04-29 11:15:00", "priceHint": 2, "regularMarketPrice": 6.71, "regularMarketDayHigh": 6.71, "regularMarketDayLow": 6.71, "regularMarketVolume": 200, "averageDailyVolume10Day": 689, "averageDailyVolume3Month": 846, "regularMarketPreviousClose": 6.71, "regularMarketSource": "FREE_REALTIME", "regularMarketOpen": 6.71, "exchange": "BSE", "exchangeName": "BSE", "exchangeDataDelayedBy": 0, "marketState": "CLOSED", "quoteType": "EQUITY", "symbol": "RELIABVEN.BO", "underlyingSymbol": null, "shortName": "RELIABLE VENTURES INDIA LTD.", "longName": "Reliable Ventures India Limited", "currency": "INR", "quoteSourceName": "Delayed Quote", "currencySymbol": "\u20b9", "fromCurrency": null, "toCurrency": null, "lastMarket": null, "marketCap": 73896560}, "balanceSheetHistory": {"balanceSheetStatements": [{"maxAge": 1, "endDate": "2020-03-31", "cash": 6158112, "shortTermInvestments": 78119609, "netReceivables": 15358859, "inventory": 6148466, "otherCurrentAssets": 11209070, "totalCurrentAssets": 116994116, "propertyPlantEquipment": 201195038, "otherAssets": 5968238, "totalAssets": 324157392, "accountsPayable": 7635225, "otherCurrentLiab": 14776244, "otherLiab": 2333867, "totalCurrentLiabilities": 26416469, "totalLiab": 28750336, "commonStock": 110129000, "treasuryStock": 185278056, "otherStockholderEquity": 185278056, "totalStockholderEquity": 295407056, "netTangibleAssets": 295407056}, {"maxAge": 1, "endDate": "2019-03-31", "cash": 13635765, "shortTermInvestments": 11866, "netReceivables": 15508780, "inventory": 6343764, "otherCurrentAssets": 12265317, "totalCurrentAssets": 99791776, "propertyPlantEquipment": 208515933, "otherAssets": 5008758, "totalAssets": 313316467, "accountsPayable": 9011068, "otherCurrentLiab": 5992081, "otherLiab": 1467049, "totalCurrentLiabilities": 31305704, "totalLiab": 32772753, "commonStock": 110129000, "retainedEarnings": 158258714, "treasuryStock": 2466000, "capitalSurplus": 9690000, "otherStockholderEquity": 2466000, "totalStockholderEquity": 280543714, "netTangibleAssets": 280543714}, {"maxAge": 1, "endDate": "2018-03-31", "cash": 10006672, "shortTermInvestments": 11866, "netReceivables": 19072757, "inventory": 6255167, "otherCurrentAssets": 12736003, "totalCurrentAssets": 82308337, "propertyPlantEquipment": 211811084, "intangibleAssets": 8875, "otherAssets": 1960951, "totalAssets": 296089247, "accountsPayable": 7696381, "shortLongTermDebt": 120104, "otherCurrentLiab": 4841942, "otherLiab": 4994952, "totalCurrentLiabilities": 29361073, "totalLiab": 34356025, "commonStock": 110129000, "retainedEarnings": 139448222, "treasuryStock": 2466000, "capitalSurplus": 9690000, "otherStockholderEquity": 2466000, "totalStockholderEquity": 261733222, "netTangibleAssets": 261724347}, {"maxAge": 1, "endDate": "2017-03-31", "cash": 6345124, "shortTermInvestments": 11866, "netReceivables": 17959018, "inventory": 6173962, "otherCurrentAssets": 10581707, "totalCurrentAssets": 61105756, "propertyPlantEquipment": 230207833, "intangibleAssets": 20583, "otherAssets": 1862750, "totalAssets": 293196922, "accountsPayable": 5458070, "shortLongTermDebt": 1151666, "otherCurrentLiab": 4000965, "longTermDebt": 120104, "otherLiab": 5665235, "totalCurrentLiabilities": 28715527, "totalLiab": 34500866, "commonStock": 110129000, "retainedEarnings": 136411056, "treasuryStock": 2466000, "capitalSurplus": 9690000, "otherStockholderEquity": 2466000, "totalStockholderEquity": 258696056, "netTangibleAssets": 258675473}], "maxAge": 86400}, "financialData": {"maxAge": 86400, "currentPrice": 6.71, "recommendationKey": "none", "grossProfits": 77402000, "financialCurrency": "INR"}}}