{"RELTD.BO": {"cashflowStatementHistory": {"cashflowStatements": [{"maxAge": 1, "endDate": "2020-03-31", "netIncome": 58160000, "depreciation": 71020000, "changeToNetincome": 12270000, "changeToAccountReceivables": 458360000, "changeToLiabilities": -736990000, "changeToInventory": -47090000, "changeToOperatingActivities": -104190000, "totalCashFromOperatingActivities": -287670000, "capitalExpenditures": -100500000, "investments": 192230000, "otherCashflowsFromInvestingActivities": 481350000, "totalCashflowsFromInvestingActivities": 573620000, "netBorrowings": 132220000, "otherCashflowsFromFinancingActivities": -399550000, "totalCashFromFinancingActivities": -267330000, "changeInCash": 18620000}, {"maxAge": 1, "endDate": "2019-03-31", "netIncome": -2133090000, "depreciation": 67370000, "changeToNetincome": 2513700000, "changeToAccountReceivables": -556380000, "changeToLiabilities": -41690000, "changeToInventory": 92090000, "changeToOperatingActivities": 214670000, "totalCashFromOperatingActivities": 156670000, "capitalExpenditures": -177490000, "investments": 334410000, "otherCashflowsFromInvestingActivities": -1621110000, "totalCashflowsFromInvestingActivities": -698690000, "netBorrowings": 391340000, "otherCashflowsFromFinancingActivities": 162450000, "totalCashFromFinancingActivities": 660370000, "changeInCash": 118350000, "issuanceOfStock": 106580000}, {"maxAge": 1, "endDate": "2018-03-31", "netIncome": -1397690000, "depreciation": 44530000, "changeToNetincome": 1370370000, "changeToAccountReceivables": -84590000, "changeToLiabilities": -302760000, "changeToInventory": -110150000, "changeToOperatingActivities": 1026080000, "totalCashFromOperatingActivities": 545790000, "capitalExpenditures": -973190000, "investments": -2500000, "otherCashflowsFromInvestingActivities": -184860000, "totalCashflowsFromInvestingActivities": -1159990000, "netBorrowings": 566750000, "otherCashflowsFromFinancingActivities": -19170000, "totalCashFromFinancingActivities": 547580000, "changeInCash": -66620000, "issuanceOfStock": 106580000}, {"maxAge": 1, "endDate": "2017-03-31", "netIncome": -18100000, "depreciation": 5720000, "changeToNetincome": 190690000, "changeToAccountReceivables": 894190000, "changeToLiabilities": -644770000, "changeToInventory": -19740000, "changeToOperatingActivities": 190860000, "totalCashFromOperatingActivities": 598850000, "capitalExpenditures": -973190000, "investments": 1580000, "otherCashflowsFromInvestingActivities": -141730000, "totalCashflowsFromInvestingActivities": 317950000, "netBorrowings": -33710000, "otherCashflowsFromFinancingActivities": -714500000, "totalCashFromFinancingActivities": -748210000, "changeInCash": 168590000, "issuanceOfStock": 106580000}], "maxAge": 86400}, "institutionOwnership": {"maxAge": 1, "ownershipList": []}, "balanceSheetHistoryQuarterly": {"balanceSheetStatements": [{"maxAge": 1, "endDate": "2020-06-30", "totalStockholderEquity": -132050000, "netTangibleAssets": -132530000}, {"maxAge": 1, "endDate": "2020-03-31", "cash": 371970000, "shortTermInvestments": 21420000, "netReceivables": 2437640000, "inventory": 92430000, "otherCurrentAssets": 237810000, "totalCurrentAssets": 3166610000, "longTermInvestments": 770000, "propertyPlantEquipment": 1788910000, "intangibleAssets": 480000, "otherAssets": 58370000, "totalAssets": 5015140000, "accountsPayable": 939950000, "shortLongTermDebt": 91370000, "otherCurrentLiab": 111430000, "longTermDebt": 847150000, "otherLiab": 359200000, "totalCurrentLiabilities": 3934670000, "totalLiab": 5147190000, "commonStock": 1198800000, "retainedEarnings": -2805980000, "treasuryStock": 586420000, "capitalSurplus": 888710000, "otherStockholderEquity": 586420000, "totalStockholderEquity": -132050000, "netTangibleAssets": -132530000}, {"maxAge": 1, "endDate": "2019-12-31", "totalStockholderEquity": -357580000, "netTangibleAssets": -358530000}, {"maxAge": 1, "endDate": "2019-09-30", "cash": 332270000, "shortTermInvestments": 2500000, "netReceivables": 2068690000, "inventory": 176170000, "otherCurrentAssets": 613720000, "totalCurrentAssets": 3193350000, "longTermInvestments": 249040000, "propertyPlantEquipment": 1778620000, "intangibleAssets": 950000, "otherAssets": 32510000, "totalAssets": 5254470000, "accountsPayable": 412270000, "otherCurrentLiab": 1215410000, "longTermDebt": 987750000, "otherLiab": 367740000, "totalCurrentLiabilities": 4256560000, "totalLiab": 5612050000, "commonStock": 1198800000, "treasuryStock": -1556380000, "otherStockholderEquity": -1556380000, "totalStockholderEquity": -357580000, "netTangibleAssets": -358530000}], "maxAge": 86400}, "indexTrend": {"maxAge": 1, "symbol": "SP5", "peRatio": 19.7411, "pegRatio": 1.34172, "estimates": [{"period": "0q", "growth": 0.549}, {"period": "+1q", "growth": 0.431}, {"period": "0y", "growth": 0.305}, {"period": "+1y", "growth": 0.109}, {"period": "+5y", "growth": 0.120859005}, {"period": "-5y"}]}, "insiderTransactions": {"transactions": [{"maxAge": 1, "shares": 60000, "filerUrl": "", "transactionText": "", "filerName": "Murkumbai (Narendra Madhusudan)", "filerRelation": "Promoter", "moneyText": "", "startDate": "2020-03-30", "ownership": "D"}], "maxAge": 1}, "quoteType": {"exchange": "BSE", "quoteType": "EQUITY", "symbol": "RELTD.BO", "underlyingSymbol": "RELTD.BO", "shortName": "RAVINDRA ENERGY LIMITED", "longName": "Ravindra Energy Limited", "firstTradeDateEpochUtc": "2012-05-14 09:15:00", "timeZoneFullName": "Asia/Kolkata", "timeZoneShortName": "IST", "uuid": "221072af-e088-3cd9-af4c-6e450858a7b0", "messageBoardId": null, "gmtOffSetMilliseconds": 19800000, "maxAge": 1}, "incomeStatementHistory": {"incomeStatementHistory": [{"maxAge": 1, "endDate": "2020-03-31", "totalRevenue": 7193760000, "costOfRevenue": 6202600000, "grossProfit": 991160000, "researchDevelopment": {}, "sellingGeneralAdministrative": 44610000, "nonRecurring": {}, "otherOperatingExpenses": 588050000, "totalOperatingExpenses": 6907070000, "operatingIncome": 286690000, "totalOtherIncomeExpenseNet": -192480000, "ebit": 286690000, "interestExpense": -413530000, "incomeBeforeTax": 94210000, "incomeTaxExpense": 36050000, "minorityInterest": {}, "netIncomeFromContinuingOps": 58160000, "discontinuedOperations": {}, "extraordinaryItems": {}, "effectOfAccountingCharges": {}, "otherItems": {}, "netIncome": 58160000, "netIncomeApplicableToCommonShares": 58160000}, {"maxAge": 1, "endDate": "2019-03-31", "totalRevenue": 5181910000, "costOfRevenue": 4617020000, "grossProfit": 564890000, "researchDevelopment": {}, "sellingGeneralAdministrative": 35660000, "nonRecurring": {}, "otherOperatingExpenses": 596740000, "totalOperatingExpenses": 5316790000, "operatingIncome": -134880000, "totalOtherIncomeExpenseNet": -1881370000, "ebit": -134880000, "interestExpense": -196300000, "incomeBeforeTax": -2016250000, "incomeTaxExpense": 116840000, "minorityInterest": {}, "netIncomeFromContinuingOps": -2133090000, "discontinuedOperations": {}, "extraordinaryItems": {}, "effectOfAccountingCharges": {}, "otherItems": {}, "netIncome": -2133090000, "netIncomeApplicableToCommonShares": -2133090000}, {"maxAge": 1, "endDate": "2018-03-31", "totalRevenue": 4190650000, "costOfRevenue": 3795350000, "grossProfit": 395300000, "researchDevelopment": {}, "sellingGeneralAdministrative": 38030000, "nonRecurring": {}, "otherOperatingExpenses": 398750000, "totalOperatingExpenses": 4276660000, "operatingIncome": -86010000, "totalOtherIncomeExpenseNet": -1080110000, "ebit": -86010000, "interestExpense": -266330000, "incomeBeforeTax": -1166120000, "incomeTaxExpense": 231570000, "minorityInterest": {}, "netIncomeFromContinuingOps": -1397690000, "discontinuedOperations": {}, "extraordinaryItems": {}, "effectOfAccountingCharges": {}, "otherItems": {}, "netIncome": -1397690000, "netIncomeApplicableToCommonShares": -1397690000}, {"maxAge": 1, "endDate": "2017-03-31", "totalRevenue": 6206540000, "costOfRevenue": 5596920000, "grossProfit": 609620000, "researchDevelopment": {}, "sellingGeneralAdministrative": 62910000, "nonRecurring": {}, "otherOperatingExpenses": 509830000, "totalOperatingExpenses": 6175380000, "operatingIncome": 31160000, "totalOtherIncomeExpenseNet": -18640000, "ebit": 31160000, "interestExpense": -213880000, "incomeBeforeTax": 12520000, "incomeTaxExpense": 30620000, "minorityInterest": 620000, "netIncomeFromContinuingOps": -18100000, "discontinuedOperations": {}, "extraordinaryItems": {}, "effectOfAccountingCharges": {}, "otherItems": {}, "netIncome": -18100000, "netIncomeApplicableToCommonShares": -18100000}], "maxAge": 86400}, "fundOwnership": {"maxAge": 1, "ownershipList": []}, "summaryDetail": {"maxAge": 1, "priceHint": 2, "previousClose": 31.5, "open": 30.45, "dayLow": 30.45, "dayHigh": 36.0, "regularMarketPreviousClose": 31.5, "regularMarketOpen": 30.45, "regularMarketDayLow": 30.45, "regularMarketDayHigh": 36.0, "trailingPE": 29.393118, "volume": 3055, "regularMarketVolume": 3055, "averageVolume": 14420, "averageVolume10days": 2376, "averageDailyVolume10Day": 2376, "bid": 30.7, "ask": 36.0, "bidSize": 0, "askSize": 0, "marketCap": 3881993472, "fiftyTwoWeekLow": 18.15, "fiftyTwoWeekHigh": 43.05, "fiftyDayAverage": 35.818573, "twoHundredDayAverage": 30.759125, "currency": "INR", "fromCurrency": null, "toCurrency": null, "lastMarket": null, "algorithm": null, "tradeable": false}, "incomeStatementHistoryQuarterly": {"incomeStatementHistory": [{"maxAge": 1, "endDate": "2020-06-30", "totalRevenue": 914000000, "costOfRevenue": 675020000, "grossProfit": 238980000, "researchDevelopment": {}, "sellingGeneralAdministrative": 9740000, "nonRecurring": {}, "otherOperatingExpenses": 102640000, "totalOperatingExpenses": 805950000, "operatingIncome": 108050000, "totalOtherIncomeExpenseNet": -111450000, "ebit": 108050000, "interestExpense": -110840000, "incomeBeforeTax": -3400000, "incomeTaxExpense": 40500000, "minorityInterest": {}, "netIncomeFromContinuingOps": -43900000, "discontinuedOperations": {}, "extraordinaryItems": {}, "effectOfAccountingCharges": {}, "otherItems": {}, "netIncome": -43900000, "netIncomeApplicableToCommonShares": -43900000}, {"maxAge": 1, "endDate": "2020-03-31", "totalRevenue": 4411890000, "costOfRevenue": 3981930000, "grossProfit": 429960000, "researchDevelopment": {}, "sellingGeneralAdministrative": 13940000, "nonRecurring": {}, "otherOperatingExpenses": 288260000, "totalOperatingExpenses": 4301570000, "operatingIncome": 110320000, "totalOtherIncomeExpenseNet": 90180000, "ebit": 110320000, "interestExpense": -129990000, "incomeBeforeTax": 200500000, "incomeTaxExpense": -20680000, "minorityInterest": {}, "netIncomeFromContinuingOps": 221180000, "discontinuedOperations": {}, "extraordinaryItems": {}, "effectOfAccountingCharges": {}, "otherItems": {}, "netIncome": 221180000, "netIncomeApplicableToCommonShares": 221180000}, {"maxAge": 1, "endDate": "2019-12-31", "totalRevenue": 882510000, "costOfRevenue": 684030000, "grossProfit": 198480000, "researchDevelopment": {}, "sellingGeneralAdministrative": 10020000, "nonRecurring": {}, "otherOperatingExpenses": 90610000, "totalOperatingExpenses": 803110000, "operatingIncome": 79400000, "totalOtherIncomeExpenseNet": -98270000, "ebit": 79400000, "interestExpense": -98390000, "incomeBeforeTax": -18870000, "incomeTaxExpense": 12060000, "minorityInterest": {}, "netIncomeFromContinuingOps": -30930000, "discontinuedOperations": {}, "extraordinaryItems": {}, "effectOfAccountingCharges": {}, "otherItems": {}, "netIncome": -30930000, "netIncomeApplicableToCommonShares": -30930000}, {"maxAge": 1, "endDate": "2019-09-30", "totalRevenue": 1028670000, "costOfRevenue": 818760000, "grossProfit": 209910000, "researchDevelopment": {}, "sellingGeneralAdministrative": 10890000, "nonRecurring": {}, "otherOperatingExpenses": 107640000, "totalOperatingExpenses": 955330000, "operatingIncome": 73340000, "totalOtherIncomeExpenseNet": -89750000, "ebit": 73340000, "interestExpense": -89680000, "incomeBeforeTax": -16410000, "incomeTaxExpense": -530000, "minorityInterest": {}, "netIncomeFromContinuingOps": -15880000, "discontinuedOperations": {}, "extraordinaryItems": {}, "effectOfAccountingCharges": {}, "otherItems": {}, "netIncome": -15880000, "netIncomeApplicableToCommonShares": -15880000}], "maxAge": 86400}, "cashflowStatementHistoryQuarterly": {"cashflowStatements": [{"maxAge": 1, "endDate": "2020-06-30", "netIncome": -43900000, "changeToLiabilities": 0}, {"maxAge": 1, "endDate": "2020-03-31", "netIncome": 221180000, "changeToLiabilities": 0}, {"maxAge": 1, "endDate": "2019-12-31", "netIncome": -30930000, "changeToLiabilities": 0}, {"maxAge": 1, "endDate": "2019-09-30", "netIncome": -15880000, "changeToLiabilities": 0}], "maxAge": 86400}, "insiderHolders": {"holders": [{"maxAge": 1, "name": "Murkumbai (Narendra Madhusudan)", "relation": "Promoter", "url": "", "transactionDescription": "Acquisition", "latestTransDate": "2020-03-30", "positionDirect": 38534310, "positionDirectDate": "2020-03-30"}], "maxAge": 1}, "calendarEvents": {"maxAge": 1, "earnings": {"earningsDate": ["2020-11-09 05:30:S", "2020-11-15 05:30:S"]}}, "price": {"maxAge": 1, "regularMarketChangePercent": 0.030158753, "regularMarketChange": 0.95000076, "regularMarketTime": "2021-04-30 15:29:27", "priceHint": 2, "regularMarketPrice": 32.45, "regularMarketDayHigh": 36.0, "regularMarketDayLow": 30.45, "regularMarketVolume": 3055, "averageDailyVolume10Day": 2376, "averageDailyVolume3Month": 14420, "regularMarketPreviousClose": 31.5, "regularMarketSource": "FREE_REALTIME", "regularMarketOpen": 30.45, "exchange": "BSE", "exchangeName": "BSE", "exchangeDataDelayedBy": 0, "marketState": "CLOSED", "quoteType": "EQUITY", "symbol": "RELTD.BO", "underlyingSymbol": null, "shortName": "RAVINDRA ENERGY LIMITED", "longName": "Ravindra Energy Limited", "currency": "INR", "quoteSourceName": "Delayed Quote", "currencySymbol": "\u20b9", "fromCurrency": null, "toCurrency": null, "lastMarket": null, "marketCap": 3881993472}, "balanceSheetHistory": {"balanceSheetStatements": [{"maxAge": 1, "endDate": "2020-03-31", "cash": 371970000, "shortTermInvestments": 21420000, "netReceivables": 2437640000, "inventory": 92430000, "otherCurrentAssets": 237810000, "totalCurrentAssets": 3166610000, "longTermInvestments": 770000, "propertyPlantEquipment": 1788910000, "intangibleAssets": 480000, "otherAssets": 58370000, "totalAssets": 5015140000, "accountsPayable": 939950000, "shortLongTermDebt": 91370000, "otherCurrentLiab": 111430000, "longTermDebt": 847150000, "otherLiab": 359200000, "totalCurrentLiabilities": 3934670000, "totalLiab": 5147190000, "commonStock": 1198800000, "retainedEarnings": -2805980000, "treasuryStock": 586420000, "capitalSurplus": 888710000, "otherStockholderEquity": 586420000, "totalStockholderEquity": -132050000, "netTangibleAssets": -132530000}, {"maxAge": 1, "endDate": "2019-03-31", "cash": 353350000, "shortTermInvestments": 54780000, "netReceivables": 2966240000, "inventory": 45340000, "otherCurrentAssets": 152490000, "totalCurrentAssets": 3576310000, "longTermInvestments": 248940000, "propertyPlantEquipment": 1770070000, "intangibleAssets": 1010000, "otherAssets": 45770000, "totalAssets": 5642100000, "accountsPayable": 522880000, "shortLongTermDebt": 73640000, "otherCurrentLiab": 1432360000, "longTermDebt": 942080000, "otherLiab": 322250000, "totalCurrentLiabilities": 4593610000, "totalLiab": 5857940000, "commonStock": 1198800000, "retainedEarnings": -2863820000, "treasuryStock": 560470000, "capitalSurplus": 888710000, "otherStockholderEquity": 560470000, "totalStockholderEquity": -215840000, "netTangibleAssets": -216850000}, {"maxAge": 1, "endDate": "2018-03-31", "cash": 235000000, "shortTermInvestments": 2500000, "netReceivables": 2700740000, "inventory": 137430000, "otherCurrentAssets": 94850000, "totalCurrentAssets": 3173540000, "longTermInvestments": 583350000, "propertyPlantEquipment": 1659000000, "goodWill": 765930000, "intangibleAssets": 1540000, "otherAssets": 223540000, "totalAssets": 6406900000, "accountsPayable": 126910000, "shortLongTermDebt": 77300000, "otherCurrentLiab": 2002140000, "longTermDebt": 1037740000, "otherLiab": 226370000, "totalCurrentLiabilities": 4290780000, "totalLiab": 5554890000, "commonStock": 1179230000, "retainedEarnings": -1192790000, "treasuryStock": 63860000, "capitalSurplus": 801710000, "otherStockholderEquity": 63860000, "totalStockholderEquity": 852010000, "netTangibleAssets": 84540000}, {"maxAge": 1, "endDate": "2017-03-31", "cash": 301630000, "shortTermInvestments": 1310000, "netReceivables": 2773960000, "inventory": 27280000, "otherCurrentAssets": 847110000, "totalCurrentAssets": 3958080000, "longTermInvestments": 1208350000, "propertyPlantEquipment": 729370000, "goodWill": 766510000, "intangibleAssets": 2480000, "otherAssets": 334430000, "totalAssets": 6999220000, "accountsPayable": 262570000, "otherCurrentLiab": 2252550000, "longTermDebt": 332890000, "otherLiab": 13090000, "minorityInterest": 620000, "totalCurrentLiabilities": 4737560000, "totalLiab": 5083540000, "commonStock": 1179230000, "retainedEarnings": 121110000, "treasuryStock": -186990000, "capitalSurplus": 801710000, "otherStockholderEquity": -186990000, "totalStockholderEquity": 1915060000, "netTangibleAssets": 1146070000}], "maxAge": 86400}, "financialData": {"maxAge": 86400, "currentPrice": 32.45, "recommendationKey": "none", "grossProfits": 991160000, "financialCurrency": "INR"}}}