{"REMIEDEL.BO": {"cashflowStatementHistory": {"cashflowStatements": [{"maxAge": 1, "endDate": "2020-03-31", "netIncome": 1450000, "depreciation": 47121000, "changeToNetincome": -7540000, "changeToAccountReceivables": 111570000, "changeToLiabilities": -50006000, "changeToInventory": 55623000, "totalCashFromOperatingActivities": 158218000, "capitalExpenditures": -16894000, "otherCashflowsFromInvestingActivities": 5982000, "totalCashflowsFromInvestingActivities": -10657000, "netBorrowings": -151025000, "otherCashflowsFromFinancingActivities": 5817000, "totalCashFromFinancingActivities": -145208000, "changeInCash": 2353000}, {"maxAge": 1, "endDate": "2019-03-31", "netIncome": 1169000, "depreciation": 47659000, "changeToNetincome": -6363000, "changeToAccountReceivables": -46236000, "changeToLiabilities": 100883000, "changeToInventory": -26326000, "totalCashFromOperatingActivities": 70786000, "capitalExpenditures": -14919000, "investments": 4270000, "otherCashflowsFromInvestingActivities": 6317000, "totalCashflowsFromInvestingActivities": -4017000, "netBorrowings": -59932000, "otherCashflowsFromFinancingActivities": -4617000, "totalCashFromFinancingActivities": -64549000, "changeInCash": 2220000}, {"maxAge": 1, "endDate": "2018-03-31", "netIncome": -19389000, "depreciation": 47825000, "changeToNetincome": -22478000, "changeToAccountReceivables": -94195000, "changeToLiabilities": -41179000, "changeToInventory": -10556000, "totalCashFromOperatingActivities": -139972000, "capitalExpenditures": -8019000, "investments": 6723000, "otherCashflowsFromInvestingActivities": 6354000, "totalCashflowsFromInvestingActivities": 5058000, "netBorrowings": 123542000, "otherCashflowsFromFinancingActivities": 1622000, "totalCashFromFinancingActivities": 175164000, "changeInCash": 40250000, "issuanceOfStock": 50000000}, {"maxAge": 1, "endDate": "2017-03-31", "netIncome": -43459000, "depreciation": 47089000, "changeToNetincome": -52234000, "changeToAccountReceivables": 48623000, "changeToLiabilities": -24461000, "changeToInventory": 80513000, "totalCashFromOperatingActivities": 56071000, "capitalExpenditures": -17797000, "investments": 23798000, "otherCashflowsFromInvestingActivities": 6000000, "totalCashflowsFromInvestingActivities": 12557000, "netBorrowings": -176655000, "otherCashflowsFromFinancingActivities": 6720000, "totalCashFromFinancingActivities": -69935000, "changeInCash": -1307000, "issuanceOfStock": 100000000}], "maxAge": 86400}, "institutionOwnership": {"maxAge": 1, "ownershipList": []}, "balanceSheetHistoryQuarterly": {"balanceSheetStatements": [{"maxAge": 1, "endDate": "2020-06-30", "totalStockholderEquity": 413141000, "netTangibleAssets": 413080000}, {"maxAge": 1, "endDate": "2020-03-31", "cash": 863000, "netReceivables": 151886000, "inventory": 283818000, "otherCurrentAssets": 90109000, "totalCurrentAssets": 533319000, "longTermInvestments": 582000, "propertyPlantEquipment": 342223000, "intangibleAssets": 61000, "otherAssets": 2446000, "totalAssets": 878631000, "accountsPayable": 64965000, "shortLongTermDebt": 6734000, "otherCurrentLiab": 70914000, "longTermDebt": 215442000, "otherLiab": 40008000, "totalCurrentLiabilities": 210040000, "totalLiab": 465490000, "commonStock": 109824000, "retainedEarnings": 214216000, "treasuryStock": 3501000, "capitalSurplus": 85600000, "otherStockholderEquity": 3501000, "totalStockholderEquity": 413141000, "netTangibleAssets": 413080000}, {"maxAge": 1, "endDate": "2019-12-31", "totalStockholderEquity": 413994000, "netTangibleAssets": 413977000}, {"maxAge": 1, "endDate": "2019-09-30", "cash": 12778000, "netReceivables": 310076000, "inventory": 311422000, "otherCurrentAssets": 107465000, "totalCurrentAssets": 741741000, "longTermInvestments": 53701000, "propertyPlantEquipment": 360317000, "intangibleAssets": 17000, "totalAssets": 1155776000, "accountsPayable": 49194000, "shortLongTermDebt": 6734000, "otherCurrentLiab": 103709000, "longTermDebt": 335670000, "otherLiab": 37774000, "totalCurrentLiabilities": 368338000, "totalLiab": 741782000, "commonStock": 109824000, "treasuryStock": 304170000, "otherStockholderEquity": 304170000, "totalStockholderEquity": 413994000, "netTangibleAssets": 413977000}], "maxAge": 86400}, "indexTrend": {"maxAge": 1, "symbol": "SP5", "peRatio": 19.7411, "pegRatio": 1.34172, "estimates": [{"period": "0q", "growth": 0.549}, {"period": "+1q", "growth": 0.431}, {"period": "0y", "growth": 0.305}, {"period": "+1y", "growth": 0.109}, {"period": "+5y", "growth": 0.120859005}, {"period": "-5y"}]}, "insiderTransactions": {"transactions": [{"maxAge": 1, "shares": 504987, "filerUrl": "", "transactionText": "", "filerName": "Remi Securities Ltd", "filerRelation": "Promoter", "moneyText": "", "startDate": "2020-02-27", "ownership": "D"}], "maxAge": 1}, "quoteType": {"exchange": "BSE", "quoteType": "EQUITY", "symbol": "REMIEDEL.BO", "underlyingSymbol": "REMIEDEL.BO", "shortName": "REMI EDELSTAHL TUBULARS LIMITE", "longName": "Remi Edelstahl Tubulars Limited", "firstTradeDateEpochUtc": "2000-01-03 09:15:00", "timeZoneFullName": "Asia/Kolkata", "timeZoneShortName": "IST", "uuid": "7783a578-d8e2-381a-a10f-f4ffda3f2b99", "messageBoardId": null, "gmtOffSetMilliseconds": 19800000, "maxAge": 1}, "incomeStatementHistory": {"incomeStatementHistory": [{"maxAge": 1, "endDate": "2020-03-31", "totalRevenue": 1051606000, "costOfRevenue": 786697000, "grossProfit": 264909000, "researchDevelopment": {}, "sellingGeneralAdministrative": 73481000, "nonRecurring": {}, "otherOperatingExpenses": 120379000, "totalOperatingExpenses": 1027962000, "operatingIncome": 23644000, "totalOtherIncomeExpenseNet": -21059000, "ebit": 23644000, "interestExpense": -32144000, "incomeBeforeTax": 2585000, "incomeTaxExpense": 1135000, "minorityInterest": {}, "netIncomeFromContinuingOps": 1450000, "discontinuedOperations": {}, "extraordinaryItems": {}, "effectOfAccountingCharges": {}, "otherItems": {}, "netIncome": 1450000, "netIncomeApplicableToCommonShares": 1450000}, {"maxAge": 1, "endDate": "2019-03-31", "totalRevenue": 1245820000, "costOfRevenue": 950702000, "grossProfit": 295118000, "researchDevelopment": {}, "sellingGeneralAdministrative": 68001000, "nonRecurring": {}, "otherOperatingExpenses": 140757000, "totalOperatingExpenses": 1218754000, "operatingIncome": 27066000, "totalOtherIncomeExpenseNet": -22583000, "ebit": 27066000, "interestExpense": -38052000, "incomeBeforeTax": 4483000, "incomeTaxExpense": 3314000, "minorityInterest": {}, "netIncomeFromContinuingOps": 1169000, "discontinuedOperations": {}, "extraordinaryItems": {}, "effectOfAccountingCharges": {}, "otherItems": {}, "netIncome": 1169000, "netIncomeApplicableToCommonShares": 1169000}, {"maxAge": 1, "endDate": "2018-03-31", "totalRevenue": 595672000, "costOfRevenue": 397152000, "grossProfit": 198520000, "researchDevelopment": {}, "sellingGeneralAdministrative": 65138000, "nonRecurring": {}, "otherOperatingExpenses": 104680000, "totalOperatingExpenses": 615603000, "operatingIncome": -19931000, "totalOtherIncomeExpenseNet": -9621000, "ebit": -19931000, "interestExpense": -24224000, "incomeBeforeTax": -29552000, "incomeTaxExpense": -10163000, "minorityInterest": {}, "netIncomeFromContinuingOps": -19389000, "discontinuedOperations": {}, "extraordinaryItems": {}, "effectOfAccountingCharges": {}, "otherItems": {}, "netIncome": -19389000, "netIncomeApplicableToCommonShares": -19389000}, {"maxAge": 1, "endDate": "2017-03-31", "totalRevenue": 661933000, "costOfRevenue": 505758000, "grossProfit": 156175000, "researchDevelopment": {}, "sellingGeneralAdministrative": 64324000, "nonRecurring": {}, "otherOperatingExpenses": 117857000, "totalOperatingExpenses": 735165000, "operatingIncome": -73232000, "totalOtherIncomeExpenseNet": -5085000, "ebit": -73232000, "interestExpense": -31683000, "incomeBeforeTax": -78317000, "incomeTaxExpense": -34858000, "minorityInterest": {}, "netIncomeFromContinuingOps": -43459000, "discontinuedOperations": {}, "extraordinaryItems": {}, "effectOfAccountingCharges": {}, "otherItems": {}, "netIncome": -43459000, "netIncomeApplicableToCommonShares": -43459000}], "maxAge": 86400}, "fundOwnership": {"maxAge": 1, "ownershipList": []}, "summaryDetail": {"maxAge": 1, "priceHint": 2, "previousClose": 19.55, "open": 19.6, "dayLow": 18.6, "dayHigh": 21.5, "regularMarketPreviousClose": 19.55, "regularMarketOpen": 19.6, "regularMarketDayLow": 18.6, "regularMarketDayHigh": 21.5, "volume": 2042, "regularMarketVolume": 2042, "averageVolume": 1331, "averageVolume10days": 5120, "averageDailyVolume10Day": 5120, "bid": 19.2, "ask": 21.0, "bidSize": 0, "askSize": 0, "marketCap": 235023360, "fiftyTwoWeekLow": 9.98, "fiftyTwoWeekHigh": 23.8, "fiftyDayAverage": 18.147142, "twoHundredDayAverage": 17.0027, "currency": "INR", "fromCurrency": null, "toCurrency": null, "lastMarket": null, "algorithm": null, "tradeable": false}, "incomeStatementHistoryQuarterly": {"incomeStatementHistory": [{"maxAge": 1, "endDate": "2020-06-30", "totalRevenue": 72662000, "costOfRevenue": 46315000, "grossProfit": 26347000, "researchDevelopment": {}, "sellingGeneralAdministrative": 10313000, "nonRecurring": {}, "otherOperatingExpenses": 12681000, "totalOperatingExpenses": 81330000, "operatingIncome": -8668000, "totalOtherIncomeExpenseNet": -596000, "ebit": -8668000, "interestExpense": -2211000, "incomeBeforeTax": -9264000, "incomeTaxExpense": -2695000, "minorityInterest": {}, "netIncomeFromContinuingOps": -6569000, "discontinuedOperations": {}, "extraordinaryItems": {}, "effectOfAccountingCharges": {}, "otherItems": {}, "netIncome": -6569000, "netIncomeApplicableToCommonShares": -6569000}, {"maxAge": 1, "endDate": "2020-03-31", "totalRevenue": 208591000, "costOfRevenue": 159975000, "grossProfit": 48616000, "researchDevelopment": {}, "sellingGeneralAdministrative": 19595000, "nonRecurring": {}, "otherOperatingExpenses": 12623000, "totalOperatingExpenses": 204188000, "operatingIncome": 4403000, "totalOtherIncomeExpenseNet": -3308000, "ebit": 4403000, "interestExpense": -9060000, "incomeBeforeTax": 1095000, "incomeTaxExpense": 1436000, "minorityInterest": {}, "netIncomeFromContinuingOps": -341000, "discontinuedOperations": {}, "extraordinaryItems": {}, "effectOfAccountingCharges": {}, "otherItems": {}, "netIncome": -341000, "netIncomeApplicableToCommonShares": -341000}, {"maxAge": 1, "endDate": "2019-12-31", "totalRevenue": 235061000, "costOfRevenue": 175889000, "grossProfit": 59172000, "researchDevelopment": {}, "sellingGeneralAdministrative": 17705000, "nonRecurring": {}, "otherOperatingExpenses": 22028000, "totalOperatingExpenses": 227174000, "operatingIncome": 7887000, "totalOtherIncomeExpenseNet": -7424000, "ebit": 7887000, "interestExpense": -8697000, "incomeBeforeTax": 463000, "incomeTaxExpense": -326000, "minorityInterest": {}, "netIncomeFromContinuingOps": 789000, "discontinuedOperations": {}, "extraordinaryItems": {}, "effectOfAccountingCharges": {}, "otherItems": {}, "netIncome": 789000, "netIncomeApplicableToCommonShares": 789000}, {"maxAge": 1, "endDate": "2019-09-30", "totalRevenue": 300985000, "costOfRevenue": 216844000, "grossProfit": 84141000, "researchDevelopment": {}, "sellingGeneralAdministrative": 19468000, "nonRecurring": {}, "otherOperatingExpenses": 48859000, "totalOperatingExpenses": 297273000, "operatingIncome": 3712000, "totalOtherIncomeExpenseNet": -3119000, "ebit": 3712000, "interestExpense": -5365000, "incomeBeforeTax": 593000, "incomeTaxExpense": 161000, "minorityInterest": {}, "netIncomeFromContinuingOps": 432000, "discontinuedOperations": {}, "extraordinaryItems": {}, "effectOfAccountingCharges": {}, "otherItems": {}, "netIncome": 432000, "netIncomeApplicableToCommonShares": 432000}], "maxAge": 86400}, "cashflowStatementHistoryQuarterly": {"cashflowStatements": [{"maxAge": 1, "endDate": "2020-06-30", "netIncome": -6569000, "changeToLiabilities": 0}, {"maxAge": 1, "endDate": "2020-03-31", "netIncome": -341000, "changeToLiabilities": 0}, {"maxAge": 1, "endDate": "2019-12-31", "netIncome": 789000, "changeToLiabilities": 0}, {"maxAge": 1, "endDate": "2019-09-30", "netIncome": 432000, "changeToLiabilities": 0}], "maxAge": 86400}, "insiderHolders": {"holders": [{"maxAge": 1, "name": "Remi Securities Ltd", "relation": "Promoter", "url": "", "transactionDescription": "Acquisition", "latestTransDate": "2020-02-27", "positionDirect": 1714377, "positionDirectDate": "2020-02-27"}], "maxAge": 1}, "calendarEvents": {"maxAge": 1, "earnings": {"earningsDate": []}}, "price": {"maxAge": 1, "regularMarketChangePercent": 0.094629176, "regularMarketChange": 1.8500004, "regularMarketTime": "2021-04-30 15:21:05", "priceHint": 2, "regularMarketPrice": 21.4, "regularMarketDayHigh": 21.5, "regularMarketDayLow": 18.6, "regularMarketVolume": 2042, "averageDailyVolume10Day": 5120, "averageDailyVolume3Month": 1331, "regularMarketPreviousClose": 19.55, "regularMarketSource": "FREE_REALTIME", "regularMarketOpen": 19.6, "exchange": "BSE", "exchangeName": "BSE", "exchangeDataDelayedBy": 0, "marketState": "CLOSED", "quoteType": "EQUITY", "symbol": "REMIEDEL.BO", "underlyingSymbol": null, "shortName": "REMI EDELSTAHL TUBULARS LIMITE", "longName": "Remi Edelstahl Tubulars Limited", "currency": "INR", "quoteSourceName": "Delayed Quote", "currencySymbol": "\u20b9", "fromCurrency": null, "toCurrency": null, "lastMarket": null, "marketCap": 235023360}, "balanceSheetHistory": {"balanceSheetStatements": [{"maxAge": 1, "endDate": "2020-03-31", "cash": 863000, "netReceivables": 151886000, "inventory": 283818000, "otherCurrentAssets": 90109000, "totalCurrentAssets": 533319000, "longTermInvestments": 582000, "propertyPlantEquipment": 342223000, "intangibleAssets": 61000, "otherAssets": 2446000, "totalAssets": 878631000, "accountsPayable": 64965000, "shortLongTermDebt": 6734000, "otherCurrentLiab": 70914000, "longTermDebt": 215442000, "otherLiab": 40008000, "totalCurrentLiabilities": 210040000, "totalLiab": 465490000, "commonStock": 109824000, "retainedEarnings": 214216000, "treasuryStock": 3501000, "capitalSurplus": 85600000, "otherStockholderEquity": 3501000, "totalStockholderEquity": 413141000, "netTangibleAssets": 413080000}, {"maxAge": 1, "endDate": "2019-03-31", "cash": 1088000, "shortTermInvestments": 616000, "netReceivables": 214796000, "inventory": 339442000, "otherCurrentAssets": 134120000, "totalCurrentAssets": 698159000, "longTermInvestments": 582000, "propertyPlantEquipment": 372514000, "intangibleAssets": 61000, "otherAssets": 8263000, "totalAssets": 1079579000, "accountsPayable": 121493000, "shortLongTermDebt": 7114000, "otherCurrentLiab": 64860000, "longTermDebt": 284942000, "otherLiab": 37978000, "totalCurrentLiabilities": 343667000, "totalLiab": 666587000, "commonStock": 109824000, "retainedEarnings": 214067000, "treasuryStock": 3501000, "capitalSurplus": 85600000, "otherStockholderEquity": 3501000, "totalStockholderEquity": 412992000, "netTangibleAssets": 412931000}, {"maxAge": 1, "endDate": "2018-03-31", "cash": 682000, "netReceivables": 208660000, "inventory": 313116000, "otherCurrentAssets": 43874000, "totalCurrentAssets": 572222000, "longTermInvestments": 582000, "propertyPlantEquipment": 405851000, "intangibleAssets": 85000, "otherAssets": 58319000, "deferredLongTermAssetCharges": 3203000, "totalAssets": 1037059000, "accountsPayable": 47400000, "shortLongTermDebt": 7353000, "otherCurrentLiab": 39998000, "longTermDebt": 284267000, "otherLiab": 28180000, "totalCurrentLiabilities": 313416000, "totalLiab": 625863000, "commonStock": 109824000, "retainedEarnings": 212271000, "treasuryStock": 3501000, "capitalSurplus": 85600000, "otherStockholderEquity": 3501000, "totalStockholderEquity": 411196000, "netTangibleAssets": 411111000}, {"maxAge": 1, "endDate": "2017-03-31", "cash": 421000, "netReceivables": 119410000, "inventory": 302561000, "otherCurrentAssets": 38938000, "totalCurrentAssets": 464848000, "longTermInvestments": 582000, "propertyPlantEquipment": 445544000, "intangibleAssets": 198000, "otherAssets": 16956000, "totalAssets": 928128000, "accountsPayable": 57962000, "shortLongTermDebt": 8749000, "otherCurrentLiab": 59995000, "longTermDebt": 157415000, "otherLiab": 34889000, "totalCurrentLiabilities": 305789000, "totalLiab": 498093000, "commonStock": 109824000, "retainedEarnings": 231110000, "treasuryStock": 3501000, "capitalSurplus": 85600000, "otherStockholderEquity": 3501000, "totalStockholderEquity": 430035000, "netTangibleAssets": 429837000}], "maxAge": 86400}, "financialData": {"maxAge": 86400, "currentPrice": 21.4, "recommendationKey": "none", "grossProfits": 264909000, "financialCurrency": "INR"}}}