{"REMSONSIND.NS": {"assetProfile": {"address1": "401, Gladdiola", "address2": "4th Floor Hanuman Road Vile Parle East", "city": "Mumbai", "zip": "400057", "country": "India", "phone": "91 22 2611 3883", "fax": "91 22 2868 2487", "website": "http://www.remsons.com", "industry": "Auto Parts", "sector": "Consumer Cyclical", "longBusinessSummary": "Remsons Industries Limited manufactures and sells automotive components parts and its products in India. The company offers clutch, accelerator/throttle/gasoline, front and rear parking brake, shift and reverse gear, choke, engine stop, speedometer, fare meter, de-compressor, body, HVAC, door, pull-to-stop, drive change, and seat cables for use in two, three, and four wheelers; and light, medium, and heavy commercial vehicles, as well as in construction, mining, and farm equipment. It also provides flexible shafts that are used in speedometers, tachometers, power tools/machineries, power seats, and farm and earth moving equipment; gear shift systems and push pull cables, which are used in passenger cars and rear engine buses, as well as in light, medium, and heavy commercial vehicles. The company exports its products to Sri Lanka, Bangladesh, Russia, Kenya, France, Italy, Singapore, Spain, the United Kingdom, Nepal, the United States, and the United Arab Emirates. Remsons Industries Limited was founded in 1959 and is headquartered in Mumbai, India.", "fullTimeEmployees": 274, "companyOfficers": [{"maxAge": 1, "name": "Mr. Krishna  Kejriwal", "age": 68, "title": "Chairman & MD", "yearBorn": 1952, "exercisedValue": 0, "unexercisedValue": 0}, {"maxAge": 1, "name": "Mr. Amit  Srivastava", "title": "Chief Exec. Officer", "exercisedValue": 0, "unexercisedValue": 0}, {"maxAge": 1, "name": "Mr. Rahul K. Kejriwal", "age": 41, "title": "Whole-Time Director & CFO", "yearBorn": 1979, "exercisedValue": 0, "unexercisedValue": 0}, {"maxAge": 1, "name": "Mr. Rohit  Darji", "title": "Company Sec. & Compliance Officer", "exercisedValue": 0, "unexercisedValue": 0}, {"maxAge": 1, "name": "Ms. Chand K. Kejriwal", "age": 64, "title": "Whole Time Director", "yearBorn": 1956, "exercisedValue": 0, "unexercisedValue": 0}, {"maxAge": 1, "name": "Mr. John  Glover", "title": "Director of Engineering - Europe", "exercisedValue": 0, "unexercisedValue": 0}, {"maxAge": 1, "name": "Mr. Ashok  Goyal", "title": "Exec. Officer", "exercisedValue": 0, "unexercisedValue": 0}], "maxAge": 86400}, "recommendationTrend": {"trend": [{"period": "0m", "strongBuy": 0, "buy": 0, "hold": 0, "sell": 0, "strongSell": 0}, {"period": "-1m", "strongBuy": 0, "buy": 0, "hold": 0, "sell": 0, "strongSell": 0}, {"period": "-2m", "strongBuy": 0, "buy": 0, "hold": 0, "sell": 0, "strongSell": 0}, {"period": "-3m", "strongBuy": 0, "buy": 0, "hold": 0, "sell": 0, "strongSell": 0}], "maxAge": 86400}, "cashflowStatementHistory": {"cashflowStatements": [{"maxAge": 1, "endDate": "2020-03-31", "netIncome": 53366000, "depreciation": 29869000, "changeToNetincome": 12206000, "changeToAccountReceivables": 51774000, "changeToLiabilities": -31273000, "changeToInventory": -59197000, "changeToOperatingActivities": -6831000, "totalCashFromOperatingActivities": 51937000, "capitalExpenditures": -27016000, "otherCashflowsFromInvestingActivities": 31000, "totalCashflowsFromInvestingActivities": -24480000, "dividendsPaid": -17140000, "netBorrowings": 24257000, "otherCashflowsFromFinancingActivities": -24725000, "totalCashFromFinancingActivities": -17608000, "changeInCash": 9849000}, {"maxAge": 1, "endDate": "2019-03-31", "netIncome": 34417000, "depreciation": 23283000, "changeToNetincome": 22768000, "changeToAccountReceivables": -61613000, "changeToLiabilities": 98722000, "changeToInventory": -43003000, "changeToOperatingActivities": 3903000, "totalCashFromOperatingActivities": 80049000, "capitalExpenditures": -38416000, "investments": 195000, "otherCashflowsFromInvestingActivities": 30000, "totalCashflowsFromInvestingActivities": -36876000, "dividendsPaid": -7427000, "netBorrowings": -19023000, "otherCashflowsFromFinancingActivities": -22424000, "totalCashFromFinancingActivities": -48874000, "changeInCash": -5700000}, {"maxAge": 1, "endDate": "2018-03-31", "netIncome": 34458000, "depreciation": 24028000, "changeToNetincome": 25378000, "changeToAccountReceivables": -37277000, "changeToLiabilities": 48064000, "changeToInventory": -48815000, "changeToOperatingActivities": -8894000, "totalCashFromOperatingActivities": 38076000, "capitalExpenditures": -31718000, "investments": 195000, "otherCashflowsFromInvestingActivities": 32000, "totalCashflowsFromInvestingActivities": -25025000, "dividendsPaid": -7427000, "netBorrowings": 14229000, "otherCashflowsFromFinancingActivities": -20074000, "totalCashFromFinancingActivities": -5845000, "changeInCash": 7206000}, {"maxAge": 1, "endDate": "2017-03-31", "netIncome": -7829000, "depreciation": 22883000, "changeToNetincome": 12205000, "changeToAccountReceivables": 47118000, "changeToLiabilities": -6882000, "changeToInventory": -7479000, "changeToOperatingActivities": -5939000, "totalCashFromOperatingActivities": 55443000, "capitalExpenditures": -34052000, "investments": 195000, "otherCashflowsFromInvestingActivities": 361000, "totalCashflowsFromInvestingActivities": -28146000, "dividendsPaid": -7427000, "netBorrowings": -4719000, "otherCashflowsFromFinancingActivities": -23000000, "totalCashFromFinancingActivities": -27719000, "changeInCash": -422000}], "maxAge": 86400}, "indexTrend": {"maxAge": 1, "symbol": "SP5", "peRatio": 19.7411, "pegRatio": 1.34172, "estimates": [{"period": "0q", "growth": 0.549}, {"period": "+1q", "growth": 0.431}, {"period": "0y", "growth": 0.305}, {"period": "+1y", "growth": 0.109}, {"period": "+5y", "growth": 0.120865}, {"period": "-5y"}]}, "defaultKeyStatistics": {"maxAge": 1, "priceHint": 2, "enterpriseValue": 1182364672, "profitMargins": 0.01481, "floatShares": 769559, "sharesOutstanding": 5713360, "heldPercentInsiders": 0.85442, "heldPercentInstitutions": 0.0, "beta": 1.177706, "category": null, "bookValue": 41.579, "priceToBook": 3.8168306, "fundFamily": null, "legalType": null, "lastFiscalYearEnd": "2020-03-31 05:30:00", "nextFiscalYearEnd": "2022-03-31 05:30:00", "mostRecentQuarter": "2020-12-31 05:30:00", "earningsQuarterlyGrowth": 0.35, "netIncomeToCommon": 25269000, "trailingEps": 4.419, "lastSplitFactor": null, "enterpriseToRevenue": 0.693, "enterpriseToEbitda": 16.746}, "industryTrend": {"maxAge": 1, "symbol": null, "estimates": []}, "quoteType": {"exchange": "NSI", "quoteType": "EQUITY", "symbol": "REMSONSIND.NS", "underlyingSymbol": "REMSONSIND.NS", "shortName": "REMSONS INDS", "longName": "Remsons Industries Limited", "firstTradeDateEpochUtc": "2002-07-01 09:15:00", "timeZoneFullName": "Asia/Kolkata", "timeZoneShortName": "IST", "uuid": "f0c1a78c-2be9-30bb-baba-791f951d4b9e", "gmtOffSetMilliseconds": 19800000, "maxAge": 1}, "incomeStatementHistory": {"incomeStatementHistory": [{"maxAge": 1, "endDate": "2020-03-31", "totalRevenue": 1591792000, "costOfRevenue": 969924000, "grossProfit": 621868000, "researchDevelopment": {}, "sellingGeneralAdministrative": 316927000, "nonRecurring": {}, "otherOperatingExpenses": 184165000, "totalOperatingExpenses": 1502909000, "operatingIncome": 88883000, "totalOtherIncomeExpenseNet": -14759000, "ebit": 88883000, "interestExpense": -25149000, "incomeBeforeTax": 74124000, "incomeTaxExpense": 20758000, "minorityInterest": {}, "netIncomeFromContinuingOps": 53366000, "discontinuedOperations": {}, "extraordinaryItems": {}, "effectOfAccountingCharges": {}, "otherItems": {}, "netIncome": 53366000, "netIncomeApplicableToCommonShares": 53366000}, {"maxAge": 1, "endDate": "2019-03-31", "totalRevenue": 1493776000, "costOfRevenue": 939979000, "grossProfit": 553797000, "researchDevelopment": {}, "sellingGeneralAdministrative": 282374000, "nonRecurring": {}, "otherOperatingExpenses": 177704000, "totalOperatingExpenses": 1424912000, "operatingIncome": 68864000, "totalOtherIncomeExpenseNet": -19816000, "ebit": 68864000, "interestExpense": -20973000, "incomeBeforeTax": 49048000, "incomeTaxExpense": 14631000, "minorityInterest": {}, "netIncomeFromContinuingOps": 34417000, "discontinuedOperations": {}, "extraordinaryItems": {}, "effectOfAccountingCharges": {}, "otherItems": {}, "netIncome": 34417000, "netIncomeApplicableToCommonShares": 34417000}, {"maxAge": 1, "endDate": "2018-03-31", "totalRevenue": 1281305000, "costOfRevenue": 797719000, "grossProfit": 483586000, "researchDevelopment": {}, "sellingGeneralAdministrative": 246459000, "nonRecurring": {}, "otherOperatingExpenses": 154128000, "totalOperatingExpenses": 1223468000, "operatingIncome": 57837000, "totalOtherIncomeExpenseNet": -12329000, "ebit": 57837000, "interestExpense": -24333000, "incomeBeforeTax": 45508000, "incomeTaxExpense": 11050000, "minorityInterest": {}, "netIncomeFromContinuingOps": 34458000, "discontinuedOperations": {}, "extraordinaryItems": {}, "effectOfAccountingCharges": {}, "otherItems": {}, "netIncome": 34458000, "netIncomeApplicableToCommonShares": 34458000}, {"maxAge": 1, "endDate": "2017-03-31", "totalRevenue": 1185268000, "costOfRevenue": 776178000, "grossProfit": 409090000, "researchDevelopment": {}, "sellingGeneralAdministrative": 237804000, "nonRecurring": {}, "otherOperatingExpenses": 153652000, "totalOperatingExpenses": 1191883000, "operatingIncome": -6615000, "totalOtherIncomeExpenseNet": -7857000, "ebit": -6615000, "interestExpense": -21667000, "incomeBeforeTax": -14472000, "incomeTaxExpense": -6643000, "minorityInterest": {}, "netIncomeFromContinuingOps": -7829000, "discontinuedOperations": {}, "extraordinaryItems": {}, "effectOfAccountingCharges": {}, "otherItems": {}, "netIncome": -7829000, "netIncomeApplicableToCommonShares": -7829000}], "maxAge": 86400}, "fundOwnership": {"ownershipList": [], "maxAge": 1}, "summaryDetail": {"maxAge": 1, "priceHint": 2, "previousClose": 159.65, "open": 156.0, "dayLow": 156.0, "dayHigh": 164.75, "regularMarketPreviousClose": 159.65, "regularMarketOpen": 156.0, "regularMarketDayLow": 156.0, "regularMarketDayHigh": 164.75, "exDividendDate": "2020-03-13 05:30:00", "payoutRatio": 0.1351, "beta": 1.177706, "trailingPE": 35.9131, "volume": 9606, "regularMarketVolume": 9606, "averageVolume": 10206, "averageVolume10days": 1454, "averageDailyVolume10Day": 1454, "bid": 0.0, "ask": 0.0, "bidSize": 0, "askSize": 0, "marketCap": 909549376, "fiftyTwoWeekLow": 45.1, "fiftyTwoWeekHigh": 182.0, "priceToSalesTrailing12Months": 0.5331458, "fiftyDayAverage": 144.00455, "twoHundredDayAverage": 106.94, "trailingAnnualDividendRate": 0.0, "trailingAnnualDividendYield": 0.0, "currency": "INR", "fromCurrency": null, "lastMarket": null, "algorithm": null, "tradeable": false}, "insiderHolders": {"holders": [{"maxAge": 1, "name": "Harlalka (Vishwaprakash) HUF", "relation": "Promoter", "url": "", "transactionDescription": "Other", "latestTransDate": "2013-10-18", "positionDirect": 0, "positionDirectDate": "2013-10-18"}, {"maxAge": 1, "name": "Kejriwal (Chand)", "relation": "Wholetime Director", "url": "", "transactionDescription": "Other", "latestTransDate": "2013-10-18", "positionDirect": 1708444, "positionDirectDate": "2013-10-18"}, {"maxAge": 1, "name": "Kejriwal (Krishna)", "relation": "Managing Director", "url": "", "transactionDescription": "Acquisition", "latestTransDate": "2013-03-25", "positionDirect": 1579494, "positionDirectDate": "2013-03-25"}, {"maxAge": 1, "name": "Kejriwal (Rahul)", "relation": "Promoter", "url": "", "transactionDescription": "Sale", "latestTransDate": "2013-03-25", "positionDirect": 306851, "positionDirectDate": "2013-03-25"}, {"maxAge": 1, "name": "Kejriwal (Shivani)", "relation": "Promoter", "url": "", "transactionDescription": "Acquisition", "latestTransDate": "2013-03-25", "positionDirect": 303197, "positionDirectDate": "2013-03-25"}], "maxAge": 1}, "calendarEvents": {"maxAge": 1, "earnings": {"earningsDate": []}, "exDividendDate": "2020-03-13 05:30:00"}, "upgradeDowngradeHistory": {"history": [], "maxAge": 86400}, "price": {"maxAge": 1, "regularMarketChangePercent": -0.005950498, "regularMarketChange": -0.94999695, "regularMarketTime": "2021-04-30 15:29:57", "priceHint": 2, "regularMarketPrice": 158.7, "regularMarketDayHigh": 164.75, "regularMarketDayLow": 156.0, "regularMarketVolume": 9606, "averageDailyVolume10Day": 1454, "averageDailyVolume3Month": 10206, "regularMarketPreviousClose": 159.65, "regularMarketSource": "FREE_REALTIME", "regularMarketOpen": 156.0, "exchange": "NSI", "exchangeName": "NSE", "exchangeDataDelayedBy": 15, "marketState": "CLOSED", "quoteType": "EQUITY", "symbol": "REMSONSIND.NS", "underlyingSymbol": null, "shortName": "REMSONS INDS", "longName": "Remsons Industries Limited", "currency": "INR", "quoteSourceName": "Delayed Quote", "currencySymbol": "\u20b9", "fromCurrency": null, "lastMarket": null, "marketCap": 909549376}, "balanceSheetHistory": {"balanceSheetStatements": [{"maxAge": 1, "endDate": "2020-03-31", "cash": 14197000, "netReceivables": 234365000, "inventory": 327907000, "otherCurrentAssets": 21677000, "totalCurrentAssets": 598146000, "longTermInvestments": 295000, "propertyPlantEquipment": 223408000, "intangibleAssets": 12838000, "otherAssets": 11567000, "totalAssets": 846254000, "accountsPayable": 246321000, "shortLongTermDebt": 3590000, "otherCurrentLiab": 19208000, "longTermDebt": 75337000, "otherLiab": 15668000, "totalCurrentLiabilities": 507846000, "totalLiab": 598851000, "commonStock": 57134000, "retainedEarnings": 197281000, "treasuryStock": -7012000, "otherStockholderEquity": -7012000, "totalStockholderEquity": 247403000, "netTangibleAssets": 234565000}, {"maxAge": 1, "endDate": "2019-03-31", "cash": 4348000, "netReceivables": 274984000, "inventory": 268711000, "otherCurrentAssets": 12671000, "totalCurrentAssets": 560714000, "longTermInvestments": 467000, "propertyPlantEquipment": 216487000, "intangibleAssets": 14862000, "otherAssets": 9543000, "totalAssets": 802073000, "accountsPayable": 280924000, "shortLongTermDebt": 4290000, "otherCurrentLiab": 11435000, "longTermDebt": 78718000, "otherLiab": 8701000, "totalCurrentLiabilities": 497254000, "totalLiab": 584673000, "commonStock": 57134000, "retainedEarnings": 164579000, "treasuryStock": -4313000, "otherStockholderEquity": -4313000, "totalStockholderEquity": 217400000, "netTangibleAssets": 202538000}, {"maxAge": 1, "endDate": "2018-03-31", "cash": 10048000, "netReceivables": 206595000, "inventory": 225708000, "otherCurrentAssets": 21662000, "totalCurrentAssets": 464013000, "longTermInvestments": 1035000, "propertyPlantEquipment": 217986000, "intangibleAssets": 5246000, "otherAssets": 8695000, "totalAssets": 696975000, "accountsPayable": 182219000, "shortLongTermDebt": 5330000, "otherCurrentLiab": 15585000, "longTermDebt": 82386000, "otherLiab": 4207000, "totalCurrentLiabilities": 414832000, "totalLiab": 501425000, "commonStock": 57134000, "retainedEarnings": 139116000, "treasuryStock": -700000, "otherStockholderEquity": -700000, "totalStockholderEquity": 195550000, "netTangibleAssets": 190304000}, {"maxAge": 1, "endDate": "2017-03-31", "cash": 2842000, "netReceivables": 165799000, "inventory": 176893000, "otherCurrentAssets": 19256000, "totalCurrentAssets": 364790000, "longTermInvestments": 1311000, "propertyPlantEquipment": 221961000, "intangibleAssets": 2818000, "otherAssets": 6828000, "totalAssets": 597708000, "accountsPayable": 137061000, "shortLongTermDebt": 5001000, "otherCurrentLiab": 13665000, "longTermDebt": 87913000, "otherLiab": 2692000, "totalCurrentLiabilities": 345458000, "totalLiab": 436063000, "commonStock": 57134000, "retainedEarnings": 104658000, "treasuryStock": -147000, "otherStockholderEquity": -147000, "totalStockholderEquity": 161645000, "netTangibleAssets": 158827000}], "maxAge": 86400}, "earningsTrend": {"trend": [{"maxAge": 1, "period": "0q", "endDate": null, "growth": {}, "earningsEstimate": {"avg": 0.0, "low": 0.0, "high": 0.0, "yearAgoEps": {}, "numberOfAnalysts": 0, "growth": {}}, "revenueEstimate": {"avg": 0, "low": 0, "high": 0, "numberOfAnalysts": 0, "yearAgoRevenue": {}, "growth": {}}, "epsTrend": {"current": 0.0, "7daysAgo": 0.0, "30daysAgo": 0.0, "60daysAgo": 0.0, "90daysAgo": 0.0}, "epsRevisions": {"upLast7days": 0, "upLast30days": 0, "downLast30days": 0, "downLast90days": {}}}, {"maxAge": 1, "period": "+1q", "endDate": null, "growth": {}, "earningsEstimate": {"avg": 0.0, "low": 0.0, "high": 0.0, "yearAgoEps": {}, "numberOfAnalysts": 0, "growth": {}}, "revenueEstimate": {"avg": 0, "low": 0, "high": 0, "numberOfAnalysts": 0, "yearAgoRevenue": {}, "growth": {}}, "epsTrend": {"current": 0.0, "7daysAgo": 0.0, "30daysAgo": 0.0, "60daysAgo": 0.0, "90daysAgo": 0.0}, "epsRevisions": {"upLast7days": 0, "upLast30days": 0, "downLast30days": 0, "downLast90days": {}}}, {"maxAge": 1, "period": "0y", "endDate": null, "growth": {}, "earningsEstimate": {"avg": 0.0, "low": 0.0, "high": 0.0, "yearAgoEps": {}, "numberOfAnalysts": 0, "growth": {}}, "revenueEstimate": {"avg": 0, "low": 0, "high": 0, "numberOfAnalysts": 0, "yearAgoRevenue": {}, "growth": {}}, "epsTrend": {"current": 0.0, "7daysAgo": 0.0, "30daysAgo": 0.0, "60daysAgo": 0.0, "90daysAgo": 0.0}, "epsRevisions": {"upLast7days": 0, "upLast30days": 0, "downLast30days": 0, "downLast90days": {}}}, {"maxAge": 1, "period": "+1y", "endDate": null, "growth": {}, "earningsEstimate": {"avg": 0.0, "low": 0.0, "high": 0.0, "yearAgoEps": {}, "numberOfAnalysts": 0, "growth": {}}, "revenueEstimate": {"avg": 0, "low": 0, "high": 0, "numberOfAnalysts": 0, "yearAgoRevenue": {}, "growth": {}}, "epsTrend": {"current": 0.0, "7daysAgo": 0.0, "30daysAgo": 0.0, "60daysAgo": 0.0, "90daysAgo": 0.0}, "epsRevisions": {"upLast7days": 0, "upLast30days": 0, "downLast30days": 0, "downLast90days": {}}}, {"maxAge": 1, "period": "+5y", "endDate": null, "growth": {}, "earningsEstimate": {"avg": {}, "low": {}, "high": {}, "yearAgoEps": {}, "numberOfAnalysts": {}, "growth": {}}, "revenueEstimate": {"avg": {}, "low": {}, "high": {}, "numberOfAnalysts": {}, "yearAgoRevenue": {}, "growth": {}}, "epsTrend": {"current": {}, "7daysAgo": {}, "30daysAgo": {}, "60daysAgo": {}, "90daysAgo": {}}, "epsRevisions": {"upLast7days": {}, "upLast30days": {}, "downLast30days": {}, "downLast90days": {}}}, {"maxAge": 1, "period": "-5y", "endDate": null, "growth": {}, "earningsEstimate": {"avg": {}, "low": {}, "high": {}, "yearAgoEps": {}, "numberOfAnalysts": {}, "growth": {}}, "revenueEstimate": {"avg": {}, "low": {}, "high": {}, "numberOfAnalysts": {}, "yearAgoRevenue": {}, "growth": {}}, "epsTrend": {"current": {}, "7daysAgo": {}, "30daysAgo": {}, "60daysAgo": {}, "90daysAgo": {}}, "epsRevisions": {"upLast7days": {}, "upLast30days": {}, "downLast30days": {}, "downLast90days": {}}}], "maxAge": 1}, "institutionOwnership": {"ownershipList": [], "maxAge": 1}, "majorHoldersBreakdown": {"maxAge": 1, "insidersPercentHeld": 0.85442, "institutionsPercentHeld": 0.0, "institutionsFloatPercentHeld": 0.0, "institutionsCount": 0}, "balanceSheetHistoryQuarterly": {"balanceSheetStatements": [{"maxAge": 1, "endDate": "2020-12-31", "totalStockholderEquity": 237311000, "netTangibleAssets": 225487000}, {"maxAge": 1, "endDate": "2020-09-30", "cash": 7851000, "shortTermInvestments": 3843000, "netReceivables": 339457000, "inventory": 291810000, "otherCurrentAssets": 32429000, "totalCurrentAssets": 675390000, "longTermInvestments": 7400000, "propertyPlantEquipment": 229977000, "intangibleAssets": 11824000, "otherAssets": 43676000, "totalAssets": 968267000, "accountsPayable": 362365000, "otherCurrentLiab": 75809000, "longTermDebt": 165301000, "otherLiab": 11367000, "totalCurrentLiabilities": 554288000, "totalLiab": 730956000, "commonStock": 57134000, "treasuryStock": 180177000, "otherStockholderEquity": 180177000, "totalStockholderEquity": 237311000, "netTangibleAssets": 225487000}, {"maxAge": 1, "endDate": "2020-06-30", "totalStockholderEquity": 247403000, "netTangibleAssets": 234565000}, {"maxAge": 1, "endDate": "2020-03-31", "cash": 14197000, "netReceivables": 234365000, "inventory": 327907000, "otherCurrentAssets": 21677000, "totalCurrentAssets": 598146000, "longTermInvestments": 295000, "propertyPlantEquipment": 223408000, "intangibleAssets": 12838000, "otherAssets": 11567000, "totalAssets": 846254000, "accountsPayable": 246321000, "shortLongTermDebt": 3590000, "otherCurrentLiab": 19208000, "longTermDebt": 75337000, "otherLiab": 15668000, "totalCurrentLiabilities": 507846000, "totalLiab": 598851000, "commonStock": 57134000, "retainedEarnings": 197281000, "treasuryStock": -7012000, "otherStockholderEquity": -7012000, "totalStockholderEquity": 247403000, "netTangibleAssets": 234565000}], "maxAge": 86400}, "earningsHistory": {"history": [{"maxAge": 1, "epsActual": {}, "epsEstimate": {}, "epsDifference": {}, "surprisePercent": {}, "quarter": {}, "period": "-4q"}, {"maxAge": 1, "epsActual": {}, "epsEstimate": {}, "epsDifference": {}, "surprisePercent": {}, "quarter": {}, "period": "-3q"}, {"maxAge": 1, "epsActual": {}, "epsEstimate": {}, "epsDifference": {}, "surprisePercent": {}, "quarter": {}, "period": "-2q"}, {"maxAge": 1, "epsActual": {}, "epsEstimate": {}, "epsDifference": {}, "surprisePercent": {}, "quarter": {}, "period": "-1q"}], "maxAge": 86400}, "summaryProfile": {"address1": "401, Gladdiola", "address2": "4th Floor Hanuman Road Vile Parle East", "city": "Mumbai", "zip": "400057", "country": "India", "phone": "91 22 2611 3883", "fax": "91 22 2868 2487", "website": "http://www.remsons.com", "industry": "Auto Parts", "sector": "Consumer Cyclical", "longBusinessSummary": "Remsons Industries Limited manufactures and sells automotive components parts and its products in India. The company offers clutch, accelerator/throttle/gasoline, front and rear parking brake, shift and reverse gear, choke, engine stop, speedometer, fare meter, de-compressor, body, HVAC, door, pull-to-stop, drive change, and seat cables for use in two, three, and four wheelers; and light, medium, and heavy commercial vehicles, as well as in construction, mining, and farm equipment. It also provides flexible shafts that are used in speedometers, tachometers, power tools/machineries, power seats, and farm and earth moving equipment; gear shift systems and push pull cables, which are used in passenger cars and rear engine buses, as well as in light, medium, and heavy commercial vehicles. The company exports its products to Sri Lanka, Bangladesh, Russia, Kenya, France, Italy, Singapore, Spain, the United Kingdom, Nepal, the United States, and the United Arab Emirates. Remsons Industries Limited was founded in 1959 and is headquartered in Mumbai, India.", "fullTimeEmployees": 274, "companyOfficers": [], "maxAge": 86400}, "netSharePurchaseActivity": {"maxAge": 1, "period": "6m", "buyInfoCount": 0, "buyInfoShares": 0, "sellInfoCount": 0, "netInfoCount": 0, "netInfoShares": 0, "netPercentInsiderShares": 0.0, "totalInsiderShares": 4884316}, "insiderTransactions": {"transactions": [{"maxAge": 1, "shares": 245303, "filerUrl": "", "transactionText": "", "filerName": "Harlalka (Vishwaprakash) HUF", "filerRelation": "Promoter", "moneyText": "", "startDate": "2013-10-18", "ownership": "D"}, {"maxAge": 1, "shares": 245303, "filerUrl": "", "transactionText": "", "filerName": "Kejriwal (Chand)", "filerRelation": "Wholetime Director", "moneyText": "", "startDate": "2013-10-18", "ownership": "D"}, {"maxAge": 1, "shares": 303121, "filerUrl": "", "transactionText": "", "filerName": "Kejriwal (Chand)", "filerRelation": "Wholetime Director", "moneyText": "", "startDate": "2013-03-25", "ownership": "D"}, {"maxAge": 1, "shares": 303120, "filerUrl": "", "transactionText": "", "filerName": "Kejriwal (Krishna)", "filerRelation": "Managing Director", "moneyText": "", "startDate": "2013-03-25", "ownership": "D"}, {"maxAge": 1, "shares": 909362, "filerUrl": "", "transactionText": "", "filerName": "Kejriwal (Rahul)", "filerRelation": "Promoter", "moneyText": "", "startDate": "2013-03-25", "ownership": "D"}, {"maxAge": 1, "shares": 303121, "filerUrl": "", "transactionText": "", "filerName": "Kejriwal (Shivani)", "filerRelation": "Promoter", "moneyText": "", "startDate": "2013-03-25", "ownership": "D"}, {"maxAge": 1, "shares": 1212483, "filerUrl": "", "transactionText": "", "filerName": "Kejriwal (Rahul)", "filerRelation": "Promoter", "moneyText": "", "startDate": "2011-12-01", "ownership": "D"}], "maxAge": 1}, "sectorTrend": {"maxAge": 1, "symbol": null, "estimates": []}, "incomeStatementHistoryQuarterly": {"incomeStatementHistory": [{"maxAge": 1, "endDate": "2020-12-31", "totalRevenue": 670092000, "costOfRevenue": 465392000, "grossProfit": 204700000, "researchDevelopment": {}, "sellingGeneralAdministrative": 95619000, "nonRecurring": {}, "otherOperatingExpenses": 64316000, "totalOperatingExpenses": 633790000, "operatingIncome": 36302000, "totalOtherIncomeExpenseNet": 844000, "ebit": 36302000, "interestExpense": -9685000, "incomeBeforeTax": 37146000, "incomeTaxExpense": 9478000, "minorityInterest": {}, "netIncomeFromContinuingOps": 27668000, "discontinuedOperations": {}, "extraordinaryItems": {}, "effectOfAccountingCharges": {}, "otherItems": {}, "netIncome": 27668000, "netIncomeApplicableToCommonShares": 27668000}, {"maxAge": 1, "endDate": "2020-09-30", "totalRevenue": 549327000, "costOfRevenue": 396070000, "grossProfit": 153257000, "researchDevelopment": {}, "sellingGeneralAdministrative": 80085000, "nonRecurring": {}, "otherOperatingExpenses": 46022000, "totalOperatingExpenses": 530128000, "operatingIncome": 19199000, "totalOtherIncomeExpenseNet": -2269000, "ebit": 19199000, "interestExpense": -4451000, "incomeBeforeTax": 16930000, "incomeTaxExpense": 4716000, "minorityInterest": {}, "netIncomeFromContinuingOps": 12214000, "discontinuedOperations": {}, "extraordinaryItems": {}, "effectOfAccountingCharges": {}, "otherItems": {}, "netIncome": 12214000, "netIncomeApplicableToCommonShares": 12214000}, {"maxAge": 1, "endDate": "2020-06-30", "totalRevenue": 131408000, "costOfRevenue": 95261000, "grossProfit": 36147000, "researchDevelopment": {}, "sellingGeneralAdministrative": 32644000, "nonRecurring": {}, "otherOperatingExpenses": 21833000, "totalOperatingExpenses": 156872000, "operatingIncome": -25464000, "totalOtherIncomeExpenseNet": -5253000, "ebit": -25464000, "interestExpense": -5652000, "incomeBeforeTax": -30717000, "incomeTaxExpense": -8453000, "minorityInterest": {}, "netIncomeFromContinuingOps": -22264000, "discontinuedOperations": {}, "extraordinaryItems": {}, "effectOfAccountingCharges": {}, "otherItems": {}, "netIncome": -22264000, "netIncomeApplicableToCommonShares": -22264000}, {"maxAge": 1, "endDate": "2020-03-31", "totalRevenue": 355177000, "costOfRevenue": 220748000, "grossProfit": 134429000, "researchDevelopment": {}, "sellingGeneralAdministrative": 84905000, "nonRecurring": {}, "otherOperatingExpenses": 25249000, "totalOperatingExpenses": 339055000, "operatingIncome": 16122000, "totalOtherIncomeExpenseNet": -5047000, "ebit": 16122000, "interestExpense": -5580000, "incomeBeforeTax": 11075000, "incomeTaxExpense": 3425000, "minorityInterest": {}, "netIncomeFromContinuingOps": 7650000, "discontinuedOperations": {}, "extraordinaryItems": {}, "effectOfAccountingCharges": {}, "otherItems": {}, "netIncome": 7650000, "netIncomeApplicableToCommonShares": 7650000}], "maxAge": 86400}, "cashflowStatementHistoryQuarterly": {"cashflowStatements": [{"maxAge": 1, "endDate": "2020-12-31", "netIncome": 27668000, "changeToLiabilities": 0}, {"maxAge": 1, "endDate": "2020-09-30", "netIncome": 12214000, "changeToLiabilities": 0}, {"maxAge": 1, "endDate": "2020-06-30", "netIncome": -22264000, "changeToLiabilities": 0}, {"maxAge": 1, "endDate": "2020-03-31", "netIncome": 7650000, "changeToLiabilities": 0}], "maxAge": 86400}, "earnings": {"maxAge": 86400, "earningsChart": {"quarterly": [], "earningsDate": []}, "financialsChart": {"yearly": [{"date": 2017, "revenue": 1185268000, "earnings": -7829000}, {"date": 2018, "revenue": 1281305000, "earnings": 34458000}, {"date": 2019, "revenue": 1493776000, "earnings": 34417000}, {"date": 2020, "revenue": 1591792000, "earnings": 53366000}], "quarterly": [{"date": "1Q2020", "revenue": 355177000, "earnings": 7650000}, {"date": "2Q2020", "revenue": 131408000, "earnings": -22264000}, {"date": "3Q2020", "revenue": 549327000, "earnings": 12214000}, {"date": "4Q2020", "revenue": 670092000, "earnings": 27668000}]}, "financialCurrency": "INR"}, "financialData": {"maxAge": 86400, "currentPrice": 158.7, "recommendationMean": 2.0, "recommendationKey": "buy", "totalCash": 11694000, "totalCashPerShare": 2.046, "ebitda": 70606752, "totalDebt": 281415008, "totalRevenue": 1706004992, "debtToEquity": 118.585, "revenuePerShare": 298.366, "grossProfits": 621868000, "earningsGrowth": 0.348, "revenueGrowth": 0.436, "grossMargins": 0.30981, "ebitdaMargins": 0.041389998, "operatingMargins": 0.02706, "profitMargins": 0.01481, "financialCurrency": "INR"}}}