{"REPL.NS": {"assetProfile": {"address1": "A-6, Sector -58", "city": "Noida", "zip": "201301", "country": "India", "phone": "91 12 0402 2333", "website": "http://www.repl.global", "industry": "Consulting Services", "sector": "Industrials", "longBusinessSummary": "Rudrabhishek Enterprises Limited, together with its subsidiaries, operates as an integrated urban development and infrastructure consultant in India. Its consultancy services include viability analysis, infrastructure services, urban planning and geographic information system, building and area design, building information modelling, structural engineering design, services design, project management and RERA consultancy, and strategic marketing advisory. The company designs and manages projects in sectors, such as smart city, urban plans and GIS, water management, Hi-Tech cities, residential, commercial and industrial, hospitality and education, sports infra, others. Rudrabhishek Enterprises Limited was founded in 1992 and is based in Noida, India.", "fullTimeEmployees": 187, "companyOfficers": [{"maxAge": 1, "name": "Mr. Pradeep  Misra", "age": 52, "title": "Chairman & MD", "yearBorn": 1968, "fiscalYear": 2020, "totalPay": 15234729, "exercisedValue": 0, "unexercisedValue": 0}, {"maxAge": 1, "name": "Mr. Manoj  Kumar", "title": "Chief Financial Officer", "fiscalYear": 2020, "totalPay": 1308163, "exercisedValue": 0, "unexercisedValue": 0}, {"maxAge": 1, "name": "Mr. Vikas  Gupta", "title": "Company Sec. & Compliance officer", "fiscalYear": 2020, "totalPay": 664383, "exercisedValue": 0, "unexercisedValue": 0}, {"maxAge": 1, "name": "Ms. Richa  Misra", "age": 51, "title": "Whole-time Director", "yearBorn": 1969, "fiscalYear": 2020, "totalPay": 3600000, "exercisedValue": 0, "unexercisedValue": 0}, {"maxAge": 1, "name": "Mr. Harish Kumar Sharma", "age": 50, "title": "Chief Bus. Devel. Officer", "yearBorn": 1970, "exercisedValue": 0, "unexercisedValue": 0}, {"maxAge": 1, "name": "Saibal Kumar Roy", "age": 64, "title": "Sr. VP of Engineering", "yearBorn": 1956, "exercisedValue": 0, "unexercisedValue": 0}, {"maxAge": 1, "name": "Mr. Abhinav  Niranjan", "age": 43, "title": "Gen. Mang. of Marketing & Communication", "yearBorn": 1977, "exercisedValue": 0, "unexercisedValue": 0}, {"maxAge": 1, "name": "Mohd Zulquer Nain", "age": 40, "title": "Gen. Mang. of Engineering", "yearBorn": 1980, "exercisedValue": 0, "unexercisedValue": 0}, {"maxAge": 1, "name": "Shyam Narayan Tripathi", "age": 49, "title": "Gen. Mang. of Services", "yearBorn": 1971, "exercisedValue": 0, "unexercisedValue": 0}, {"maxAge": 1, "name": "Mr. Sandeep  Sharma", "age": 39, "title": "Deputy Gen. Mang. of Projects", "yearBorn": 1981, "exercisedValue": 0, "unexercisedValue": 0}], "compensationAsOfEpochDate": "2020-12-31 05:30:00", "maxAge": 86400}, "cashflowStatementHistory": {"cashflowStatements": [{"maxAge": 1, "endDate": "2020-03-31", "netIncome": 119428679, "depreciation": 3679406, "changeToNetincome": 20012952, "changeToAccountReceivables": -20204137, "changeToLiabilities": 8015347, "changeToInventory": -28669016, "changeToOperatingActivities": -72689181, "totalCashFromOperatingActivities": 30695702, "capitalExpenditures": -10813608, "investments": -1647, "otherCashflowsFromInvestingActivities": 3873942, "totalCashflowsFromInvestingActivities": -10414356, "dividendsPaid": -8671250, "netBorrowings": 24089171, "otherCashflowsFromFinancingActivities": -2517533, "totalCashFromFinancingActivities": 12900388, "changeInCash": 33181734}, {"maxAge": 1, "endDate": "2019-03-31", "netIncome": 84455434, "depreciation": 5391410, "changeToNetincome": -14534245, "changeToAccountReceivables": -114927370, "changeToLiabilities": 3954002, "changeToInventory": -24744708, "changeToOperatingActivities": -26130310, "totalCashFromOperatingActivities": -86535787, "capitalExpenditures": -72877320, "investments": -13926, "otherCashflowsFromInvestingActivities": 27770, "totalCashflowsFromInvestingActivities": -74819154, "dividendsPaid": -8671250, "netBorrowings": -9268485, "otherCashflowsFromFinancingActivities": -18708184, "totalCashFromFinancingActivities": 150804081, "changeInCash": -10550860, "issuanceOfStock": 187452000}, {"maxAge": 1, "endDate": "2018-03-31", "netIncome": 50496394, "depreciation": 8885509, "changeToNetincome": -16887677, "changeToAccountReceivables": -21489443, "changeToLiabilities": -65909128, "changeToInventory": 1156436, "changeToOperatingActivities": -9794142, "totalCashFromOperatingActivities": -53542051, "capitalExpenditures": -16218034, "investments": 22571245, "otherCashflowsFromInvestingActivities": 206553775, "totalCashflowsFromInvestingActivities": 199715003, "dividendsPaid": -5604999, "netBorrowings": -175242705, "otherCashflowsFromFinancingActivities": -4997039, "totalCashFromFinancingActivities": -135844743, "changeInCash": 10328209, "issuanceOfStock": 50000000}, {"maxAge": 1, "endDate": "2017-03-31", "netIncome": 43924020, "depreciation": 8703875, "changeToNetincome": 5293195, "changeToAccountReceivables": -58484591, "changeToLiabilities": 61684746, "changeToInventory": -30517941, "changeToOperatingActivities": -16012612, "totalCashFromOperatingActivities": 14590692, "capitalExpenditures": -3650333, "investments": 70999666, "otherCashflowsFromInvestingActivities": 1609295, "totalCashflowsFromInvestingActivities": -97612619, "dividendsPaid": -6746046, "netBorrowings": 85453900, "otherCashflowsFromFinancingActivities": -949887, "totalCashFromFinancingActivities": 77757967, "changeInCash": -5263959, "issuanceOfStock": 50000000}], "maxAge": 86400}, "institutionOwnership": {"ownershipList": [], "maxAge": 1}, "majorHoldersBreakdown": {"maxAge": 1}, "balanceSheetHistoryQuarterly": {"balanceSheetStatements": [{"maxAge": 1, "endDate": "2020-12-31", "totalStockholderEquity": 819339000, "netTangibleAssets": 811348000}, {"maxAge": 1, "endDate": "2020-09-30", "cash": 56696000, "shortTermInvestments": 265000, "netReceivables": 294936000, "inventory": 108855000, "otherCurrentAssets": 46648000, "totalCurrentAssets": 507400000, "longTermInvestments": 170314000, "propertyPlantEquipment": 13783000, "intangibleAssets": 7991000, "otherAssets": 217197000, "deferredLongTermAssetCharges": 6414000, "totalAssets": 916685000, "accountsPayable": 31079000, "otherCurrentLiab": 35352000, "longTermDebt": 25000, "otherLiab": 14733000, "minorityInterest": 4074000, "totalCurrentLiabilities": 78514000, "totalLiab": 93272000, "commonStock": 173425000, "treasuryStock": 645914000, "otherStockholderEquity": 645914000, "totalStockholderEquity": 819339000, "netTangibleAssets": 811348000}, {"maxAge": 1, "endDate": "2020-06-30", "cash": 56696000, "shortTermInvestments": 265000, "netReceivables": 294936000, "inventory": 108855000, "otherCurrentAssets": 46648000, "totalCurrentAssets": 507400000, "longTermInvestments": 170314000, "propertyPlantEquipment": 13783000, "intangibleAssets": 7991000, "otherAssets": 217197000, "deferredLongTermAssetCharges": 6414000, "totalAssets": 916685000, "accountsPayable": 31079000, "otherCurrentLiab": 35352000, "longTermDebt": 25000, "otherLiab": 14733000, "minorityInterest": 4074000, "totalCurrentLiabilities": 78514000, "totalLiab": 93272000, "commonStock": 173425000, "treasuryStock": 645914000, "otherStockholderEquity": 645914000, "totalStockholderEquity": 819339000, "netTangibleAssets": 811348000}, {"maxAge": 1, "endDate": "2020-03-31", "cash": 139698763, "shortTermInvestments": 266059, "netReceivables": 330316976, "inventory": 82775229, "otherCurrentAssets": 40147659, "totalCurrentAssets": 594546724, "longTermInvestments": 167087342, "propertyPlantEquipment": 15174175, "intangibleAssets": 5973450, "otherAssets": 142069183, "deferredLongTermAssetCharges": 6252697, "totalAssets": 924850874, "accountsPayable": 32726579, "otherCurrentLiab": 912168, "longTermDebt": 25000, "otherLiab": 11224281, "minorityInterest": 4450062, "totalCurrentLiabilities": 112061151, "totalLiab": 123310432, "commonStock": 173425000, "retainedEarnings": 412097647, "treasuryStock": 45999778, "capitalSurplus": 165567955, "otherStockholderEquity": 45999778, "totalStockholderEquity": 797090380, "netTangibleAssets": 791116930}], "maxAge": 86400}, "indexTrend": {"maxAge": 1, "symbol": "SP5", "peRatio": 19.7411, "pegRatio": 1.34172, "estimates": [{"period": "0q", "growth": 0.549}, {"period": "+1q", "growth": 0.431}, {"period": "0y", "growth": 0.305}, {"period": "+1y", "growth": 0.109}, {"period": "+5y", "growth": 0.120865}, {"period": "-5y"}]}, "defaultKeyStatistics": {"maxAge": 1, "priceHint": 2, "enterpriseValue": 3369251072, "profitMargins": 0.1388, "floatShares": 4554584, "sharesOutstanding": 17342500, "beta": 0.87311, "category": null, "bookValue": 48.824, "priceToBook": 4.0195394, "fundFamily": null, "legalType": null, "lastFiscalYearEnd": "2020-03-31 05:30:00", "nextFiscalYearEnd": "2022-03-31 05:30:00", "mostRecentQuarter": "2020-12-31 05:30:00", "earningsQuarterlyGrowth": 0.443, "netIncomeToCommon": 88563336, "trailingEps": 5.107, "lastSplitFactor": null, "enterpriseToRevenue": 5.281, "enterpriseToEbitda": 21.459}, "summaryProfile": {"address1": "A-6, Sector -58", "city": "Noida", "zip": "201301", "country": "India", "phone": "91 12 0402 2333", "website": "http://www.repl.global", "industry": "Consulting Services", "sector": "Industrials", "longBusinessSummary": "Rudrabhishek Enterprises Limited, together with its subsidiaries, operates as an integrated urban development and infrastructure consultant in India. Its consultancy services include viability analysis, infrastructure services, urban planning and geographic information system, building and area design, building information modelling, structural engineering design, services design, project management and RERA consultancy, and strategic marketing advisory. The company designs and manages projects in sectors, such as smart city, urban plans and GIS, water management, Hi-Tech cities, residential, commercial and industrial, hospitality and education, sports infra, others. Rudrabhishek Enterprises Limited was founded in 1992 and is based in Noida, India.", "fullTimeEmployees": 187, "companyOfficers": [], "maxAge": 86400}, "netSharePurchaseActivity": {"maxAge": 1, "period": "6m", "buyInfoCount": 0, "buyInfoShares": 0, "sellInfoCount": 0, "netInfoCount": 0, "netInfoShares": 0, "totalInsiderShares": 0}, "quoteType": {"exchange": "NSI", "quoteType": "EQUITY", "symbol": "REPL.NS", "underlyingSymbol": "REPL.NS", "shortName": "Rudrabhishek Enterp Ltd", "longName": "Rudrabhishek Enterprises Limited", "firstTradeDateEpochUtc": "2018-07-27 09:15:00", "timeZoneFullName": "Asia/Kolkata", "timeZoneShortName": "IST", "uuid": "7ea9f96c-c998-32b8-b5b9-7eb53edbacc9", "gmtOffSetMilliseconds": 19800000, "maxAge": 1}, "incomeStatementHistory": {"incomeStatementHistory": [{"maxAge": 1, "endDate": "2020-03-31", "totalRevenue": 788377888, "costOfRevenue": 173555177, "grossProfit": 614822711, "researchDevelopment": {}, "sellingGeneralAdministrative": 20137217, "nonRecurring": {}, "otherOperatingExpenses": 408352015, "totalOperatingExpenses": 606845467, "operatingIncome": 181532421, "totalOtherIncomeExpenseNet": -8489548, "ebit": 181532421, "interestExpense": -847347, "incomeBeforeTax": 173042873, "incomeTaxExpense": 57216404, "minorityInterest": 4450062, "netIncomeFromContinuingOps": 115826469, "discontinuedOperations": {}, "extraordinaryItems": {}, "effectOfAccountingCharges": {}, "otherItems": {}, "netIncome": 119428679, "netIncomeApplicableToCommonShares": 119428679}, {"maxAge": 1, "endDate": "2019-03-31", "totalRevenue": 524908604, "costOfRevenue": 146590068, "grossProfit": 378318536, "researchDevelopment": {}, "sellingGeneralAdministrative": 34329189, "nonRecurring": {}, "otherOperatingExpenses": 239898833, "totalOperatingExpenses": 426209500, "operatingIncome": 98699104, "totalOtherIncomeExpenseNet": 11889839, "ebit": 98699104, "interestExpense": -831342, "incomeBeforeTax": 110588943, "incomeTaxExpense": 26099464, "minorityInterest": 8052271, "netIncomeFromContinuingOps": 84489479, "discontinuedOperations": {}, "extraordinaryItems": {}, "effectOfAccountingCharges": {}, "otherItems": {}, "netIncome": 84455434, "netIncomeApplicableToCommonShares": 84455434}, {"maxAge": 1, "endDate": "2018-03-31", "totalRevenue": 425850165, "costOfRevenue": 194969425, "grossProfit": 230880740, "researchDevelopment": {}, "sellingGeneralAdministrative": 46983000, "nonRecurring": {}, "otherOperatingExpenses": 113616969, "totalOperatingExpenses": 377331945, "operatingIncome": 48518220, "totalOtherIncomeExpenseNet": 14512716, "ebit": 48518220, "interestExpense": -3862890, "incomeBeforeTax": 63030936, "incomeTaxExpense": 22759399, "minorityInterest": 7785604, "netIncomeFromContinuingOps": 40271537, "discontinuedOperations": {}, "extraordinaryItems": {}, "effectOfAccountingCharges": {}, "otherItems": {}, "netIncome": 50496394, "netIncomeApplicableToCommonShares": 50496394}, {"maxAge": 1, "endDate": "2017-03-31", "totalRevenue": 330049794, "costOfRevenue": 171969800, "grossProfit": 158079994, "researchDevelopment": {}, "sellingGeneralAdministrative": 22729209, "nonRecurring": {}, "otherOperatingExpenses": 78857844, "totalOperatingExpenses": 282503448, "operatingIncome": 47546346, "totalOtherIncomeExpenseNet": 13418135, "ebit": 47546346, "interestExpense": -978980, "incomeBeforeTax": 60964481, "incomeTaxExpense": 23531822, "minorityInterest": 31537445, "netIncomeFromContinuingOps": 37432659, "discontinuedOperations": {}, "extraordinaryItems": {}, "effectOfAccountingCharges": {}, "otherItems": {}, "netIncome": 43924020, "netIncomeApplicableToCommonShares": 43924020}], "maxAge": 86400}, "fundOwnership": {"ownershipList": [], "maxAge": 1}, "summaryDetail": {"maxAge": 1, "priceHint": 2, "previousClose": 199.95, "open": 202.85, "dayLow": 195.0, "dayHigh": 203.0, "regularMarketPreviousClose": 199.95, "regularMarketOpen": 202.85, "regularMarketDayLow": 195.0, "regularMarketDayHigh": 203.0, "dividendRate": 0.25, "dividendYield": 0.0013, "exDividendDate": "2020-09-18 05:30:00", "payoutRatio": 0.0521, "beta": 0.87311, "trailingPE": 38.42765, "volume": 12376, "regularMarketVolume": 12376, "averageVolume": 13982, "averageVolume10days": 18594, "averageDailyVolume10Day": 18594, "bid": 0.0, "ask": 0.0, "marketCap": 3403465728, "fiftyTwoWeekLow": 24.5, "fiftyTwoWeekHigh": 215.25, "priceToSalesTrailing12Months": 5.3341975, "fiftyDayAverage": 189.88788, "twoHundredDayAverage": 117.6425, "trailingAnnualDividendRate": 0.25, "trailingAnnualDividendYield": 0.0012503125, "currency": "INR", "fromCurrency": null, "lastMarket": null, "algorithm": null, "tradeable": false}, "incomeStatementHistoryQuarterly": {"incomeStatementHistory": [{"maxAge": 1, "endDate": "2020-12-31", "totalRevenue": 211293000, "costOfRevenue": 44348000, "grossProfit": 166945000, "researchDevelopment": {}, "sellingGeneralAdministrative": {}, "nonRecurring": {}, "otherOperatingExpenses": 104672000, "totalOperatingExpenses": 152439000, "operatingIncome": 58854000, "totalOtherIncomeExpenseNet": -1579000, "ebit": 58854000, "interestExpense": -3311000, "incomeBeforeTax": 57275000, "incomeTaxExpense": 15743000, "minorityInterest": {}, "netIncomeFromContinuingOps": 41532000, "discontinuedOperations": {}, "extraordinaryItems": {}, "effectOfAccountingCharges": {}, "otherItems": {}, "netIncome": 41181000, "netIncomeApplicableToCommonShares": 41181000}, {"maxAge": 1, "endDate": "2020-09-30", "totalRevenue": 104530000, "costOfRevenue": 25642500, "grossProfit": 78887500, "researchDevelopment": {}, "sellingGeneralAdministrative": {}, "nonRecurring": {}, "otherOperatingExpenses": 64466500, "totalOperatingExpenses": 91247500, "operatingIncome": 13282500, "totalOtherIncomeExpenseNet": 2147500, "ebit": 13282500, "interestExpense": -206000, "incomeBeforeTax": 15430000, "incomeTaxExpense": 3998500, "minorityInterest": 4074000, "netIncomeFromContinuingOps": 11431500, "discontinuedOperations": {}, "extraordinaryItems": {}, "effectOfAccountingCharges": {}, "otherItems": {}, "netIncome": 11243500, "netIncomeApplicableToCommonShares": 11243500}, {"maxAge": 1, "endDate": "2020-06-30", "totalRevenue": 104530000, "costOfRevenue": 25642500, "grossProfit": 78887500, "researchDevelopment": {}, "sellingGeneralAdministrative": {}, "nonRecurring": {}, "otherOperatingExpenses": 64466500, "totalOperatingExpenses": 91247500, "operatingIncome": 13282500, "totalOtherIncomeExpenseNet": 2147500, "ebit": 13282500, "interestExpense": -206000, "incomeBeforeTax": 15430000, "incomeTaxExpense": 3998500, "minorityInterest": 4074000, "netIncomeFromContinuingOps": 11431500, "discontinuedOperations": {}, "extraordinaryItems": {}, "effectOfAccountingCharges": {}, "otherItems": {}, "netIncome": 11243500, "netIncomeApplicableToCommonShares": 11243500}, {"maxAge": 1, "endDate": "2020-03-31", "totalRevenue": 217693444, "costOfRevenue": 41297589, "grossProfit": 176395856, "researchDevelopment": {}, "sellingGeneralAdministrative": 10068609, "nonRecurring": {}, "otherOperatingExpenses": 94586008, "totalOperatingExpenses": 147202234, "operatingIncome": 70491211, "totalOtherIncomeExpenseNet": -25524774, "ebit": 70491211, "interestExpense": -206000, "incomeBeforeTax": 44966437, "incomeTaxExpense": 18164702, "minorityInterest": 4450062, "netIncomeFromContinuingOps": 26801735, "discontinuedOperations": {}, "extraordinaryItems": {}, "effectOfAccountingCharges": {}, "otherItems": {}, "netIncome": 28541340, "netIncomeApplicableToCommonShares": 28541340}], "maxAge": 86400}, "cashflowStatementHistoryQuarterly": {"cashflowStatements": [{"maxAge": 1, "endDate": "2020-12-31", "netIncome": 41181000, "changeToLiabilities": 0}, {"maxAge": 1, "endDate": "2020-09-30", "netIncome": 11243500, "depreciation": 1138500, "changeToNetincome": -1169000, "changeToAccountReceivables": 14473500, "changeToLiabilities": -3526000, "changeToInventory": -13040000, "changeToOperatingActivities": -42700500, "totalCashFromOperatingActivities": -33580000, "capitalExpenditures": -315000, "otherCashflowsFromInvestingActivities": -480000, "totalCashflowsFromInvestingActivities": -795000, "netBorrowings": -6003000, "otherCashflowsFromFinancingActivities": -206000, "totalCashFromFinancingActivities": -6209000, "changeInCash": -40584000}, {"maxAge": 1, "endDate": "2020-06-30", "netIncome": 11243500, "depreciation": 1138500, "changeToNetincome": -1169000, "changeToAccountReceivables": 14473500, "changeToLiabilities": -3526000, "changeToInventory": -13040000, "changeToOperatingActivities": -42700500, "totalCashFromOperatingActivities": -33580000, "capitalExpenditures": -315000, "otherCashflowsFromInvestingActivities": -480000, "totalCashflowsFromInvestingActivities": -795000, "netBorrowings": -6003000, "otherCashflowsFromFinancingActivities": -206000, "totalCashFromFinancingActivities": -6209000, "changeInCash": -40584000}, {"maxAge": 1, "endDate": "2020-03-31", "netIncome": 28541340, "depreciation": 689203, "changeToNetincome": 24583476, "changeToAccountReceivables": 23321931, "changeToLiabilities": 3566174, "changeToInventory": -11062508, "changeToOperatingActivities": -38809591, "totalCashFromOperatingActivities": 31390851, "capitalExpenditures": -1668804, "investments": 176, "otherCashflowsFromInvestingActivities": 1931971, "totalCashflowsFromInvestingActivities": -1824178, "netBorrowings": -2120414, "otherCashflowsFromFinancingActivities": -151392, "totalCashFromFinancingActivities": -2271806, "changeInCash": 27294867}], "maxAge": 86400}, "insiderHolders": {"holders": [], "maxAge": 1}, "calendarEvents": {"maxAge": 1, "earnings": {"earningsDate": []}, "exDividendDate": "2020-09-18 05:30:00"}, "upgradeDowngradeHistory": {"history": [], "maxAge": 86400}, "price": {"maxAge": 1, "regularMarketChangePercent": -0.01850461, "regularMarketChange": -3.699997, "regularMarketTime": "2021-04-30 15:29:48", "priceHint": 2, "regularMarketPrice": 196.25, "regularMarketDayHigh": 203.0, "regularMarketDayLow": 195.0, "regularMarketVolume": 12376, "averageDailyVolume10Day": 18594, "averageDailyVolume3Month": 13982, "regularMarketPreviousClose": 199.95, "regularMarketSource": "FREE_REALTIME", "regularMarketOpen": 202.85, "exchange": "NSI", "exchangeName": "NSE", "exchangeDataDelayedBy": 15, "marketState": "CLOSED", "quoteType": "EQUITY", "symbol": "REPL.NS", "underlyingSymbol": null, "shortName": "Rudrabhishek Enterp Ltd", "longName": "Rudrabhishek Enterprises Limited", "currency": "INR", "quoteSourceName": "Delayed Quote", "currencySymbol": "\u20b9", "fromCurrency": null, "lastMarket": null, "marketCap": 3403465728}, "balanceSheetHistory": {"balanceSheetStatements": [{"maxAge": 1, "endDate": "2020-03-31", "cash": 139698763, "shortTermInvestments": 266059, "netReceivables": 330316976, "inventory": 82775229, "otherCurrentAssets": 40147659, "totalCurrentAssets": 594546724, "longTermInvestments": 167087342, "propertyPlantEquipment": 15174175, "intangibleAssets": 5973450, "otherAssets": 142069183, "deferredLongTermAssetCharges": 6252697, "totalAssets": 924850874, "accountsPayable": 32726579, "otherCurrentLiab": 912168, "longTermDebt": 25000, "otherLiab": 11224281, "minorityInterest": 4450062, "totalCurrentLiabilities": 112061151, "totalLiab": 123310432, "commonStock": 173425000, "retainedEarnings": 412097647, "treasuryStock": 45999778, "capitalSurplus": 165567955, "otherStockholderEquity": 45999778, "totalStockholderEquity": 797090380, "netTangibleAssets": 791116930}, {"maxAge": 1, "endDate": "2019-03-31", "cash": 58052765, "shortTermInvestments": 296481, "netReceivables": 334711403, "inventory": 54106213, "otherCurrentAssets": 42893016, "totalCurrentAssets": 492087238, "longTermInvestments": 145105506, "propertyPlantEquipment": 12624687, "intangibleAssets": 2713770, "otherAssets": 152554800, "deferredLongTermAssetCharges": 6669404, "totalAssets": 805086001, "accountsPayable": 24941434, "otherCurrentLiab": 19059646, "longTermDebt": 25000, "otherLiab": 8575720, "minorityInterest": 8052271, "totalCurrentLiabilities": 100317657, "totalLiab": 108918377, "commonStock": 173425000, "retainedEarnings": 303122620, "treasuryStock": 45999778, "capitalSurplus": 165567955, "otherStockholderEquity": 45999778, "totalStockholderEquity": 688115353, "netTangibleAssets": 685401583}, {"maxAge": 1, "endDate": "2018-03-31", "cash": 57617850, "shortTermInvestments": 282555, "netReceivables": 221564886, "inventory": 29361505, "otherCurrentAssets": 19030231, "totalCurrentAssets": 328732476, "longTermInvestments": 137106121, "propertyPlantEquipment": 12470261, "intangibleAssets": 3852332, "otherAssets": 52210887, "deferredLongTermAssetCharges": 3896954, "totalAssets": 534372077, "accountsPayable": 22229124, "otherCurrentLiab": 3724271, "longTermDebt": 25000, "otherLiab": 8085578, "minorityInterest": 7785604, "totalCurrentLiabilities": 75650279, "totalLiab": 83760857, "commonStock": 127705000, "retainedEarnings": 229120838, "treasuryStock": 45999778, "capitalSurplus": 40000000, "otherStockholderEquity": 45999778, "totalStockholderEquity": 442825616, "netTangibleAssets": 438973284}, {"maxAge": 1, "endDate": "2017-03-31", "cash": 43078595, "shortTermInvestments": 270301, "netReceivables": 214346824, "inventory": 30517941, "otherCurrentAssets": 26673225, "totalCurrentAssets": 316056082, "longTermInvestments": 49407659, "propertyPlantEquipment": 106050818, "goodWill": 123180465, "intangibleAssets": 4082749, "otherAssets": 135845387, "deferredLongTermAssetCharges": 3978483, "totalAssets": 734623160, "accountsPayable": 88159438, "otherCurrentLiab": 5692077, "longTermDebt": 184536191, "otherLiab": 19976125, "minorityInterest": 31537445, "totalCurrentLiabilities": 145041296, "totalLiab": 349553612, "commonStock": 5605000, "retainedEarnings": 298899329, "treasuryStock": 49027774, "otherStockholderEquity": 49027774, "totalStockholderEquity": 353532103, "netTangibleAssets": 226268889}], "maxAge": 86400}, "financialData": {"maxAge": 86400, "currentPrice": 196.25, "recommendationKey": "none", "totalCash": 56961000, "totalCashPerShare": 3.278, "ebitda": 157007920, "totalDebt": 12108000, "totalRevenue": 638046464, "debtToEquity": 1.47, "revenuePerShare": 36.796, "grossProfits": 614822711, "earningsGrowth": 0.438, "revenueGrowth": -0.029, "grossMargins": 0.74452, "ebitdaMargins": 0.24608, "operatingMargins": 0.23964001, "profitMargins": 0.1388, "financialCurrency": "INR"}}}