{"RESONANCE.BO": {"cashflowStatementHistory": {"cashflowStatements": [{"maxAge": 1, "endDate": "2020-03-31", "netIncome": 55077000, "depreciation": 9172041, "changeToNetincome": -23479977, "changeToAccountReceivables": 14329106, "changeToLiabilities": -2539585, "changeToInventory": -45064945, "changeToOperatingActivities": 6694672, "totalCashFromOperatingActivities": 14188309, "capitalExpenditures": -19667758, "investments": 1848208, "otherCashflowsFromInvestingActivities": 667724, "totalCashflowsFromInvestingActivities": -17151826, "otherCashflowsFromFinancingActivities": 11541625, "totalCashFromFinancingActivities": 11541625, "changeInCash": 8578109}, {"maxAge": 1, "endDate": "2019-03-31", "netIncome": 32046189, "depreciation": 9064845, "changeToNetincome": 18587192, "changeToAccountReceivables": -9174482, "changeToLiabilities": 8722569, "changeToInventory": 10521647, "changeToOperatingActivities": -17109210, "totalCashFromOperatingActivities": 52658750, "capitalExpenditures": -6359792, "investments": 939874, "otherCashflowsFromInvestingActivities": 408284, "totalCashflowsFromInvestingActivities": -5011634, "netBorrowings": -33694031, "otherCashflowsFromFinancingActivities": -2823341, "totalCashFromFinancingActivities": -36517372, "changeInCash": 11129744}, {"maxAge": 1, "endDate": "2018-03-31", "netIncome": -7681278, "depreciation": 11462006, "changeToNetincome": 10423151, "changeToAccountReceivables": 7562883, "changeToLiabilities": -29848735, "changeToInventory": 36347094, "changeToOperatingActivities": -6833992, "totalCashFromOperatingActivities": 21431129, "capitalExpenditures": -11575107, "investments": 939874, "otherCashflowsFromInvestingActivities": 498124, "totalCashflowsFromInvestingActivities": -11076983, "netBorrowings": -6688801, "otherCashflowsFromFinancingActivities": -3438930, "totalCashFromFinancingActivities": -10127731, "changeInCash": 226415}, {"maxAge": 1, "endDate": "2017-03-31", "netIncome": 10263801, "depreciation": 10600208, "changeToNetincome": 8736970, "changeToAccountReceivables": -4157208, "changeToLiabilities": 35297496, "changeToInventory": -55623445, "changeToOperatingActivities": 473114, "totalCashFromOperatingActivities": 5590936, "capitalExpenditures": -26165916, "investments": 939874, "otherCashflowsFromInvestingActivities": 498124, "totalCashflowsFromInvestingActivities": -26165916, "netBorrowings": 21507202, "otherCashflowsFromFinancingActivities": -3945137, "totalCashFromFinancingActivities": 17562065, "changeInCash": -3012915}], "maxAge": 86400}, "institutionOwnership": {"ownershipList": [], "maxAge": 1}, "balanceSheetHistoryQuarterly": {"balanceSheetStatements": [{"maxAge": 1, "endDate": "2020-06-30", "totalStockholderEquity": 305335946, "netTangibleAssets": 302468812}, {"maxAge": 1, "endDate": "2020-03-31", "cash": 19247716, "netReceivables": 74311822, "inventory": 136791983, "otherCurrentAssets": 14247888, "totalCurrentAssets": 245606716, "propertyPlantEquipment": 156674928, "intangibleAssets": 2867134, "otherAssets": 11967504, "totalAssets": 417116282, "accountsPayable": 65920335, "otherCurrentLiab": 19518584, "otherLiab": 20911266, "totalCurrentLiabilities": 90869070, "totalLiab": 111780336, "commonStock": 115440000, "retainedEarnings": 131569023, "treasuryStock": 58326923, "otherStockholderEquity": 58326923, "totalStockholderEquity": 305335946, "netTangibleAssets": 302468812}, {"maxAge": 1, "endDate": "2019-12-31", "totalStockholderEquity": 283061491, "netTangibleAssets": 279978183}, {"maxAge": 1, "endDate": "2019-09-30", "cash": 6238224, "shortTermInvestments": 916550, "netReceivables": 71349888, "inventory": 132125314, "otherCurrentAssets": 21772214, "totalCurrentAssets": 231485640, "longTermInvestments": 12153517, "propertyPlantEquipment": 146712169, "intangibleAssets": 3083308, "otherAssets": 277816, "totalAssets": 393712450, "accountsPayable": 64695949, "otherCurrentLiab": 17939966, "otherLiab": 20117677, "totalCurrentLiabilities": 90533282, "totalLiab": 110650959, "commonStock": 115440000, "treasuryStock": 167621491, "otherStockholderEquity": 167621491, "totalStockholderEquity": 283061491, "netTangibleAssets": 279978183}], "maxAge": 86400}, "indexTrend": {"maxAge": 1, "symbol": "SP5", "peRatio": 19.7411, "pegRatio": 1.34172, "estimates": [{"period": "0q", "growth": 0.549}, {"period": "+1q", "growth": 0.431}, {"period": "0y", "growth": 0.305}, {"period": "+1y", "growth": 0.109}, {"period": "+5y", "growth": 0.120859005}, {"period": "-5y"}]}, "insiderTransactions": {"transactions": [{"maxAge": 1, "shares": 50000, "value": 28945, "filerUrl": "", "transactionText": "Sale at price 0.58 per share.", "filerName": "Ushma Investments Pvt Ltd", "filerRelation": "Promoter", "moneyText": "", "startDate": "2020-09-30", "ownership": "D"}, {"maxAge": 1, "shares": 77002, "value": 47256, "filerUrl": "", "transactionText": "Sale at price 0.61 per share.", "filerName": "Ushma Investments Pvt Ltd", "filerRelation": "Promoter", "moneyText": "", "startDate": "2020-09-30", "ownership": "D"}, {"maxAge": 1, "shares": 2950000, "value": 1709820, "filerUrl": "", "transactionText": "Acquisition at price 0.58 per share.", "filerName": "Ushma Investments Pvt Ltd", "filerRelation": "Promoter", "moneyText": "", "startDate": "2020-09-30", "ownership": "D"}, {"maxAge": 1, "shares": 0, "filerUrl": "", "transactionText": "", "filerName": "Ushma Investments Pvt Ltd", "filerRelation": "Promoter", "moneyText": "", "startDate": "2020-09-30", "ownership": "I"}, {"maxAge": 1, "shares": 3446248, "value": 1997445, "filerUrl": "", "transactionText": "Acquisition at price 0.58 per share.", "filerName": "Vista Finance & Leasing Pvt Ltd", "filerRelation": "Promoter", "moneyText": "", "startDate": "2020-09-30", "ownership": "D"}, {"maxAge": 1, "shares": 3382000, "value": 2058961, "filerUrl": "", "transactionText": "Sale at price 0.61 per share.", "filerName": "Vista Finance & Leasing Pvt Ltd", "filerRelation": "Promoter", "moneyText": "", "startDate": "2020-09-30", "ownership": "D"}, {"maxAge": 1, "shares": 20000, "value": 11766, "filerUrl": "", "transactionText": "Sale at price 0.59 per share.", "filerName": "Vista Finance & Leasing Pvt Ltd", "filerRelation": "Promoter", "moneyText": "", "startDate": "2020-09-30", "ownership": "D"}, {"maxAge": 1, "shares": 2350000, "value": 1360884, "filerUrl": "", "transactionText": "Sale at price 0.58 per share.", "filerName": "Vista Finance & Leasing Pvt Ltd", "filerRelation": "Promoter", "moneyText": "", "startDate": "2020-09-30", "ownership": "D"}, {"maxAge": 1, "shares": 1012000, "value": 586049, "filerUrl": "", "transactionText": "Sale at price 0.58 per share.", "filerName": "Vista Finance & Leasing Pvt Ltd", "filerRelation": "Promoter", "moneyText": "", "startDate": "2020-09-30", "ownership": "D"}, {"maxAge": 1, "shares": 10264, "value": 6677, "filerUrl": "", "transactionText": "Sale at price 0.65 per share.", "filerName": "Avignon Chemicals Pvt Ltd", "filerRelation": "Promoter", "moneyText": "", "startDate": "2020-09-25", "ownership": "D"}, {"maxAge": 1, "shares": 26746, "value": 17566, "filerUrl": "", "transactionText": "Sale at price 0.66 per share.", "filerName": "Ushma Investments Pvt Ltd", "filerRelation": "Promoter", "moneyText": "", "startDate": "2020-09-25", "ownership": "D"}, {"maxAge": 1, "shares": 43604, "value": 29698, "filerUrl": "", "transactionText": "Sale at price 0.68 per share.", "filerName": "Avignon Chemicals Pvt Ltd", "filerRelation": "Promoter", "moneyText": "", "startDate": "2020-09-24", "ownership": "D"}, {"maxAge": 1, "shares": 3475, "value": 2469, "filerUrl": "", "transactionText": "Sale at price 0.71 per share.", "filerName": "Ushma Investments Pvt Ltd", "filerRelation": "Promoter", "moneyText": "", "startDate": "2020-09-23", "ownership": "D"}, {"maxAge": 1, "shares": 32338, "value": 25789, "filerUrl": "", "transactionText": "Sale at price 0.80 per share.", "filerName": "Ushma Investments Pvt Ltd", "filerRelation": "Promoter", "moneyText": "", "startDate": "2020-09-18", "ownership": "D"}], "maxAge": 1}, "quoteType": {"exchange": "BSE", "quoteType": "EQUITY", "symbol": "RESONANCE.BO", "underlyingSymbol": "RESONANCE.BO", "shortName": "RESONANCE SPECIALTIES LTD.", "longName": "Resonance Specialties Limited", "firstTradeDateEpochUtc": "2001-10-03 09:15:00", "timeZoneFullName": "Asia/Kolkata", "timeZoneShortName": "IST", "uuid": "8e166756-5c56-3b96-ade3-df976de720e1", "gmtOffSetMilliseconds": 19800000, "maxAge": 1}, "incomeStatementHistory": {"incomeStatementHistory": [{"maxAge": 1, "endDate": "2020-03-31", "totalRevenue": 575208747, "costOfRevenue": 209161657, "grossProfit": 366047090, "researchDevelopment": {}, "sellingGeneralAdministrative": 39600283, "nonRecurring": {}, "otherOperatingExpenses": 236221162, "totalOperatingExpenses": 493517274, "operatingIncome": 81691473, "totalOtherIncomeExpenseNet": -12480944, "ebit": 81691473, "interestExpense": -1235630, "incomeBeforeTax": 69210529, "incomeTaxExpense": 14133529, "minorityInterest": {}, "netIncomeFromContinuingOps": 55077000, "discontinuedOperations": {}, "extraordinaryItems": {}, "effectOfAccountingCharges": {}, "otherItems": {}, "netIncome": 55077000, "netIncomeApplicableToCommonShares": 55077000}, {"maxAge": 1, "endDate": "2019-03-31", "totalRevenue": 426319779, "costOfRevenue": 186123231, "grossProfit": 240196548, "researchDevelopment": {}, "sellingGeneralAdministrative": 32916907, "nonRecurring": {}, "otherOperatingExpenses": 148313421, "totalOperatingExpenses": 376418404, "operatingIncome": 49901375, "totalOtherIncomeExpenseNet": -2317207, "ebit": 49901375, "interestExpense": -2823342, "incomeBeforeTax": 47584168, "incomeTaxExpense": 15537979, "minorityInterest": {}, "netIncomeFromContinuingOps": 32046189, "discontinuedOperations": {}, "extraordinaryItems": {}, "effectOfAccountingCharges": {}, "otherItems": {}, "netIncome": 32046189, "netIncomeApplicableToCommonShares": 32046189}, {"maxAge": 1, "endDate": "2018-03-31", "totalRevenue": 367126162, "costOfRevenue": 178154244, "grossProfit": 188971918, "researchDevelopment": {}, "sellingGeneralAdministrative": 37567547, "nonRecurring": {}, "otherOperatingExpenses": 137419084, "totalOperatingExpenses": 364602881, "operatingIncome": 2523281, "totalOtherIncomeExpenseNet": -2184889, "ebit": 2523281, "interestExpense": -3438929, "incomeBeforeTax": 338392, "incomeTaxExpense": 8019670, "minorityInterest": {}, "netIncomeFromContinuingOps": -7681278, "discontinuedOperations": {}, "extraordinaryItems": {}, "effectOfAccountingCharges": {}, "otherItems": {}, "netIncome": -7681278, "netIncomeApplicableToCommonShares": -7681278}, {"maxAge": 1, "endDate": "2017-03-31", "totalRevenue": 346884251, "costOfRevenue": 134152796, "grossProfit": 212731455, "researchDevelopment": {}, "sellingGeneralAdministrative": 34598215, "nonRecurring": {}, "otherOperatingExpenses": 152809979, "totalOperatingExpenses": 332161198, "operatingIncome": 14723053, "totalOtherIncomeExpenseNet": -841042, "ebit": 14723053, "interestExpense": -1787424, "incomeBeforeTax": 13882011, "incomeTaxExpense": 3618210, "minorityInterest": {}, "netIncomeFromContinuingOps": 10263801, "discontinuedOperations": {}, "extraordinaryItems": {}, "effectOfAccountingCharges": {}, "otherItems": {}, "netIncome": 10263801, "netIncomeApplicableToCommonShares": 10263801}], "maxAge": 86400}, "fundOwnership": {"ownershipList": [], "maxAge": 1}, "summaryDetail": {"maxAge": 1, "priceHint": 2, "previousClose": 135.05, "open": 141.0, "dayLow": 129.0, "dayHigh": 141.0, "regularMarketPreviousClose": 135.05, "regularMarketOpen": 141.0, "regularMarketDayLow": 129.0, "regularMarketDayHigh": 141.0, "trailingPE": 28.31545, "volume": 8572, "regularMarketVolume": 8572, "averageVolume": 40209, "averageVolume10days": 19439, "averageDailyVolume10Day": 19439, "bid": 131.5, "ask": 132.6, "bidSize": 0, "askSize": 0, "marketCap": 1523230720, "fiftyTwoWeekLow": 24.55, "fiftyTwoWeekHigh": 161.85, "fiftyDayAverage": 135.9515, "twoHundredDayAverage": 80.684555, "trailingAnnualDividendRate": 1.0, "trailingAnnualDividendYield": 0.007404665, "currency": "INR", "fromCurrency": null, "lastMarket": null, "algorithm": null, "tradeable": false}, "incomeStatementHistoryQuarterly": {"incomeStatementHistory": [{"maxAge": 1, "endDate": "2020-06-30", "totalRevenue": 111120000, "costOfRevenue": 49151000, "grossProfit": 61969000, "researchDevelopment": {}, "sellingGeneralAdministrative": 7838000, "nonRecurring": {}, "otherOperatingExpenses": 42818000, "totalOperatingExpenses": 102060000, "operatingIncome": 9060000, "totalOtherIncomeExpenseNet": -173000, "ebit": 9060000, "interestExpense": -174000, "incomeBeforeTax": 8887000, "incomeTaxExpense": 2580000, "minorityInterest": {}, "netIncomeFromContinuingOps": 6307000, "discontinuedOperations": {}, "extraordinaryItems": {}, "effectOfAccountingCharges": {}, "otherItems": {}, "netIncome": 6307000, "netIncomeApplicableToCommonShares": 6307000}, {"maxAge": 1, "endDate": "2020-03-31", "totalRevenue": 118838747, "costOfRevenue": 44675657, "grossProfit": 74163090, "researchDevelopment": {}, "sellingGeneralAdministrative": 7013283, "nonRecurring": {}, "otherOperatingExpenses": 56300162, "totalOperatingExpenses": 109730274, "operatingIncome": 9108473, "totalOtherIncomeExpenseNet": 2431056, "ebit": 9108473, "interestExpense": -174000, "incomeBeforeTax": 11539529, "incomeTaxExpense": -638471, "minorityInterest": {}, "netIncomeFromContinuingOps": 12178000, "discontinuedOperations": {}, "extraordinaryItems": {}, "effectOfAccountingCharges": {}, "otherItems": {}, "netIncome": 12178000, "netIncomeApplicableToCommonShares": 12178000}, {"maxAge": 1, "endDate": "2019-12-31", "totalRevenue": 168973000, "costOfRevenue": 59902000, "grossProfit": 109071000, "researchDevelopment": {}, "sellingGeneralAdministrative": 11828000, "nonRecurring": {}, "otherOperatingExpenses": 59853000, "totalOperatingExpenses": 133890000, "operatingIncome": 35083000, "totalOtherIncomeExpenseNet": -558000, "ebit": 35083000, "interestExpense": -559000, "incomeBeforeTax": 34525000, "incomeTaxExpense": 10270000, "minorityInterest": {}, "netIncomeFromContinuingOps": 24255000, "discontinuedOperations": {}, "extraordinaryItems": {}, "effectOfAccountingCharges": {}, "otherItems": {}, "netIncome": 24255000, "netIncomeApplicableToCommonShares": 24255000}, {"maxAge": 1, "endDate": "2019-09-30", "totalRevenue": 135481000, "costOfRevenue": 44530000, "grossProfit": 90951000, "researchDevelopment": {}, "sellingGeneralAdministrative": 10766000, "nonRecurring": {}, "otherOperatingExpenses": 62232000, "totalOperatingExpenses": 119718000, "operatingIncome": 15763000, "totalOtherIncomeExpenseNet": -798000, "ebit": 15763000, "interestExpense": -796000, "incomeBeforeTax": 14965000, "incomeTaxExpense": 3714000, "minorityInterest": {}, "netIncomeFromContinuingOps": 11251000, "discontinuedOperations": {}, "extraordinaryItems": {}, "effectOfAccountingCharges": {}, "otherItems": {}, "netIncome": 11251000, "netIncomeApplicableToCommonShares": 11251000}], "maxAge": 86400}, "cashflowStatementHistoryQuarterly": {"cashflowStatements": [{"maxAge": 1, "endDate": "2020-06-30", "netIncome": 6307000, "changeToLiabilities": 0}, {"maxAge": 1, "endDate": "2020-03-31", "netIncome": 12178000, "changeToLiabilities": 0}, {"maxAge": 1, "endDate": "2019-12-31", "netIncome": 24255000, "changeToLiabilities": 0}, {"maxAge": 1, "endDate": "2019-09-30", "netIncome": 11251000, "changeToLiabilities": 0}], "maxAge": 86400}, "insiderHolders": {"holders": [{"maxAge": 1, "name": "Avignon Chemicals Pvt Ltd", "relation": "Promoter", "url": "", "transactionDescription": "Sale", "latestTransDate": "2020-09-25", "positionDirect": 92732, "positionDirectDate": "2020-09-25"}, {"maxAge": 1, "name": "Ushma Investments Pvt Ltd", "relation": "Promoter", "url": "", "transactionDescription": "Sale", "latestTransDate": "2020-09-30", "positionDirect": 3205639, "positionDirectDate": "2020-09-30"}, {"maxAge": 1, "name": "Vista Finance & Leasing Pvt Ltd", "relation": "Promoter", "url": "", "transactionDescription": "Acquisition", "latestTransDate": "2020-09-30", "positionDirect": 517852, "positionDirectDate": "2020-09-30"}], "maxAge": 1}, "calendarEvents": {"maxAge": 1, "earnings": {"earningsDate": []}}, "upgradeDowngradeHistory": {"history": [], "maxAge": 86400}, "price": {"maxAge": 1, "regularMarketChangePercent": -0.022954507, "regularMarketChange": -3.100006, "regularMarketTime": "2021-04-30 15:28:12", "priceHint": 2, "regularMarketPrice": 131.95, "regularMarketDayHigh": 141.0, "regularMarketDayLow": 129.0, "regularMarketVolume": 8572, "averageDailyVolume10Day": 19439, "averageDailyVolume3Month": 40209, "regularMarketPreviousClose": 135.05, "regularMarketSource": "FREE_REALTIME", "regularMarketOpen": 141.0, "exchange": "BSE", "exchangeName": "BSE", "exchangeDataDelayedBy": 0, "marketState": "CLOSED", "quoteType": "EQUITY", "symbol": "RESONANCE.BO", "underlyingSymbol": null, "shortName": "RESONANCE SPECIALTIES LTD.", "longName": "Resonance Specialties Limited", "currency": "INR", "quoteSourceName": "Delayed Quote", "currencySymbol": "\u20b9", "fromCurrency": null, "lastMarket": null, "marketCap": 1523230720}, "balanceSheetHistory": {"balanceSheetStatements": [{"maxAge": 1, "endDate": "2020-03-31", "cash": 19247716, "netReceivables": 74311822, "inventory": 136791983, "otherCurrentAssets": 14247888, "totalCurrentAssets": 245606716, "propertyPlantEquipment": 156674928, "intangibleAssets": 2867134, "otherAssets": 11967504, "totalAssets": 417116282, "accountsPayable": 65920335, "otherCurrentLiab": 19518584, "otherLiab": 20911266, "totalCurrentLiabilities": 90869070, "totalLiab": 111780336, "commonStock": 115440000, "retainedEarnings": 131569023, "treasuryStock": 58326923, "otherStockholderEquity": 58326923, "totalStockholderEquity": 305335946, "netTangibleAssets": 302468812}, {"maxAge": 1, "endDate": "2019-03-31", "cash": 10100292, "shortTermInvestments": 668764, "netReceivables": 109981253, "inventory": 90805936, "otherCurrentAssets": 7173977, "totalCurrentAssets": 218788438, "propertyPlantEquipment": 145748042, "intangibleAssets": 3298300, "otherAssets": 13815712, "totalAssets": 381650492, "accountsPayable": 68459920, "otherCurrentLiab": 20798643, "otherLiab": 20843649, "totalCurrentLiabilities": 96107009, "totalLiab": 116950658, "commonStock": 115440000, "retainedEarnings": 90932911, "treasuryStock": 58326923, "otherStockholderEquity": 58326923, "totalStockholderEquity": 264699834, "netTangibleAssets": 261401534}, {"maxAge": 1, "endDate": "2018-03-31", "cash": 81711, "netReceivables": 90883844, "inventory": 102612593, "otherCurrentAssets": 6115467, "totalCurrentAssets": 201778645, "propertyPlantEquipment": 148234902, "intangibleAssets": 3743616, "otherAssets": 14755586, "totalAssets": 368512749, "accountsPayable": 59737352, "shortLongTermDebt": 345187, "otherCurrentLiab": 3074971, "longTermDebt": 119916, "otherLiab": 18013901, "totalCurrentLiabilities": 117757312, "totalLiab": 135891129, "commonStock": 115440000, "retainedEarnings": 58854697, "treasuryStock": 58326923, "otherStockholderEquity": 58326923, "totalStockholderEquity": 232621620, "netTangibleAssets": 228878004}, {"maxAge": 1, "endDate": "2017-03-31", "cash": 42384, "netReceivables": 79247471, "inventory": 139521258, "otherCurrentAssets": 9978342, "totalCurrentAssets": 229801607, "propertyPlantEquipment": 147704018, "intangibleAssets": 4938390, "otherAssets": 15429785, "totalAssets": 397873800, "accountsPayable": 89586087, "otherCurrentLiab": 3149396, "longTermDebt": 784642, "otherLiab": 12340979, "totalCurrentLiabilities": 145118192, "totalLiab": 158243813, "commonStock": 115440000, "retainedEarnings": 65863064, "treasuryStock": 58326923, "otherStockholderEquity": 58326923, "totalStockholderEquity": 239629987, "netTangibleAssets": 234691597}], "maxAge": 86400}, "financialData": {"maxAge": 86400, "currentPrice": 131.95, "recommendationKey": "none", "grossProfits": 366047090, "financialCurrency": "INR"}}}