{"RESPONIND.BO": {"recommendationTrend": {"trend": [{"period": "0m", "strongBuy": 0, "buy": 0, "hold": 0, "sell": 0, "strongSell": 0}, {"period": "-1m", "strongBuy": 0, "buy": 0, "hold": 0, "sell": 0, "strongSell": 0}, {"period": "-2m", "strongBuy": 0, "buy": 0, "hold": 0, "sell": 0, "strongSell": 0}, {"period": "-3m", "strongBuy": 0, "buy": 0, "hold": 0, "sell": 0, "strongSell": 0}], "maxAge": 86400}, "cashflowStatementHistory": {"cashflowStatements": [{"maxAge": 1, "endDate": "2020-03-31", "netIncome": 241853000, "depreciation": 779154000, "changeToNetincome": 23488000, "changeToAccountReceivables": -460868000, "changeToLiabilities": 325217000, "changeToInventory": 230322000, "changeToOperatingActivities": -239103000, "totalCashFromOperatingActivities": 900063000, "capitalExpenditures": -47930000, "investments": 102020000, "otherCashflowsFromInvestingActivities": -1035997000, "totalCashflowsFromInvestingActivities": -941057000, "dividendsPaid": -48980000, "netBorrowings": 586104000, "otherCashflowsFromFinancingActivities": -212745000, "totalCashFromFinancingActivities": 324379000, "changeInCash": 283385000}, {"maxAge": 1, "endDate": "2019-03-31", "netIncome": 287040000, "depreciation": 818310000, "changeToNetincome": 120920000, "changeToAccountReceivables": 2297400000, "changeToLiabilities": -182450000, "changeToInventory": 398020000, "changeToOperatingActivities": -676040000, "totalCashFromOperatingActivities": 3063880000, "capitalExpenditures": -97280000, "investments": 198260000, "otherCashflowsFromInvestingActivities": -2638930000, "totalCashflowsFromInvestingActivities": -2529430000, "dividendsPaid": -26940000, "netBorrowings": -459180000, "otherCashflowsFromFinancingActivities": -134750000, "totalCashFromFinancingActivities": -620870000, "changeInCash": -86430000}, {"maxAge": 1, "endDate": "2018-03-31", "netIncome": 107660000, "depreciation": 866470000, "changeToNetincome": 122460000, "changeToAccountReceivables": 129720000, "changeToLiabilities": -103210000, "changeToInventory": 83480000, "changeToOperatingActivities": 210400000, "totalCashFromOperatingActivities": 1417030000, "capitalExpenditures": -573080000, "investments": 10050000, "otherCashflowsFromInvestingActivities": 264520000, "totalCashflowsFromInvestingActivities": -287690000, "dividendsPaid": -2020000, "netBorrowings": -1592530000, "otherCashflowsFromFinancingActivities": -171850000, "totalCashFromFinancingActivities": -1766400000, "changeInCash": -637060000}, {"maxAge": 1, "endDate": "2017-03-31", "netIncome": 106770000, "depreciation": 1322610000, "changeToNetincome": 226470000, "changeToAccountReceivables": 1756350000, "changeToLiabilities": -1639700000, "changeToInventory": -808250000, "changeToOperatingActivities": 108600000, "totalCashFromOperatingActivities": 1073500000, "capitalExpenditures": -86360000, "investments": -301590000, "otherCashflowsFromInvestingActivities": 11400000, "totalCashflowsFromInvestingActivities": -364870000, "dividendsPaid": -2020000, "netBorrowings": -344140000, "otherCashflowsFromFinancingActivities": -230990000, "totalCashFromFinancingActivities": -575130000, "changeInCash": 133500000}], "maxAge": 86400}, "institutionOwnership": {"ownershipList": [], "maxAge": 1}, "balanceSheetHistoryQuarterly": {"balanceSheetStatements": [{"maxAge": 1, "endDate": "2020-06-30", "totalStockholderEquity": 9435074000, "netTangibleAssets": 8773805000}, {"maxAge": 1, "endDate": "2020-03-31", "cash": 487280000, "shortTermInvestments": 153428000, "netReceivables": 2186514000, "inventory": 537847000, "otherCurrentAssets": 138328000, "totalCurrentAssets": 3503397000, "longTermInvestments": 109000, "propertyPlantEquipment": 5503958000, "goodWill": 661269000, "otherAssets": 3750888000, "totalAssets": 13419621000, "accountsPayable": 384034000, "shortLongTermDebt": 23660000, "otherCurrentLiab": 46150000, "longTermDebt": 3736000, "otherLiab": 262516000, "minorityInterest": 1599351000, "totalCurrentLiabilities": 2118944000, "totalLiab": 2385196000, "commonStock": 262495000, "treasuryStock": 9172579000, "otherStockholderEquity": 9172579000, "totalStockholderEquity": 9435074000, "netTangibleAssets": 8773805000}, {"maxAge": 1, "endDate": "2019-12-31", "totalStockholderEquity": 9550140000, "netTangibleAssets": 8888870000}, {"maxAge": 1, "endDate": "2019-09-30", "cash": 292090000, "shortTermInvestments": 110350000, "netReceivables": 2349630000, "inventory": 511990000, "otherCurrentAssets": 3170820000, "totalCurrentAssets": 6434880000, "longTermInvestments": 100000, "propertyPlantEquipment": 5847210000, "goodWill": 661270000, "otherAssets": 48610000, "totalAssets": 12992070000, "accountsPayable": 287970000, "shortLongTermDebt": 13010000, "otherCurrentLiab": 62330000, "otherLiab": 252620000, "minorityInterest": 1565100000, "totalCurrentLiabilities": 1624210000, "totalLiab": 1876830000, "commonStock": 262495000, "treasuryStock": 9287645000, "otherStockholderEquity": 9287645000, "totalStockholderEquity": 9550140000, "netTangibleAssets": 8888870000}], "maxAge": 86400}, "earningsHistory": {"history": [{"maxAge": 1, "epsActual": {}, "epsEstimate": {}, "epsDifference": {}, "surprisePercent": {}, "quarter": {}, "period": "-4q"}, {"maxAge": 1, "epsActual": {}, "epsEstimate": {}, "epsDifference": {}, "surprisePercent": {}, "quarter": {}, "period": "-3q"}, {"maxAge": 1, "epsActual": {}, "epsEstimate": {}, "epsDifference": {}, "surprisePercent": {}, "quarter": {}, "period": "-2q"}, {"maxAge": 1, "epsActual": {}, "epsEstimate": {}, "epsDifference": {}, "surprisePercent": {}, "quarter": {}, "period": "-1q"}], "maxAge": 86400}, "indexTrend": {"maxAge": 1, "symbol": "SP5", "peRatio": 19.7411, "pegRatio": 1.34172, "estimates": [{"period": "0q", "growth": 0.549}, {"period": "+1q", "growth": 0.431}, {"period": "0y", "growth": 0.305}, {"period": "+1y", "growth": 0.109}, {"period": "+5y", "growth": 0.120865}, {"period": "-5y"}]}, "industryTrend": {"maxAge": 1, "symbol": null, "estimates": []}, "insiderTransactions": {"transactions": [{"maxAge": 1, "shares": 552000, "filerUrl": "", "transactionText": "", "filerName": "Agarwal (Abhishek)", "filerRelation": "Promoter", "moneyText": "", "startDate": "2018-06-29", "ownership": "D"}, {"maxAge": 1, "shares": 552000, "filerUrl": "", "transactionText": "", "filerName": "Agarwal (Saudamini)", "filerRelation": "Promoter", "moneyText": "", "startDate": "2018-06-29", "ownership": "D"}, {"maxAge": 1, "shares": 25000000, "filerUrl": "", "transactionText": "", "filerName": "Fairpoint Tradecom, L.L.P.", "filerRelation": "Promoter", "moneyText": "", "startDate": "2018-04-12", "ownership": "D"}, {"maxAge": 1, "shares": 12500000, "filerUrl": "", "transactionText": "", "filerName": "Wellknown Business Ventures Pvt. Ltd.", "filerRelation": "Promoter", "moneyText": "", "startDate": "2018-04-03", "ownership": "D"}, {"maxAge": 1, "shares": 12500000, "filerUrl": "", "transactionText": "", "filerName": "Fairpoint Tradecom, L.L.P.", "filerRelation": "Promoter", "moneyText": "", "startDate": "2018-04-03", "ownership": "D"}, {"maxAge": 1, "shares": 12500000, "filerUrl": "", "transactionText": "", "filerName": "Fairpoint Tradecom, L.L.P.", "filerRelation": "Institution- Corporation", "moneyText": "", "startDate": "2018-03-26", "ownership": "D"}, {"maxAge": 1, "shares": 121609576, "filerUrl": "", "transactionText": "", "filerName": "Wellknown Business Ventures Pvt. Ltd.", "filerRelation": "Institution- Corporation", "moneyText": "", "startDate": "2018-03-26", "ownership": "D"}, {"maxAge": 1, "shares": 500000, "filerUrl": "", "transactionText": "", "filerName": "Mavi Business Venture Ltd", "filerRelation": "Institution- Corporation", "moneyText": "", "startDate": "2017-03-01", "ownership": "D"}, {"maxAge": 1, "shares": 54625, "filerUrl": "", "transactionText": "", "filerName": "Mavi Business Venture Ltd", "filerRelation": "Institution- Corporation", "moneyText": "", "startDate": "2017-02-28", "ownership": "D"}, {"maxAge": 1, "shares": 300000, "filerUrl": "", "transactionText": "", "filerName": "Mavi Business Venture Ltd", "filerRelation": "Institution- Corporation", "moneyText": "", "startDate": "2017-02-27", "ownership": "D"}, {"maxAge": 1, "shares": 257026, "filerUrl": "", "transactionText": "", "filerName": "Mavi Business Venture Ltd", "filerRelation": "Institution- Corporation", "moneyText": "", "startDate": "2017-02-23", "ownership": "D"}, {"maxAge": 1, "shares": 144784, "filerUrl": "", "transactionText": "", "filerName": "Mavi Business Venture Ltd", "filerRelation": "Institution- Corporation", "moneyText": "", "startDate": "2017-02-22", "ownership": "D"}, {"maxAge": 1, "shares": 687754, "filerUrl": "", "transactionText": "", "filerName": "Mavi Business Venture Ltd", "filerRelation": "Institution- Corporation", "moneyText": "", "startDate": "2017-02-20", "ownership": "D"}, {"maxAge": 1, "shares": 477124, "filerUrl": "", "transactionText": "", "filerName": "Mavi Business Venture Ltd", "filerRelation": "Institution- Corporation", "moneyText": "", "startDate": "2017-02-17", "ownership": "D"}, {"maxAge": 1, "shares": 59002, "filerUrl": "", "transactionText": "", "filerName": "Wellknown Business Ventures Pvt. Ltd.", "filerRelation": "Institution- Corporation", "moneyText": "", "startDate": "2010-03-26", "ownership": "D"}, {"maxAge": 1, "shares": 60000, "filerUrl": "", "transactionText": "", "filerName": "Wellknown Business Ventures Pvt. Ltd.", "filerRelation": "Institution- Corporation", "moneyText": "", "startDate": "2010-03-25", "ownership": "D"}, {"maxAge": 1, "shares": 41800, "filerUrl": "", "transactionText": "", "filerName": "Wellknown Business Ventures Pvt. Ltd.", "filerRelation": "Institution- Corporation", "moneyText": "", "startDate": "2010-03-23", "ownership": "D"}, {"maxAge": 1, "shares": 60000, "filerUrl": "", "transactionText": "", "filerName": "Wellknown Business Ventures Pvt. Ltd.", "filerRelation": "Institution- Corporation", "moneyText": "", "startDate": "2010-03-22", "ownership": "D"}, {"maxAge": 1, "shares": 52000, "filerUrl": "", "transactionText": "", "filerName": "Wellknown Business Ventures Pvt. Ltd.", "filerRelation": "Institution- Corporation", "moneyText": "", "startDate": "2010-03-10", "ownership": "D"}, {"maxAge": 1, "shares": 46500, "filerUrl": "", "transactionText": "", "filerName": "Wellknown Business Ventures Pvt. Ltd.", "filerRelation": "Institution- Corporation", "moneyText": "", "startDate": "2010-03-09", "ownership": "D"}, {"maxAge": 1, "shares": 59000, "filerUrl": "", "transactionText": "", "filerName": "Wellknown Business Ventures Pvt. Ltd.", "filerRelation": "Institution- Corporation", "moneyText": "", "startDate": "2010-03-08", "ownership": "D"}, {"maxAge": 1, "shares": 60000, "filerUrl": "", "transactionText": "", "filerName": "Wellknown Business Ventures Pvt. Ltd.", "filerRelation": "Institution- Corporation", "moneyText": "", "startDate": "2010-03-05", "ownership": "D"}, {"maxAge": 1, "shares": 55000, "filerUrl": "", "transactionText": "", "filerName": "Wellknown Business Ventures Pvt. Ltd.", "filerRelation": "Institution- Corporation", "moneyText": "", "startDate": "2010-02-25", "ownership": "D"}, {"maxAge": 1, "shares": 59991, "filerUrl": "", "transactionText": "", "filerName": "Wellknown Business Ventures Pvt. Ltd.", "filerRelation": "Institution- Corporation", "moneyText": "", "startDate": "2010-02-24", "ownership": "D"}, {"maxAge": 1, "shares": 108000, "filerUrl": "", "transactionText": "", "filerName": "Wellknown Business Ventures Pvt. Ltd.", "filerRelation": "Institution- Corporation", "moneyText": "", "startDate": "2010-02-23", "ownership": "D"}, {"maxAge": 1, "shares": 110000, "filerUrl": "", "transactionText": "", "filerName": "Wellknown Business Ventures Pvt. Ltd.", "filerRelation": "Institution- Corporation", "moneyText": "", "startDate": "2010-02-22", "ownership": "D"}, {"maxAge": 1, "shares": 40000, "filerUrl": "", "transactionText": "", "filerName": "Wellknown Business Ventures Pvt. Ltd.", "filerRelation": "Institution- Corporation", "moneyText": "", "startDate": "2010-02-05", "ownership": "D"}, {"maxAge": 1, "shares": 35000, "filerUrl": "", "transactionText": "", "filerName": "Wellknown Business Ventures Pvt. Ltd.", "filerRelation": "Institution- Corporation", "moneyText": "", "startDate": "2010-02-04", "ownership": "D"}, {"maxAge": 1, "shares": 35000, "filerUrl": "", "transactionText": "", "filerName": "Wellknown Business Ventures Pvt. Ltd.", "filerRelation": "Institution- Corporation", "moneyText": "", "startDate": "2010-02-03", "ownership": "D"}, {"maxAge": 1, "shares": 50000, "filerUrl": "", "transactionText": "", "filerName": "Wellknown Business Ventures Pvt. Ltd.", "filerRelation": "Institution- Corporation", "moneyText": "", "startDate": "2010-02-02", "ownership": "D"}, {"maxAge": 1, "shares": 43976, "filerUrl": "", "transactionText": "", "filerName": "Wellknown Business Ventures Pvt. Ltd.", "filerRelation": "Institution- Corporation", "moneyText": "", "startDate": "2010-01-29", "ownership": "D"}, {"maxAge": 1, "shares": 14000, "filerUrl": "", "transactionText": "", "filerName": "Wellknown Business Ventures Pvt. Ltd.", "filerRelation": "Institution- Corporation", "moneyText": "", "startDate": "2010-01-29", "ownership": "D"}], "maxAge": 1}, "quoteType": {"exchange": "BSE", "quoteType": "EQUITY", "symbol": "RESPONIND.BO", "underlyingSymbol": "RESPONIND.BO", "shortName": "RESPONSIVE INDUSTRIES LTD.", "longName": "Responsive Industries Limited", "firstTradeDateEpochUtc": "2004-08-20 09:15:00", "timeZoneFullName": "Asia/Kolkata", "timeZoneShortName": "IST", "uuid": "cda720bd-ee13-381c-81a7-a574a2762f44", "gmtOffSetMilliseconds": 19800000, "maxAge": 1}, "incomeStatementHistory": {"incomeStatementHistory": [{"maxAge": 1, "endDate": "2020-03-31", "totalRevenue": 5331230000, "costOfRevenue": 3301662000, "grossProfit": 2029568000, "researchDevelopment": {}, "sellingGeneralAdministrative": 168974000, "nonRecurring": {}, "otherOperatingExpenses": 885880000, "totalOperatingExpenses": 5135670000, "operatingIncome": 195560000, "totalOtherIncomeExpenseNet": 69448000, "ebit": 195560000, "interestExpense": -212745000, "incomeBeforeTax": 265008000, "incomeTaxExpense": 21264000, "minorityInterest": 1599351000, "netIncomeFromContinuingOps": 243744000, "discontinuedOperations": {}, "extraordinaryItems": {}, "effectOfAccountingCharges": {}, "otherItems": {}, "netIncome": 241853000, "netIncomeApplicableToCommonShares": 241853000}, {"maxAge": 1, "endDate": "2019-03-31", "totalRevenue": 7750380000, "costOfRevenue": 5506360000, "grossProfit": 2244020000, "researchDevelopment": {}, "sellingGeneralAdministrative": 191050000, "nonRecurring": {}, "otherOperatingExpenses": 895300000, "totalOperatingExpenses": 7411700000, "operatingIncome": 338680000, "totalOtherIncomeExpenseNet": 111790000, "ebit": 338680000, "interestExpense": -110710000, "incomeBeforeTax": 450470000, "incomeTaxExpense": 155880000, "minorityInterest": 1593560000, "netIncomeFromContinuingOps": 294590000, "discontinuedOperations": {}, "extraordinaryItems": {}, "effectOfAccountingCharges": {}, "otherItems": {}, "netIncome": 287040000, "netIncomeApplicableToCommonShares": 287040000}, {"maxAge": 1, "endDate": "2018-03-31", "totalRevenue": 12468800000, "costOfRevenue": 10381410000, "grossProfit": 2087390000, "researchDevelopment": {}, "sellingGeneralAdministrative": 143670000, "nonRecurring": {}, "otherOperatingExpenses": 819960000, "totalOperatingExpenses": 12211560000, "operatingIncome": 257240000, "totalOtherIncomeExpenseNet": -45600000, "ebit": 257240000, "interestExpense": -154460000, "incomeBeforeTax": 211640000, "incomeTaxExpense": 118080000, "minorityInterest": 1583310000, "netIncomeFromContinuingOps": 93560000, "discontinuedOperations": {}, "extraordinaryItems": {}, "effectOfAccountingCharges": {}, "otherItems": {}, "netIncome": 107660000, "netIncomeApplicableToCommonShares": 107660000}, {"maxAge": 1, "endDate": "2017-03-31", "totalRevenue": 20061420000, "costOfRevenue": 17364410000, "grossProfit": 2697010000, "researchDevelopment": {}, "sellingGeneralAdministrative": 129460000, "nonRecurring": {}, "otherOperatingExpenses": 951980000, "totalOperatingExpenses": 19769110000, "operatingIncome": 292310000, "totalOtherIncomeExpenseNet": -69610000, "ebit": 292310000, "interestExpense": -207680000, "incomeBeforeTax": 222700000, "incomeTaxExpense": 146230000, "minorityInterest": 1597250000, "netIncomeFromContinuingOps": 76470000, "discontinuedOperations": {}, "extraordinaryItems": {}, "effectOfAccountingCharges": {}, "otherItems": {}, "netIncome": 106770000, "netIncomeApplicableToCommonShares": 106770000}], "maxAge": 86400}, "fundOwnership": {"ownershipList": [], "maxAge": 1}, "summaryDetail": {"maxAge": 1, "priceHint": 2, "previousClose": 163.3, "open": 162.0, "dayLow": 158.35, "dayHigh": 163.65, "regularMarketPreviousClose": 163.3, "regularMarketOpen": 162.0, "regularMarketDayLow": 158.35, "regularMarketDayHigh": 163.65, "trailingPE": 158.48871, "volume": 9977, "regularMarketVolume": 9977, "averageVolume": 14548, "averageVolume10days": 6704, "averageDailyVolume10Day": 6704, "bid": 160.0, "ask": 161.5, "bidSize": 0, "askSize": 0, "marketCap": 42392944640, "fiftyTwoWeekLow": 67.9, "fiftyTwoWeekHigh": 205.0, "fiftyDayAverage": 185.57272, "twoHundredDayAverage": 137.21213, "trailingAnnualDividendRate": 0.1, "trailingAnnualDividendYield": 0.00061236985, "currency": "INR", "fromCurrency": null, "lastMarket": null, "algorithm": null, "tradeable": false}, "sectorTrend": {"maxAge": 1, "symbol": null, "estimates": []}, "incomeStatementHistoryQuarterly": {"incomeStatementHistory": [{"maxAge": 1, "endDate": "2020-06-30", "totalRevenue": 1539260000, "costOfRevenue": 1216429000, "grossProfit": 322831000, "researchDevelopment": {}, "sellingGeneralAdministrative": 21958000, "nonRecurring": {}, "otherOperatingExpenses": 102702000, "totalOperatingExpenses": 1502409000, "operatingIncome": 36851000, "totalOtherIncomeExpenseNet": -124000, "ebit": 36851000, "interestExpense": -25573000, "incomeBeforeTax": 36727000, "incomeTaxExpense": -33974000, "minorityInterest": {}, "netIncomeFromContinuingOps": 70701000, "discontinuedOperations": {}, "extraordinaryItems": {}, "effectOfAccountingCharges": {}, "otherItems": {}, "netIncome": 80221000, "netIncomeApplicableToCommonShares": 80221000}, {"maxAge": 1, "endDate": "2020-03-31", "totalRevenue": 1111032000, "costOfRevenue": 756723000, "grossProfit": 354309000, "researchDevelopment": {}, "sellingGeneralAdministrative": 36971000, "nonRecurring": {}, "otherOperatingExpenses": 214762000, "totalOperatingExpenses": 1188710000, "operatingIncome": -77678000, "totalOtherIncomeExpenseNet": 25122000, "ebit": -77678000, "interestExpense": -109285000, "incomeBeforeTax": -52556000, "incomeTaxExpense": -10169000, "minorityInterest": 1599351000, "netIncomeFromContinuingOps": -42387000, "discontinuedOperations": {}, "extraordinaryItems": {}, "effectOfAccountingCharges": {}, "otherItems": {}, "netIncome": -57880000, "netIncomeApplicableToCommonShares": -57880000}, {"maxAge": 1, "endDate": "2019-12-31", "totalRevenue": 1241048000, "costOfRevenue": 736949000, "grossProfit": 504099000, "researchDevelopment": {}, "sellingGeneralAdministrative": 47933000, "nonRecurring": {}, "otherOperatingExpenses": 186928000, "totalOperatingExpenses": 1174770000, "operatingIncome": 66278000, "totalOtherIncomeExpenseNet": 13566000, "ebit": 66278000, "interestExpense": -65640000, "incomeBeforeTax": 79844000, "incomeTaxExpense": 20303000, "minorityInterest": 1599351000, "netIncomeFromContinuingOps": 59541000, "discontinuedOperations": {}, "extraordinaryItems": {}, "effectOfAccountingCharges": {}, "otherItems": {}, "netIncome": 58777000, "netIncomeApplicableToCommonShares": 58777000}, {"maxAge": 1, "endDate": "2019-09-30", "totalRevenue": 1514720000, "costOfRevenue": 893397000, "grossProfit": 621323000, "researchDevelopment": {}, "sellingGeneralAdministrative": 43227000, "nonRecurring": {}, "otherOperatingExpenses": 253412000, "totalOperatingExpenses": 1380645000, "operatingIncome": 134075000, "totalOtherIncomeExpenseNet": 24118000, "ebit": 134075000, "interestExpense": -20060000, "incomeBeforeTax": 158193000, "incomeTaxExpense": -25524000, "minorityInterest": 1565100000, "netIncomeFromContinuingOps": 183717000, "discontinuedOperations": {}, "extraordinaryItems": {}, "effectOfAccountingCharges": {}, "otherItems": {}, "netIncome": 186502000, "netIncomeApplicableToCommonShares": 186502000}], "maxAge": 86400}, "cashflowStatementHistoryQuarterly": {"cashflowStatements": [{"maxAge": 1, "endDate": "2020-06-30", "netIncome": 80221000, "changeToLiabilities": 0}, {"maxAge": 1, "endDate": "2020-03-31", "netIncome": -57880000, "changeToLiabilities": 0}, {"maxAge": 1, "endDate": "2019-12-31", "netIncome": 58777000, "changeToLiabilities": 0}, {"maxAge": 1, "endDate": "2019-09-30", "netIncome": 186502000, "changeToLiabilities": 0}], "maxAge": 86400}, "insiderHolders": {"holders": [{"maxAge": 1, "name": "Agarwal (Abhishek)", "relation": "Promoter", "url": "", "transactionDescription": "Gift", "latestTransDate": "2018-06-29", "positionDirect": 0, "positionDirectDate": "2018-06-29"}, {"maxAge": 1, "name": "Agarwal (Saudamini)", "relation": "Promoter", "url": "", "transactionDescription": "Gift", "latestTransDate": "2018-06-29", "positionDirect": 1489000, "positionDirectDate": "2018-06-29"}, {"maxAge": 1, "name": "Fairpoint Tradecom, L.L.P.", "relation": "Promoter", "url": "", "transactionDescription": "Sale", "latestTransDate": "2018-04-12", "positionDirect": 0, "positionDirectDate": "2018-04-12"}, {"maxAge": 1, "name": "Mavi Business Venture Ltd", "relation": "Institution- Corporation", "url": "", "transactionDescription": "Sale", "latestTransDate": "2017-03-01", "positionDirect": 848687, "positionDirectDate": "2017-03-01"}, {"maxAge": 1, "name": "Wellknown Business Ventures Pvt. Ltd.", "relation": "Promoter", "url": "", "transactionDescription": "Sale", "latestTransDate": "2018-04-03", "positionDirect": 123425340, "positionDirectDate": "2018-04-03"}], "maxAge": 1}, "earnings": {"maxAge": 86400, "earningsChart": {"quarterly": [], "earningsDate": []}, "financialsChart": {"yearly": [{"date": 2017, "revenue": 20061420000, "earnings": 106770000}, {"date": 2018, "revenue": 12468800000, "earnings": 107660000}, {"date": 2019, "revenue": 7750380000, "earnings": 287040000}, {"date": 2020, "revenue": 5331230000, "earnings": 241853000}], "quarterly": [{"date": "3Q2019", "revenue": 1514720000, "earnings": 186502000}, {"date": "4Q2019", "revenue": 1241048000, "earnings": 58777000}, {"date": "1Q2020", "revenue": 1111032000, "earnings": -57880000}, {"date": "2Q2020", "revenue": 1539260000, "earnings": 80221000}]}, "financialCurrency": "INR"}, "calendarEvents": {"maxAge": 1, "earnings": {"earningsDate": []}}, "upgradeDowngradeHistory": {"history": [], "maxAge": 86400}, "price": {"maxAge": 1, "regularMarketChangePercent": -0.011022676, "regularMarketChange": -1.800003, "regularMarketTime": "2021-04-30 15:28:01", "priceHint": 2, "regularMarketPrice": 161.5, "regularMarketDayHigh": 163.65, "regularMarketDayLow": 158.35, "regularMarketVolume": 9977, "averageDailyVolume10Day": 6704, "averageDailyVolume3Month": 14548, "regularMarketPreviousClose": 163.3, "regularMarketSource": "FREE_REALTIME", "regularMarketOpen": 162.0, "exchange": "BSE", "exchangeName": "BSE", "exchangeDataDelayedBy": 0, "marketState": "CLOSED", "quoteType": "EQUITY", "symbol": "RESPONIND.BO", "underlyingSymbol": null, "shortName": "RESPONSIVE INDUSTRIES LTD.", "longName": "Responsive Industries Limited", "currency": "INR", "quoteSourceName": "Delayed Quote", "currencySymbol": "\u20b9", "fromCurrency": null, "lastMarket": null, "marketCap": 42392944640}, "balanceSheetHistory": {"balanceSheetStatements": [{"maxAge": 1, "endDate": "2020-03-31", "cash": 487280000, "shortTermInvestments": 153428000, "netReceivables": 2186514000, "inventory": 537847000, "otherCurrentAssets": 138328000, "totalCurrentAssets": 3503397000, "longTermInvestments": 109000, "propertyPlantEquipment": 5503958000, "goodWill": 661269000, "otherAssets": 3750888000, "totalAssets": 13419621000, "accountsPayable": 384034000, "shortLongTermDebt": 23660000, "otherCurrentLiab": 46150000, "longTermDebt": 3736000, "otherLiab": 262516000, "minorityInterest": 1599351000, "totalCurrentLiabilities": 2118944000, "totalLiab": 2385196000, "commonStock": 262495000, "treasuryStock": 9172579000, "otherStockholderEquity": 9172579000, "totalStockholderEquity": 9435074000, "netTangibleAssets": 8773805000}, {"maxAge": 1, "endDate": "2019-03-31", "cash": 62350000, "shortTermInvestments": 192916000, "netReceivables": 1672260000, "inventory": 768170000, "otherCurrentAssets": 194190000, "totalCurrentAssets": 2893640000, "longTermInvestments": 130000, "propertyPlantEquipment": 6260700000, "goodWill": 661270000, "otherAssets": 2692750000, "totalAssets": 12508490000, "accountsPayable": 59220000, "shortLongTermDebt": 13510000, "otherCurrentLiab": 23770000, "otherLiab": 315010000, "minorityInterest": 1593560000, "totalCurrentLiabilities": 1378280000, "totalLiab": 1693290000, "commonStock": 262500000, "retainedEarnings": 6585880000, "treasuryStock": 2360000, "capitalSurplus": 2370900000, "otherStockholderEquity": 2360000, "totalStockholderEquity": 9221640000, "netTangibleAssets": 8560370000}, {"maxAge": 1, "endDate": "2018-03-31", "cash": 141570000, "netReceivables": 4190510000, "inventory": 1166190000, "otherCurrentAssets": 291590000, "totalCurrentAssets": 6175060000, "longTermInvestments": 150000, "propertyPlantEquipment": 6990240000, "goodWill": 661270000, "intangibleAssets": 680000, "otherAssets": 60400000, "totalAssets": 13887800000, "accountsPayable": 242230000, "shortLongTermDebt": 672290000, "otherCurrentLiab": 61410000, "longTermDebt": 2830000, "otherLiab": 324090000, "minorityInterest": 1583310000, "totalCurrentLiabilities": 3006540000, "totalLiab": 3333460000, "commonStock": 262500000, "retainedEarnings": 6331350000, "treasuryStock": 6280000, "capitalSurplus": 2370900000, "otherStockholderEquity": 6280000, "totalStockholderEquity": 8971030000, "netTangibleAssets": 8309080000}, {"maxAge": 1, "endDate": "2017-03-31", "cash": 778250000, "shortTermInvestments": 104160000, "netReceivables": 4120090000, "inventory": 1249670000, "otherCurrentAssets": 743160000, "totalCurrentAssets": 7054930000, "longTermInvestments": 10090000, "propertyPlantEquipment": 7348260000, "goodWill": 661270000, "intangibleAssets": 670000, "otherAssets": 270150000, "totalAssets": 15345370000, "accountsPayable": 306950000, "shortLongTermDebt": 1264610000, "otherCurrentLiab": 135430000, "longTermDebt": 672010000, "otherLiab": 275230000, "minorityInterest": 1597250000, "totalCurrentLiabilities": 3908590000, "totalLiab": 4855830000, "commonStock": 262500000, "retainedEarnings": 6875420000, "treasuryStock": -616530000, "capitalSurplus": 2370900000, "otherStockholderEquity": -616530000, "totalStockholderEquity": 8892290000, "netTangibleAssets": 8230350000}], "maxAge": 86400}, "earningsTrend": {"trend": [{"maxAge": 1, "period": "0q", "endDate": null, "growth": {}, "earningsEstimate": {"avg": 0.0, "low": 0.0, "high": 0.0, "yearAgoEps": {}, "numberOfAnalysts": 0, "growth": {}}, "revenueEstimate": {"avg": 0, "low": 0, "high": 0, "numberOfAnalysts": 0, "yearAgoRevenue": {}, "growth": {}}, "epsTrend": {"current": 0.0, "7daysAgo": 0.0, "30daysAgo": 0.0, "60daysAgo": 0.0, "90daysAgo": 0.0}, "epsRevisions": {"upLast7days": 0, "upLast30days": 0, "downLast30days": 0, "downLast90days": {}}}, {"maxAge": 1, "period": "+1q", "endDate": null, "growth": {}, "earningsEstimate": {"avg": 0.0, "low": 0.0, "high": 0.0, "yearAgoEps": {}, "numberOfAnalysts": 0, "growth": {}}, "revenueEstimate": {"avg": 0, "low": 0, "high": 0, "numberOfAnalysts": 0, "yearAgoRevenue": {}, "growth": {}}, "epsTrend": {"current": 0.0, "7daysAgo": 0.0, "30daysAgo": 0.0, "60daysAgo": 0.0, "90daysAgo": 0.0}, "epsRevisions": {"upLast7days": 0, "upLast30days": 0, "downLast30days": 0, "downLast90days": {}}}, {"maxAge": 1, "period": "0y", "endDate": null, "growth": {}, "earningsEstimate": {"avg": 0.0, "low": 0.0, "high": 0.0, "yearAgoEps": {}, "numberOfAnalysts": 0, "growth": {}}, "revenueEstimate": {"avg": 0, "low": 0, "high": 0, "numberOfAnalysts": 0, "yearAgoRevenue": {}, "growth": {}}, "epsTrend": {"current": 0.0, "7daysAgo": 0.0, "30daysAgo": 0.0, "60daysAgo": 0.0, "90daysAgo": 0.0}, "epsRevisions": {"upLast7days": 0, "upLast30days": 0, "downLast30days": 0, "downLast90days": {}}}, {"maxAge": 1, "period": "+1y", "endDate": null, "growth": {}, "earningsEstimate": {"avg": 0.0, "low": 0.0, "high": 0.0, "yearAgoEps": {}, "numberOfAnalysts": 0, "growth": {}}, "revenueEstimate": {"avg": 0, "low": 0, "high": 0, "numberOfAnalysts": 0, "yearAgoRevenue": {}, "growth": {}}, "epsTrend": {"current": 0.0, "7daysAgo": 0.0, "30daysAgo": 0.0, "60daysAgo": 0.0, "90daysAgo": 0.0}, "epsRevisions": {"upLast7days": 0, "upLast30days": 0, "downLast30days": 0, "downLast90days": {}}}, {"maxAge": 1, "period": "+5y", "endDate": null, "growth": {}, "earningsEstimate": {"avg": {}, "low": {}, "high": {}, "yearAgoEps": {}, "numberOfAnalysts": {}, "growth": {}}, "revenueEstimate": {"avg": {}, "low": {}, "high": {}, "numberOfAnalysts": {}, "yearAgoRevenue": {}, "growth": {}}, "epsTrend": {"current": {}, "7daysAgo": {}, "30daysAgo": {}, "60daysAgo": {}, "90daysAgo": {}}, "epsRevisions": {"upLast7days": {}, "upLast30days": {}, "downLast30days": {}, "downLast90days": {}}}, {"maxAge": 1, "period": "-5y", "endDate": null, "growth": -0.14081, "earningsEstimate": {"avg": {}, "low": {}, "high": {}, "yearAgoEps": {}, "numberOfAnalysts": {}, "growth": {}}, "revenueEstimate": {"avg": {}, "low": {}, "high": {}, "numberOfAnalysts": {}, "yearAgoRevenue": {}, "growth": {}}, "epsTrend": {"current": {}, "7daysAgo": {}, "30daysAgo": {}, "60daysAgo": {}, "90daysAgo": {}}, "epsRevisions": {"upLast7days": {}, "upLast30days": {}, "downLast30days": {}, "downLast90days": {}}}], "maxAge": 1}, "financialData": {"maxAge": 86400, "currentPrice": 161.5, "targetHighPrice": 100.0, "targetLowPrice": 100.0, "targetMeanPrice": 100.0, "targetMedianPrice": 100.0, "recommendationKey": "none", "numberOfAnalystOpinions": 1, "grossProfits": 2029568000, "financialCurrency": "INR"}}}