{"RESPONIND.NS": {"assetProfile": {"address1": "Village Betegaon", "address2": "Mahagaon Road Boisar (East) Taluka Palghar", "city": "Thane", "zip": "401501", "country": "India", "phone": "91 22 6656 2821", "fax": "91 22 6656 2798", "website": "http://www.responsiveindustries.com", "industry": "Specialty Chemicals", "sector": "Basic Materials", "longBusinessSummary": "Responsive Industries Limited manufactures and sells polyvinyl chloride (PVC) based products for household and commercial purposes in India and internationally. The company's products primarily include vinyl flooring, synthetic leather, luxury vinyl tile, and shipping ropes for various applications, such as upholstery, footwear, automotive, and others. It serves healthcare, hospitality, safety and transport, retail and offices, education, and sports industries. The company was formerly known as Responsive Polymers Limited and changed its name to Responsive Industries Limited in 2007. The company was incorporated in 1982 and is based in Thane, India.", "fullTimeEmployees": 282, "companyOfficers": [{"maxAge": 1, "name": "Mr. Mehul  Vala", "title": "CEO & Whole Time Director", "exercisedValue": 0, "unexercisedValue": 0}, {"maxAge": 1, "name": "Mr. Mrunal  Shetty", "title": "CFO & Exec. Director", "fiscalYear": 2020, "totalPay": 1090000, "exercisedValue": 0, "unexercisedValue": 0}, {"maxAge": 1, "name": "Ms. Ruchi  Jaiswal", "title": "Company Sec. & Compliance Officer", "fiscalYear": 2020, "totalPay": 468000, "exercisedValue": 0, "unexercisedValue": 0}, {"maxAge": 1, "name": "Mr. Rajendra Kumar Parsania", "title": "Chief Operating Officer", "exercisedValue": 0, "unexercisedValue": 0}], "compensationAsOfEpochDate": "2020-12-31 05:30:00", "maxAge": 86400}, "cashflowStatementHistory": {"cashflowStatements": [{"maxAge": 1, "endDate": "2020-03-31", "netIncome": 241830000, "depreciation": 779160000, "changeToNetincome": 23530000, "changeToAccountReceivables": -460870000, "changeToLiabilities": 325220000, "changeToInventory": 230320000, "changeToOperatingActivities": -239110000, "totalCashFromOperatingActivities": 900080000, "capitalExpenditures": -47930000, "investments": 85690000, "otherCashflowsFromInvestingActivities": -1019670000, "totalCashflowsFromInvestingActivities": -941060000, "dividendsPaid": -40770000, "netBorrowings": 586100000, "otherCashflowsFromFinancingActivities": -220960000, "totalCashFromFinancingActivities": 324370000, "changeInCash": 283390000}, {"maxAge": 1, "endDate": "2019-03-31", "netIncome": 287040000, "depreciation": 818310000, "changeToNetincome": 120920000, "changeToAccountReceivables": 2297400000, "changeToLiabilities": -182450000, "changeToInventory": 398020000, "changeToOperatingActivities": -676040000, "totalCashFromOperatingActivities": 3063880000, "capitalExpenditures": -97280000, "investments": 198260000, "otherCashflowsFromInvestingActivities": -2638930000, "totalCashflowsFromInvestingActivities": -2529430000, "dividendsPaid": -26940000, "netBorrowings": -459180000, "otherCashflowsFromFinancingActivities": -134750000, "totalCashFromFinancingActivities": -620870000, "changeInCash": -86430000}, {"maxAge": 1, "endDate": "2018-03-31", "netIncome": 107660000, "depreciation": 866470000, "changeToNetincome": 122460000, "changeToAccountReceivables": 129720000, "changeToLiabilities": -103210000, "changeToInventory": 83480000, "changeToOperatingActivities": 210400000, "totalCashFromOperatingActivities": 1417030000, "capitalExpenditures": -573080000, "investments": 10050000, "otherCashflowsFromInvestingActivities": 264520000, "totalCashflowsFromInvestingActivities": -287690000, "dividendsPaid": -2020000, "netBorrowings": -1592530000, "otherCashflowsFromFinancingActivities": -171850000, "totalCashFromFinancingActivities": -1766400000, "changeInCash": -637060000}, {"maxAge": 1, "endDate": "2017-03-31", "netIncome": 106770000, "depreciation": 1322610000, "changeToNetincome": 226470000, "changeToAccountReceivables": 1756350000, "changeToLiabilities": -1639700000, "changeToInventory": -808250000, "changeToOperatingActivities": 108600000, "totalCashFromOperatingActivities": 1073500000, "capitalExpenditures": -86360000, "investments": -301590000, "otherCashflowsFromInvestingActivities": 11400000, "totalCashflowsFromInvestingActivities": -364870000, "dividendsPaid": -2020000, "netBorrowings": -344140000, "otherCashflowsFromFinancingActivities": -230990000, "totalCashFromFinancingActivities": -575130000, "changeInCash": 133500000}], "maxAge": 86400}, "institutionOwnership": {"ownershipList": [], "maxAge": 1}, "majorHoldersBreakdown": {"maxAge": 1, "insidersPercentHeld": 0.94654, "institutionsPercentHeld": 0.03596, "institutionsFloatPercentHeld": 0.67267, "institutionsCount": 4}, "balanceSheetHistoryQuarterly": {"balanceSheetStatements": [{"maxAge": 1, "endDate": "2020-12-31", "totalStockholderEquity": 9672967000, "netTangibleAssets": 9011698000}, {"maxAge": 1, "endDate": "2020-09-30", "cash": 247080000, "shortTermInvestments": 124641000, "netReceivables": 3438309000, "inventory": 671666000, "otherCurrentAssets": 398428000, "totalCurrentAssets": 4880124000, "longTermInvestments": 105000, "propertyPlantEquipment": 5168840000, "goodWill": 661269000, "otherAssets": 3895436000, "totalAssets": 14605774000, "accountsPayable": 1439768000, "shortLongTermDebt": 21165000, "otherCurrentLiab": 54123000, "longTermDebt": 1431000, "otherLiab": 238379000, "minorityInterest": 1587286000, "totalCurrentLiabilities": 3105711000, "totalLiab": 3345521000, "commonStock": 262495000, "treasuryStock": 9410472000, "otherStockholderEquity": 9410472000, "totalStockholderEquity": 9672967000, "netTangibleAssets": 9011698000}, {"maxAge": 1, "endDate": "2020-06-30", "totalStockholderEquity": 9435074000, "netTangibleAssets": 8773805000}, {"maxAge": 1, "endDate": "2020-03-31", "cash": 345740000, "netReceivables": 2291650000, "inventory": 537850000, "otherCurrentAssets": 173710000, "totalCurrentAssets": 3503400000, "longTermInvestments": 110000, "propertyPlantEquipment": 5503960000, "goodWill": 661270000, "otherAssets": 3750890000, "totalAssets": 13419630000, "accountsPayable": 384030000, "shortLongTermDebt": 5780000, "otherCurrentLiab": 56510000, "longTermDebt": 3740000, "otherLiab": 262520000, "minorityInterest": 1599360000, "totalCurrentLiabilities": 2118930000, "totalLiab": 2385190000, "commonStock": 262500000, "retainedEarnings": 6793250000, "treasuryStock": 8430000, "capitalSurplus": 2370900000, "otherStockholderEquity": 8430000, "totalStockholderEquity": 9435080000, "netTangibleAssets": 8773810000}], "maxAge": 86400}, "indexTrend": {"maxAge": 1, "symbol": "SP5", "peRatio": 19.7411, "pegRatio": 1.34172, "estimates": [{"period": "0q", "growth": 0.549}, {"period": "+1q", "growth": 0.431}, {"period": "0y", "growth": 0.305}, {"period": "+1y", "growth": 0.109}, {"period": "+5y", "growth": 0.120865}, {"period": "-5y"}]}, "defaultKeyStatistics": {"maxAge": 1, "priceHint": 2, "enterpriseValue": 46000316416, "profitMargins": 0.03452, "floatShares": 52524157, "sharesOutstanding": 266912992, "heldPercentInsiders": 0.94654, "heldPercentInstitutions": 0.03596, "beta": 0.109639, "category": null, "bookValue": 36.802, "priceToBook": 4.355742, "fundFamily": null, "legalType": null, "lastFiscalYearEnd": "2020-03-31 05:30:00", "nextFiscalYearEnd": "2022-03-31 05:30:00", "mostRecentQuarter": "2020-12-31 05:30:00", "earningsQuarterlyGrowth": -0.323, "netIncomeToCommon": 227692000, "trailingEps": 0.868, "lastSplitFactor": null, "enterpriseToRevenue": 6.975, "enterpriseToEbitda": 39.282}, "summaryProfile": {"address1": "Village Betegaon", "address2": "Mahagaon Road Boisar (East) Taluka Palghar", "city": "Thane", "zip": "401501", "country": "India", "phone": "91 22 6656 2821", "fax": "91 22 6656 2798", "website": "http://www.responsiveindustries.com", "industry": "Specialty Chemicals", "sector": "Basic Materials", "longBusinessSummary": "Responsive Industries Limited manufactures and sells polyvinyl chloride (PVC) based products for household and commercial purposes in India and internationally. The company's products primarily include vinyl flooring, synthetic leather, luxury vinyl tile, and shipping ropes for various applications, such as upholstery, footwear, automotive, and others. It serves healthcare, hospitality, safety and transport, retail and offices, education, and sports industries. The company was formerly known as Responsive Polymers Limited and changed its name to Responsive Industries Limited in 2007. The company was incorporated in 1982 and is based in Thane, India.", "fullTimeEmployees": 282, "companyOfficers": [], "maxAge": 86400}, "netSharePurchaseActivity": {"maxAge": 1, "period": "6m", "buyInfoCount": 0, "buyInfoShares": 0, "sellInfoCount": 0, "netInfoCount": 0, "netInfoShares": 0, "netPercentInsiderShares": 0.0, "totalInsiderShares": 251053952}, "insiderTransactions": {"transactions": [{"maxAge": 1, "shares": 552000, "filerUrl": "", "transactionText": "", "filerName": "Agarwal (Abhishek)", "filerRelation": "Promoter", "moneyText": "", "startDate": "2018-06-29", "ownership": "D"}, {"maxAge": 1, "shares": 552000, "filerUrl": "", "transactionText": "", "filerName": "Agarwal (Saudamini)", "filerRelation": "Promoter", "moneyText": "", "startDate": "2018-06-29", "ownership": "D"}, {"maxAge": 1, "shares": 25000000, "filerUrl": "", "transactionText": "", "filerName": "Fairpoint Tradecom, L.L.P.", "filerRelation": "Promoter", "moneyText": "", "startDate": "2018-04-12", "ownership": "D"}, {"maxAge": 1, "shares": 12500000, "filerUrl": "", "transactionText": "", "filerName": "Fairpoint Tradecom, L.L.P.", "filerRelation": "Promoter", "moneyText": "", "startDate": "2018-04-03", "ownership": "D"}, {"maxAge": 1, "shares": 12500000, "filerUrl": "", "transactionText": "", "filerName": "Wellknown Business Ventures Pvt. Ltd.", "filerRelation": "Promoter", "moneyText": "", "startDate": "2018-04-03", "ownership": "D"}, {"maxAge": 1, "shares": 12500000, "filerUrl": "", "transactionText": "", "filerName": "Fairpoint Tradecom, L.L.P.", "filerRelation": "Institution- Corporation", "moneyText": "", "startDate": "2018-03-26", "ownership": "D"}, {"maxAge": 1, "shares": 121609576, "filerUrl": "", "transactionText": "", "filerName": "Wellknown Business Ventures Pvt. Ltd.", "filerRelation": "Institution- Corporation", "moneyText": "", "startDate": "2018-03-26", "ownership": "D"}, {"maxAge": 1, "shares": 500000, "filerUrl": "", "transactionText": "", "filerName": "Mavi Business Venture Ltd", "filerRelation": "Institution- Corporation", "moneyText": "", "startDate": "2017-03-01", "ownership": "D"}, {"maxAge": 1, "shares": 54625, "filerUrl": "", "transactionText": "", "filerName": "Mavi Business Venture Ltd", "filerRelation": "Institution- Corporation", "moneyText": "", "startDate": "2017-02-28", "ownership": "D"}, {"maxAge": 1, "shares": 300000, "filerUrl": "", "transactionText": "", "filerName": "Mavi Business Venture Ltd", "filerRelation": "Institution- Corporation", "moneyText": "", "startDate": "2017-02-27", "ownership": "D"}, {"maxAge": 1, "shares": 257026, "filerUrl": "", "transactionText": "", "filerName": "Mavi Business Venture Ltd", "filerRelation": "Institution- Corporation", "moneyText": "", "startDate": "2017-02-23", "ownership": "D"}, {"maxAge": 1, "shares": 144784, "filerUrl": "", "transactionText": "", "filerName": "Mavi Business Venture Ltd", "filerRelation": "Institution- Corporation", "moneyText": "", "startDate": "2017-02-22", "ownership": "D"}, {"maxAge": 1, "shares": 687754, "filerUrl": "", "transactionText": "", "filerName": "Mavi Business Venture Ltd", "filerRelation": "Institution- Corporation", "moneyText": "", "startDate": "2017-02-20", "ownership": "D"}, {"maxAge": 1, "shares": 477124, "filerUrl": "", "transactionText": "", "filerName": "Mavi Business Venture Ltd", "filerRelation": "Institution- Corporation", "moneyText": "", "startDate": "2017-02-17", "ownership": "D"}, {"maxAge": 1, "shares": 59002, "filerUrl": "", "transactionText": "", "filerName": "Wellknown Business Ventures Pvt. Ltd.", "filerRelation": "Institution- Corporation", "moneyText": "", "startDate": "2010-03-26", "ownership": "D"}, {"maxAge": 1, "shares": 60000, "filerUrl": "", "transactionText": "", "filerName": "Wellknown Business Ventures Pvt. Ltd.", "filerRelation": "Institution- Corporation", "moneyText": "", "startDate": "2010-03-25", "ownership": "D"}, {"maxAge": 1, "shares": 41800, "filerUrl": "", "transactionText": "", "filerName": "Wellknown Business Ventures Pvt. Ltd.", "filerRelation": "Institution- Corporation", "moneyText": "", "startDate": "2010-03-23", "ownership": "D"}, {"maxAge": 1, "shares": 60000, "filerUrl": "", "transactionText": "", "filerName": "Wellknown Business Ventures Pvt. Ltd.", "filerRelation": "Institution- Corporation", "moneyText": "", "startDate": "2010-03-22", "ownership": "D"}, {"maxAge": 1, "shares": 52000, "filerUrl": "", "transactionText": "", "filerName": "Wellknown Business Ventures Pvt. Ltd.", "filerRelation": "Institution- Corporation", "moneyText": "", "startDate": "2010-03-10", "ownership": "D"}, {"maxAge": 1, "shares": 46500, "filerUrl": "", "transactionText": "", "filerName": "Wellknown Business Ventures Pvt. Ltd.", "filerRelation": "Institution- Corporation", "moneyText": "", "startDate": "2010-03-09", "ownership": "D"}, {"maxAge": 1, "shares": 59000, "filerUrl": "", "transactionText": "", "filerName": "Wellknown Business Ventures Pvt. Ltd.", "filerRelation": "Institution- Corporation", "moneyText": "", "startDate": "2010-03-08", "ownership": "D"}, {"maxAge": 1, "shares": 60000, "filerUrl": "", "transactionText": "", "filerName": "Wellknown Business Ventures Pvt. Ltd.", "filerRelation": "Institution- Corporation", "moneyText": "", "startDate": "2010-03-05", "ownership": "D"}, {"maxAge": 1, "shares": 55000, "filerUrl": "", "transactionText": "", "filerName": "Wellknown Business Ventures Pvt. Ltd.", "filerRelation": "Institution- Corporation", "moneyText": "", "startDate": "2010-02-25", "ownership": "D"}, {"maxAge": 1, "shares": 59991, "filerUrl": "", "transactionText": "", "filerName": "Wellknown Business Ventures Pvt. Ltd.", "filerRelation": "Institution- Corporation", "moneyText": "", "startDate": "2010-02-24", "ownership": "D"}, {"maxAge": 1, "shares": 108000, "filerUrl": "", "transactionText": "", "filerName": "Wellknown Business Ventures Pvt. Ltd.", "filerRelation": "Institution- Corporation", "moneyText": "", "startDate": "2010-02-23", "ownership": "D"}, {"maxAge": 1, "shares": 110000, "filerUrl": "", "transactionText": "", "filerName": "Wellknown Business Ventures Pvt. Ltd.", "filerRelation": "Institution- Corporation", "moneyText": "", "startDate": "2010-02-22", "ownership": "D"}, {"maxAge": 1, "shares": 40000, "filerUrl": "", "transactionText": "", "filerName": "Wellknown Business Ventures Pvt. Ltd.", "filerRelation": "Institution- Corporation", "moneyText": "", "startDate": "2010-02-05", "ownership": "D"}, {"maxAge": 1, "shares": 35000, "filerUrl": "", "transactionText": "", "filerName": "Wellknown Business Ventures Pvt. Ltd.", "filerRelation": "Institution- Corporation", "moneyText": "", "startDate": "2010-02-04", "ownership": "D"}, {"maxAge": 1, "shares": 35000, "filerUrl": "", "transactionText": "", "filerName": "Wellknown Business Ventures Pvt. Ltd.", "filerRelation": "Institution- Corporation", "moneyText": "", "startDate": "2010-02-03", "ownership": "D"}, {"maxAge": 1, "shares": 50000, "filerUrl": "", "transactionText": "", "filerName": "Wellknown Business Ventures Pvt. Ltd.", "filerRelation": "Institution- Corporation", "moneyText": "", "startDate": "2010-02-02", "ownership": "D"}, {"maxAge": 1, "shares": 43976, "filerUrl": "", "transactionText": "", "filerName": "Wellknown Business Ventures Pvt. Ltd.", "filerRelation": "Institution- Corporation", "moneyText": "", "startDate": "2010-01-29", "ownership": "D"}, {"maxAge": 1, "shares": 14000, "filerUrl": "", "transactionText": "", "filerName": "Wellknown Business Ventures Pvt. Ltd.", "filerRelation": "Institution- Corporation", "moneyText": "", "startDate": "2010-01-29", "ownership": "D"}], "maxAge": 1}, "quoteType": {"exchange": "NSI", "quoteType": "EQUITY", "symbol": "RESPONIND.NS", "underlyingSymbol": "RESPONIND.NS", "shortName": "RESPONSIVE INDUSTR", "longName": "Responsive Industries Limited", "firstTradeDateEpochUtc": "2010-10-29 09:15:00", "timeZoneFullName": "Asia/Kolkata", "timeZoneShortName": "IST", "uuid": "d7ecea83-71b5-3d93-a288-c993627d6f3f", "gmtOffSetMilliseconds": 19800000, "maxAge": 1}, "incomeStatementHistory": {"incomeStatementHistory": [{"maxAge": 1, "endDate": "2020-03-31", "totalRevenue": 5331230000, "costOfRevenue": 3372210000, "grossProfit": 1959020000, "researchDevelopment": {}, "sellingGeneralAdministrative": 179040000, "nonRecurring": {}, "otherOperatingExpenses": 786080000, "totalOperatingExpenses": 5116490000, "operatingIncome": 214740000, "totalOtherIncomeExpenseNet": 50240000, "ebit": 214740000, "interestExpense": -189820000, "incomeBeforeTax": 264980000, "incomeTaxExpense": 21260000, "minorityInterest": 1599360000, "netIncomeFromContinuingOps": 243720000, "discontinuedOperations": {}, "extraordinaryItems": {}, "effectOfAccountingCharges": {}, "otherItems": {}, "netIncome": 241830000, "netIncomeApplicableToCommonShares": 241830000}, {"maxAge": 1, "endDate": "2019-03-31", "totalRevenue": 7750380000, "costOfRevenue": 5567150000, "grossProfit": 2183230000, "researchDevelopment": {}, "sellingGeneralAdministrative": 191050000, "nonRecurring": {}, "otherOperatingExpenses": 834330000, "totalOperatingExpenses": 7411520000, "operatingIncome": 338860000, "totalOtherIncomeExpenseNet": 111610000, "ebit": 338860000, "interestExpense": -110710000, "incomeBeforeTax": 450470000, "incomeTaxExpense": 155880000, "minorityInterest": 1593560000, "netIncomeFromContinuingOps": 294590000, "discontinuedOperations": {}, "extraordinaryItems": {}, "effectOfAccountingCharges": {}, "otherItems": {}, "netIncome": 287040000, "netIncomeApplicableToCommonShares": 287040000}, {"maxAge": 1, "endDate": "2018-03-31", "totalRevenue": 12468800000, "costOfRevenue": 10381410000, "grossProfit": 2087390000, "researchDevelopment": {}, "sellingGeneralAdministrative": 143670000, "nonRecurring": {}, "otherOperatingExpenses": 819960000, "totalOperatingExpenses": 12211560000, "operatingIncome": 257240000, "totalOtherIncomeExpenseNet": -45600000, "ebit": 257240000, "interestExpense": -154460000, "incomeBeforeTax": 211640000, "incomeTaxExpense": 118080000, "minorityInterest": 1583310000, "netIncomeFromContinuingOps": 93560000, "discontinuedOperations": {}, "extraordinaryItems": {}, "effectOfAccountingCharges": {}, "otherItems": {}, "netIncome": 107660000, "netIncomeApplicableToCommonShares": 107660000}, {"maxAge": 1, "endDate": "2017-03-31", "totalRevenue": 20061420000, "costOfRevenue": 17364410000, "grossProfit": 2697010000, "researchDevelopment": {}, "sellingGeneralAdministrative": 129460000, "nonRecurring": {}, "otherOperatingExpenses": 951980000, "totalOperatingExpenses": 19769110000, "operatingIncome": 292310000, "totalOtherIncomeExpenseNet": -69610000, "ebit": 292310000, "interestExpense": -207680000, "incomeBeforeTax": 222700000, "incomeTaxExpense": 146230000, "minorityInterest": 1597250000, "netIncomeFromContinuingOps": 76470000, "discontinuedOperations": {}, "extraordinaryItems": {}, "effectOfAccountingCharges": {}, "otherItems": {}, "netIncome": 106770000, "netIncomeApplicableToCommonShares": 106770000}], "maxAge": 86400}, "fundOwnership": {"ownershipList": [], "maxAge": 1}, "summaryDetail": {"maxAge": 1, "priceHint": 2, "previousClose": 162.8, "open": 162.2, "dayLow": 157.25, "dayHigh": 163.5, "regularMarketPreviousClose": 162.8, "regularMarketOpen": 162.2, "regularMarketDayLow": 157.25, "regularMarketDayHigh": 163.5, "dividendRate": 0.07, "dividendYield": 0.0004, "exDividendDate": "2020-12-16 05:30:00", "payoutRatio": 0.0805, "beta": 0.109639, "trailingPE": 184.67743, "volume": 19712, "regularMarketVolume": 19712, "averageVolume": 68601, "averageVolume10days": 69936, "averageDailyVolume10Day": 69936, "bid": 160.3, "ask": 0.0, "bidSize": 0, "askSize": 0, "marketCap": 42917441536, "fiftyTwoWeekLow": 67.6, "fiftyTwoWeekHigh": 202.0, "priceToSalesTrailing12Months": 6.507087, "fiftyDayAverage": 172.2015, "twoHundredDayAverage": 161.86072, "trailingAnnualDividendRate": 0.07, "trailingAnnualDividendYield": 0.00042997542, "currency": "INR", "fromCurrency": null, "lastMarket": null, "algorithm": null, "tradeable": false}, "incomeStatementHistoryQuarterly": {"incomeStatementHistory": [{"maxAge": 1, "endDate": "2020-12-31", "totalRevenue": 2028542000, "costOfRevenue": 1297839000, "grossProfit": 730703000, "researchDevelopment": {}, "sellingGeneralAdministrative": 35377000, "nonRecurring": {}, "otherOperatingExpenses": 232528000, "totalOperatingExpenses": 1726502000, "operatingIncome": 302040000, "totalOtherIncomeExpenseNet": -508033000, "ebit": 302040000, "interestExpense": -4526000, "incomeBeforeTax": -205993000, "incomeTaxExpense": -102363000, "minorityInterest": {}, "netIncomeFromContinuingOps": -103630000, "discontinuedOperations": {}, "extraordinaryItems": {}, "effectOfAccountingCharges": {}, "otherItems": {}, "netIncome": 39785000, "netIncomeApplicableToCommonShares": 39785000}, {"maxAge": 1, "endDate": "2020-09-30", "totalRevenue": 1916658000, "costOfRevenue": 1308927000, "grossProfit": 607731000, "researchDevelopment": {}, "sellingGeneralAdministrative": 35290000, "nonRecurring": {}, "otherOperatingExpenses": 255642000, "totalOperatingExpenses": 1775807000, "operatingIncome": 140851000, "totalOtherIncomeExpenseNet": 25437000, "ebit": 140851000, "interestExpense": -4526000, "incomeBeforeTax": 166288000, "incomeTaxExpense": 6965000, "minorityInterest": 1587286000, "netIncomeFromContinuingOps": 159323000, "discontinuedOperations": {}, "extraordinaryItems": {}, "effectOfAccountingCharges": {}, "otherItems": {}, "netIncome": 165589000, "netIncomeApplicableToCommonShares": 165589000}, {"maxAge": 1, "endDate": "2020-06-30", "totalRevenue": 1539260000, "costOfRevenue": 1216429000, "grossProfit": 322831000, "researchDevelopment": {}, "sellingGeneralAdministrative": 21958000, "nonRecurring": {}, "otherOperatingExpenses": 102702000, "totalOperatingExpenses": 1502409000, "operatingIncome": 36851000, "totalOtherIncomeExpenseNet": -124000, "ebit": 36851000, "interestExpense": -25573000, "incomeBeforeTax": 36727000, "incomeTaxExpense": -33974000, "minorityInterest": 1587286000, "netIncomeFromContinuingOps": 70701000, "discontinuedOperations": {}, "extraordinaryItems": {}, "effectOfAccountingCharges": {}, "otherItems": {}, "netIncome": 80221000, "netIncomeApplicableToCommonShares": 80221000}, {"maxAge": 1, "endDate": "2020-03-31", "totalRevenue": 1111032000, "costOfRevenue": 827271000, "grossProfit": 283761000, "researchDevelopment": {}, "sellingGeneralAdministrative": 47037000, "nonRecurring": {}, "otherOperatingExpenses": 114962000, "totalOperatingExpenses": 1169530000, "operatingIncome": -58498000, "totalOtherIncomeExpenseNet": 5914000, "ebit": -58498000, "interestExpense": -86360000, "incomeBeforeTax": -52584000, "incomeTaxExpense": -10173000, "minorityInterest": 1599360000, "netIncomeFromContinuingOps": -42411000, "discontinuedOperations": {}, "extraordinaryItems": {}, "effectOfAccountingCharges": {}, "otherItems": {}, "netIncome": -57903000, "netIncomeApplicableToCommonShares": -57903000}], "maxAge": 86400}, "cashflowStatementHistoryQuarterly": {"cashflowStatements": [{"maxAge": 1, "endDate": "2020-12-31", "netIncome": 39785000, "changeToLiabilities": 0}, {"maxAge": 1, "endDate": "2020-09-30", "netIncome": 165589000, "changeToLiabilities": 0}, {"maxAge": 1, "endDate": "2020-06-30", "netIncome": 80221000, "changeToLiabilities": 0}, {"maxAge": 1, "endDate": "2020-03-31", "netIncome": -57903000, "changeToLiabilities": 0}], "maxAge": 86400}, "insiderHolders": {"holders": [{"maxAge": 1, "name": "Agarwal (Abhishek)", "relation": "Promoter", "url": "", "transactionDescription": "Gift", "latestTransDate": "2018-06-29", "positionDirect": 0, "positionDirectDate": "2018-06-29"}, {"maxAge": 1, "name": "Agarwal (Saudamini)", "relation": "Promoter", "url": "", "transactionDescription": "Gift", "latestTransDate": "2018-06-29", "positionDirect": 1489000, "positionDirectDate": "2018-06-29"}, {"maxAge": 1, "name": "Fairpoint Tradecom, L.L.P.", "relation": "Promoter", "url": "", "transactionDescription": "Sale", "latestTransDate": "2018-04-12", "positionDirect": 0, "positionDirectDate": "2018-04-12"}, {"maxAge": 1, "name": "Mavi Business Venture Ltd", "relation": "Institution- Corporation", "url": "", "transactionDescription": "Sale", "latestTransDate": "2017-03-01", "positionDirect": 848687, "positionDirectDate": "2017-03-01"}, {"maxAge": 1, "name": "Wellknown Business Ventures Pvt. Ltd.", "relation": "Promoter", "url": "", "transactionDescription": "Sale", "latestTransDate": "2018-04-03", "positionDirect": 123425340, "positionDirectDate": "2018-04-03"}], "maxAge": 1}, "calendarEvents": {"maxAge": 1, "earnings": {"earningsDate": []}, "exDividendDate": "2020-12-16 05:30:00"}, "upgradeDowngradeHistory": {"history": [], "maxAge": 86400}, "price": {"maxAge": 1, "regularMarketChangePercent": -0.015356265, "regularMarketChange": -2.5, "regularMarketTime": "2021-04-30 15:29:14", "priceHint": 2, "regularMarketPrice": 160.3, "regularMarketDayHigh": 163.5, "regularMarketDayLow": 157.25, "regularMarketVolume": 19712, "averageDailyVolume10Day": 69936, "averageDailyVolume3Month": 68601, "regularMarketPreviousClose": 162.8, "regularMarketSource": "FREE_REALTIME", "regularMarketOpen": 162.2, "exchange": "NSI", "exchangeName": "NSE", "exchangeDataDelayedBy": 15, "marketState": "CLOSED", "quoteType": "EQUITY", "symbol": "RESPONIND.NS", "underlyingSymbol": null, "shortName": "RESPONSIVE INDUSTR", "longName": "Responsive Industries Limited", "currency": "INR", "quoteSourceName": "Delayed Quote", "currencySymbol": "\u20b9", "fromCurrency": null, "lastMarket": null, "marketCap": 42917441536}, "balanceSheetHistory": {"balanceSheetStatements": [{"maxAge": 1, "endDate": "2020-03-31", "cash": 345740000, "netReceivables": 2291650000, "inventory": 537850000, "otherCurrentAssets": 173710000, "totalCurrentAssets": 3503400000, "longTermInvestments": 110000, "propertyPlantEquipment": 5503960000, "goodWill": 661270000, "otherAssets": 3750890000, "totalAssets": 13419630000, "accountsPayable": 384030000, "shortLongTermDebt": 5780000, "otherCurrentLiab": 56510000, "longTermDebt": 3740000, "otherLiab": 262520000, "minorityInterest": 1599360000, "totalCurrentLiabilities": 2118930000, "totalLiab": 2385190000, "commonStock": 262500000, "retainedEarnings": 6793250000, "treasuryStock": 8430000, "capitalSurplus": 2370900000, "otherStockholderEquity": 8430000, "totalStockholderEquity": 9435080000, "netTangibleAssets": 8773810000}, {"maxAge": 1, "endDate": "2019-03-31", "cash": 62350000, "shortTermInvestments": 192916000, "netReceivables": 1672260000, "inventory": 768170000, "otherCurrentAssets": 194190000, "totalCurrentAssets": 2893640000, "longTermInvestments": 130000, "propertyPlantEquipment": 6260700000, "goodWill": 661270000, "otherAssets": 2692750000, "totalAssets": 12508490000, "accountsPayable": 59220000, "shortLongTermDebt": 13510000, "otherCurrentLiab": 23770000, "otherLiab": 315010000, "minorityInterest": 1593560000, "totalCurrentLiabilities": 1378280000, "totalLiab": 1693290000, "commonStock": 262500000, "retainedEarnings": 6585880000, "treasuryStock": 2360000, "capitalSurplus": 2370900000, "otherStockholderEquity": 2360000, "totalStockholderEquity": 9221640000, "netTangibleAssets": 8560370000}, {"maxAge": 1, "endDate": "2018-03-31", "cash": 141570000, "netReceivables": 4190510000, "inventory": 1166190000, "otherCurrentAssets": 291590000, "totalCurrentAssets": 6175060000, "longTermInvestments": 150000, "propertyPlantEquipment": 6990240000, "goodWill": 661270000, "intangibleAssets": 680000, "otherAssets": 60400000, "totalAssets": 13887800000, "accountsPayable": 242230000, "shortLongTermDebt": 672290000, "otherCurrentLiab": 61410000, "longTermDebt": 2830000, "otherLiab": 324090000, "minorityInterest": 1583310000, "totalCurrentLiabilities": 3006540000, "totalLiab": 3333460000, "commonStock": 262500000, "retainedEarnings": 6331350000, "treasuryStock": 6280000, "capitalSurplus": 2370900000, "otherStockholderEquity": 6280000, "totalStockholderEquity": 8971030000, "netTangibleAssets": 8309080000}, {"maxAge": 1, "endDate": "2017-03-31", "cash": 778250000, "shortTermInvestments": 104160000, "netReceivables": 4120090000, "inventory": 1249670000, "otherCurrentAssets": 743160000, "totalCurrentAssets": 7054930000, "longTermInvestments": 10090000, "propertyPlantEquipment": 7348260000, "goodWill": 661270000, "intangibleAssets": 670000, "otherAssets": 270150000, "totalAssets": 15345370000, "accountsPayable": 306950000, "shortLongTermDebt": 1264610000, "otherCurrentLiab": 135430000, "longTermDebt": 672010000, "otherLiab": 275230000, "minorityInterest": 1597250000, "totalCurrentLiabilities": 3908590000, "totalLiab": 4855830000, "commonStock": 262500000, "retainedEarnings": 6875420000, "treasuryStock": -616530000, "capitalSurplus": 2370900000, "otherStockholderEquity": -616530000, "totalStockholderEquity": 8892290000, "netTangibleAssets": 8230350000}], "maxAge": 86400}, "financialData": {"maxAge": 86400, "currentPrice": 160.3, "recommendationKey": "none", "totalCash": 371720992, "totalCashPerShare": 1.401, "ebitda": 1171041536, "totalDebt": 1604764032, "totalRevenue": 6595491840, "debtToEquity": 14.252, "revenuePerShare": 25.192, "grossProfits": 1959020000, "earningsGrowth": -0.318, "revenueGrowth": 0.635, "grossMargins": 0.2949, "ebitdaMargins": 0.17754999, "operatingMargins": 0.06387, "profitMargins": 0.03452, "financialCurrency": "INR"}}}