{"RESTILE.BO": {"cashflowStatementHistory": {"cashflowStatements": [{"maxAge": 1, "endDate": "2020-03-31", "netIncome": -65232000, "depreciation": 57194000, "changeToNetincome": -907000, "changeToAccountReceivables": -212000, "changeToLiabilities": -5653000, "changeToInventory": 8413000, "changeToOperatingActivities": 5488000, "totalCashFromOperatingActivities": -909000, "otherCashflowsFromInvestingActivities": 4000, "totalCashflowsFromInvestingActivities": 4000, "netBorrowings": -122000, "otherCashflowsFromFinancingActivities": -1000, "totalCashFromFinancingActivities": -123000, "changeInCash": -1028000}, {"maxAge": 1, "endDate": "2019-03-31", "netIncome": -59076000, "depreciation": 57217000, "changeToNetincome": -8728000, "changeToAccountReceivables": -326000, "changeToLiabilities": 3495000, "changeToInventory": 5523000, "changeToOperatingActivities": 1007000, "totalCashFromOperatingActivities": -888000, "otherCashflowsFromInvestingActivities": 18000, "totalCashflowsFromInvestingActivities": 18000, "netBorrowings": 156000, "otherCashflowsFromFinancingActivities": -3000, "totalCashFromFinancingActivities": 153000, "changeInCash": -717000}, {"maxAge": 1, "endDate": "2018-03-31", "netIncome": -31448000, "depreciation": 62595000, "changeToNetincome": -42107000, "changeToAccountReceivables": 1695000, "changeToLiabilities": -4168000, "changeToInventory": -2179000, "changeToOperatingActivities": -48411000, "totalCashFromOperatingActivities": -64023000, "otherCashflowsFromInvestingActivities": 48000, "totalCashflowsFromInvestingActivities": 88048000, "netBorrowings": -22491000, "otherCashflowsFromFinancingActivities": -3000, "totalCashFromFinancingActivities": -22491000, "changeInCash": 1534000}, {"maxAge": 1, "endDate": "2017-03-31", "netIncome": -74913000, "depreciation": 69044000, "changeToNetincome": -11995000, "changeToAccountReceivables": 3646000, "changeToLiabilities": -84202000, "changeToInventory": 6762000, "changeToOperatingActivities": -923000, "totalCashFromOperatingActivities": -92581000, "otherCashflowsFromInvestingActivities": 66000, "totalCashflowsFromInvestingActivities": 14466000, "netBorrowings": 78108000, "otherCashflowsFromFinancingActivities": -304000, "totalCashFromFinancingActivities": 77804000, "changeInCash": -310000}], "maxAge": 86400}, "institutionOwnership": {"ownershipList": [], "maxAge": 1}, "balanceSheetHistoryQuarterly": {"balanceSheetStatements": [{"maxAge": 1, "endDate": "2020-06-30", "totalStockholderEquity": -163829000, "netTangibleAssets": -163829000}, {"maxAge": 1, "endDate": "2020-03-31", "cash": 18000, "netReceivables": 10245000, "inventory": 23400000, "totalCurrentAssets": 33671000, "propertyPlantEquipment": 208516000, "otherAssets": 452000, "totalAssets": 242639000, "accountsPayable": 2958000, "otherCurrentLiab": 6090000, "otherLiab": 460000, "totalCurrentLiabilities": 406008000, "totalLiab": 406468000, "commonStock": 982792000, "retainedEarnings": -1222065000, "treasuryStock": 75444000, "otherStockholderEquity": 75444000, "totalStockholderEquity": -163829000, "netTangibleAssets": -163829000}, {"maxAge": 1, "endDate": "2019-12-31", "totalStockholderEquity": -131636000, "netTangibleAssets": -131636000}, {"maxAge": 1, "endDate": "2019-09-30", "cash": 252000, "netReceivables": 9930000, "inventory": 26209000, "otherCurrentAssets": 5956000, "totalCurrentAssets": 42347000, "propertyPlantEquipment": 237113000, "otherAssets": 471000, "totalAssets": 279931000, "accountsPayable": 7837000, "otherCurrentLiab": 10876000, "otherLiab": 492000, "totalCurrentLiabilities": 411075000, "totalLiab": 411567000, "commonStock": 982792000, "treasuryStock": -1114428000, "otherStockholderEquity": -1114428000, "totalStockholderEquity": -131636000, "netTangibleAssets": -131636000}], "maxAge": 86400}, "indexTrend": {"maxAge": 1, "symbol": "SP5", "peRatio": 19.7411, "pegRatio": 1.34172, "estimates": [{"period": "0q", "growth": 0.549}, {"period": "+1q", "growth": 0.431}, {"period": "0y", "growth": 0.305}, {"period": "+1y", "growth": 0.109}, {"period": "+5y", "growth": 0.120859005}, {"period": "-5y"}]}, "quoteType": {"exchange": "BSE", "quoteType": "EQUITY", "symbol": "RESTILE.BO", "underlyingSymbol": "RESTILE.BO", "shortName": "RESTILE CERAMICS LTD.", "longName": "Restile Ceramics Limited", "firstTradeDateEpochUtc": "2002-07-04 09:15:00", "timeZoneFullName": "Asia/Kolkata", "timeZoneShortName": "IST", "uuid": "1451da56-405c-3687-967d-6bdb187512ef", "gmtOffSetMilliseconds": 19800000, "maxAge": 1}, "incomeStatementHistory": {"incomeStatementHistory": [{"maxAge": 1, "endDate": "2020-03-31", "totalRevenue": 20793000, "costOfRevenue": 17313000, "grossProfit": 3480000, "researchDevelopment": {}, "sellingGeneralAdministrative": 4010000, "nonRecurring": {}, "otherOperatingExpenses": 8454000, "totalOperatingExpenses": 86971000, "operatingIncome": -66178000, "totalOtherIncomeExpenseNet": 946000, "ebit": -66178000, "interestExpense": {}, "incomeBeforeTax": -65232000, "incomeTaxExpense": 0, "minorityInterest": {}, "netIncomeFromContinuingOps": -65232000, "discontinuedOperations": {}, "extraordinaryItems": {}, "effectOfAccountingCharges": {}, "otherItems": {}, "netIncome": -65232000, "netIncomeApplicableToCommonShares": -65232000}, {"maxAge": 1, "endDate": "2019-03-31", "totalRevenue": 20595000, "costOfRevenue": 17682000, "grossProfit": 2913000, "researchDevelopment": {}, "sellingGeneralAdministrative": 3745000, "nonRecurring": {}, "otherOperatingExpenses": 9321000, "totalOperatingExpenses": 87965000, "operatingIncome": -67370000, "totalOtherIncomeExpenseNet": 8294000, "ebit": -67370000, "interestExpense": -3000, "incomeBeforeTax": -59076000, "incomeTaxExpense": 0, "minorityInterest": {}, "netIncomeFromContinuingOps": -59076000, "discontinuedOperations": {}, "extraordinaryItems": {}, "effectOfAccountingCharges": {}, "otherItems": {}, "netIncome": -59076000, "netIncomeApplicableToCommonShares": -59076000}, {"maxAge": 1, "endDate": "2018-03-31", "totalRevenue": 6607000, "costOfRevenue": 5880000, "grossProfit": 727000, "researchDevelopment": {}, "sellingGeneralAdministrative": 3752000, "nonRecurring": {}, "otherOperatingExpenses": 4396000, "totalOperatingExpenses": 76623000, "operatingIncome": -70016000, "totalOtherIncomeExpenseNet": 39233000, "ebit": -70016000, "interestExpense": -3000, "incomeBeforeTax": -30783000, "incomeTaxExpense": 665000, "minorityInterest": {}, "netIncomeFromContinuingOps": -31448000, "discontinuedOperations": {}, "extraordinaryItems": {}, "effectOfAccountingCharges": {}, "otherItems": {}, "netIncome": -31448000, "netIncomeApplicableToCommonShares": -31448000}, {"maxAge": 1, "endDate": "2017-03-31", "totalRevenue": 2378000, "costOfRevenue": 3237000, "grossProfit": -859000, "researchDevelopment": {}, "sellingGeneralAdministrative": 5239000, "nonRecurring": {}, "otherOperatingExpenses": 3915000, "totalOperatingExpenses": 81435000, "operatingIncome": -79057000, "totalOtherIncomeExpenseNet": 4144000, "ebit": -79057000, "interestExpense": -297000, "incomeBeforeTax": -74913000, "incomeTaxExpense": 0, "minorityInterest": {}, "netIncomeFromContinuingOps": -74913000, "discontinuedOperations": {}, "extraordinaryItems": {}, "effectOfAccountingCharges": {}, "otherItems": {}, "netIncome": -74913000, "netIncomeApplicableToCommonShares": -74913000}], "maxAge": 86400}, "fundOwnership": {"ownershipList": [], "maxAge": 1}, "summaryDetail": {"maxAge": 1, "priceHint": 4, "previousClose": 1.9, "open": 2.08, "dayLow": 1.83, "dayHigh": 2.08, "regularMarketPreviousClose": 1.9, "regularMarketOpen": 2.08, "regularMarketDayLow": 1.83, "regularMarketDayHigh": 2.08, "volume": 1511, "regularMarketVolume": 1511, "averageVolume": 23267, "averageVolume10days": 5224, "averageDailyVolume10Day": 5224, "bid": 1.95, "ask": 2.01, "bidSize": 0, "askSize": 0, "marketCap": 191644448, "fiftyTwoWeekLow": 1.6, "fiftyTwoWeekHigh": 3.43, "fiftyDayAverage": 2.8287878, "twoHundredDayAverage": 2.1833823, "currency": "INR", "fromCurrency": null, "lastMarket": null, "algorithm": null, "tradeable": false}, "incomeStatementHistoryQuarterly": {"incomeStatementHistory": [{"maxAge": 1, "endDate": "2020-06-30", "totalRevenue": 11145000, "costOfRevenue": 10702000, "grossProfit": 443000, "researchDevelopment": {}, "sellingGeneralAdministrative": 955000, "nonRecurring": {}, "otherOperatingExpenses": 1343000, "totalOperatingExpenses": 27299000, "operatingIncome": -16154000, "totalOtherIncomeExpenseNet": 27000, "ebit": -16154000, "interestExpense": {}, "incomeBeforeTax": -16127000, "incomeTaxExpense": 0, "minorityInterest": {}, "netIncomeFromContinuingOps": -16127000, "discontinuedOperations": {}, "extraordinaryItems": {}, "effectOfAccountingCharges": {}, "otherItems": {}, "netIncome": -16127000, "netIncomeApplicableToCommonShares": -16127000}, {"maxAge": 1, "endDate": "2020-03-31", "totalRevenue": 2556000, "costOfRevenue": 1407000, "grossProfit": 1149000, "researchDevelopment": {}, "sellingGeneralAdministrative": 1335000, "nonRecurring": {}, "otherOperatingExpenses": 887000, "totalOperatingExpenses": 17927000, "operatingIncome": -15371000, "totalOtherIncomeExpenseNet": -18000, "ebit": -15371000, "interestExpense": {}, "incomeBeforeTax": -15389000, "incomeTaxExpense": 0, "minorityInterest": {}, "netIncomeFromContinuingOps": -15389000, "discontinuedOperations": {}, "extraordinaryItems": {}, "effectOfAccountingCharges": {}, "otherItems": {}, "netIncome": -15389000, "netIncomeApplicableToCommonShares": -15389000}, {"maxAge": 1, "endDate": "2019-12-31", "totalRevenue": 4200000, "costOfRevenue": 3520000, "grossProfit": 680000, "researchDevelopment": {}, "sellingGeneralAdministrative": 864000, "nonRecurring": {}, "otherOperatingExpenses": 2345000, "totalOperatingExpenses": 21028000, "operatingIncome": -16828000, "totalOtherIncomeExpenseNet": 7000, "ebit": -16828000, "interestExpense": {}, "incomeBeforeTax": -16821000, "incomeTaxExpense": 0, "minorityInterest": {}, "netIncomeFromContinuingOps": -16821000, "discontinuedOperations": {}, "extraordinaryItems": {}, "effectOfAccountingCharges": {}, "otherItems": {}, "netIncome": -16821000, "netIncomeApplicableToCommonShares": -16821000}, {"maxAge": 1, "endDate": "2019-09-30", "totalRevenue": 6021000, "costOfRevenue": 4438000, "grossProfit": 1583000, "researchDevelopment": {}, "sellingGeneralAdministrative": 907000, "nonRecurring": {}, "otherOperatingExpenses": 2756000, "totalOperatingExpenses": 22399000, "operatingIncome": -16378000, "totalOtherIncomeExpenseNet": 949000, "ebit": -16378000, "interestExpense": {}, "incomeBeforeTax": -15429000, "incomeTaxExpense": 0, "minorityInterest": {}, "netIncomeFromContinuingOps": -15429000, "discontinuedOperations": {}, "extraordinaryItems": {}, "effectOfAccountingCharges": {}, "otherItems": {}, "netIncome": -15429000, "netIncomeApplicableToCommonShares": -15429000}], "maxAge": 86400}, "cashflowStatementHistoryQuarterly": {"cashflowStatements": [{"maxAge": 1, "endDate": "2020-06-30", "netIncome": -16127000, "changeToLiabilities": 0}, {"maxAge": 1, "endDate": "2020-03-31", "netIncome": -15389000, "changeToLiabilities": 0}, {"maxAge": 1, "endDate": "2019-12-31", "netIncome": -16821000, "changeToLiabilities": 0}, {"maxAge": 1, "endDate": "2019-09-30", "netIncome": -15429000, "changeToLiabilities": 0}], "maxAge": 86400}, "insiderHolders": {"holders": [], "maxAge": 1}, "calendarEvents": {"maxAge": 1, "earnings": {"earningsDate": ["2020-11-09 05:30:S", "2020-11-16 05:30:S"]}}, "upgradeDowngradeHistory": {"history": [], "maxAge": 86400}, "price": {"maxAge": 1, "regularMarketChangePercent": 0.026315827, "regularMarketChange": 0.05000007, "regularMarketTime": "2021-04-30 15:29:24", "priceHint": 4, "regularMarketPrice": 1.95, "regularMarketDayHigh": 2.08, "regularMarketDayLow": 1.83, "regularMarketVolume": 1511, "averageDailyVolume10Day": 5224, "averageDailyVolume3Month": 23267, "regularMarketPreviousClose": 1.9, "regularMarketSource": "FREE_REALTIME", "regularMarketOpen": 2.08, "exchange": "BSE", "exchangeName": "BSE", "exchangeDataDelayedBy": 0, "marketState": "CLOSED", "quoteType": "EQUITY", "symbol": "RESTILE.BO", "underlyingSymbol": null, "shortName": "RESTILE CERAMICS LTD.", "longName": "Restile Ceramics Limited", "currency": "INR", "quoteSourceName": "Delayed Quote", "currencySymbol": "\u20b9", "fromCurrency": null, "lastMarket": null, "marketCap": 191644448}, "balanceSheetHistory": {"balanceSheetStatements": [{"maxAge": 1, "endDate": "2020-03-31", "cash": 18000, "netReceivables": 10245000, "inventory": 23400000, "totalCurrentAssets": 33671000, "propertyPlantEquipment": 208516000, "otherAssets": 452000, "totalAssets": 242639000, "accountsPayable": 2958000, "otherCurrentLiab": 6090000, "otherLiab": 460000, "totalCurrentLiabilities": 406008000, "totalLiab": 406468000, "commonStock": 982792000, "retainedEarnings": -1222065000, "treasuryStock": 75444000, "otherStockholderEquity": 75444000, "totalStockholderEquity": -163829000, "netTangibleAssets": -163829000}, {"maxAge": 1, "endDate": "2019-03-31", "cash": 1046000, "netReceivables": 16505000, "inventory": 31813000, "otherCurrentAssets": 6779000, "totalCurrentAssets": 49375000, "propertyPlantEquipment": 265710000, "otherAssets": 451000, "totalAssets": 315536000, "accountsPayable": 8611000, "otherCurrentLiab": 6067000, "otherLiab": 1384000, "totalCurrentLiabilities": 412787000, "totalLiab": 414171000, "commonStock": 982792000, "retainedEarnings": -1156872000, "treasuryStock": 75445000, "otherStockholderEquity": 75445000, "totalStockholderEquity": -98635000, "netTangibleAssets": -98635000}, {"maxAge": 1, "endDate": "2018-03-31", "cash": 1763000, "netReceivables": 17818000, "inventory": 37336000, "otherCurrentAssets": 71000, "totalCurrentAssets": 56995000, "propertyPlantEquipment": 322927000, "otherAssets": 674000, "totalAssets": 380596000, "accountsPayable": 7113000, "otherCurrentLiab": 10155000, "otherLiab": 1311000, "totalCurrentLiabilities": 418888000, "totalLiab": 420199000, "commonStock": 982792000, "retainedEarnings": -1097839000, "treasuryStock": 75444000, "otherStockholderEquity": 75444000, "totalStockholderEquity": -39603000, "netTangibleAssets": -39603000}, {"maxAge": 1, "endDate": "2017-03-31", "cash": 229000, "netReceivables": 2292000, "inventory": 35157000, "otherCurrentAssets": 19061000, "totalCurrentAssets": 56746000, "propertyPlantEquipment": 434976000, "otherAssets": 674000, "totalAssets": 492396000, "accountsPayable": 11281000, "otherCurrentLiab": 52479000, "otherLiab": 5979000, "totalCurrentLiabilities": 494634000, "totalLiab": 500613000, "commonStock": 982792000, "retainedEarnings": -1066453000, "treasuryStock": 75444000, "otherStockholderEquity": 75444000, "totalStockholderEquity": -8217000, "netTangibleAssets": -8217000}], "maxAge": 86400}, "financialData": {"maxAge": 86400, "currentPrice": 1.95, "recommendationKey": "none", "grossProfits": 3480000, "financialCurrency": "INR"}}}