{"REVATHI.BO": {"recommendationTrend": {"trend": [{"period": "0m", "strongBuy": 0, "buy": 0, "hold": 0, "sell": 0, "strongSell": 0}, {"period": "-1m", "strongBuy": 0, "buy": 0, "hold": 0, "sell": 0, "strongSell": 0}, {"period": "-2m", "strongBuy": 0, "buy": 0, "hold": 0, "sell": 0, "strongSell": 0}, {"period": "-3m", "strongBuy": 0, "buy": 0, "hold": 0, "sell": 0, "strongSell": 0}], "maxAge": 86400}, "cashflowStatementHistory": {"cashflowStatements": [{"maxAge": 1, "endDate": "2020-03-31", "netIncome": 150053000, "depreciation": 22472000, "changeToNetincome": 114467000, "changeToAccountReceivables": 53772000, "changeToLiabilities": -114082000, "changeToInventory": -96100000, "totalCashFromOperatingActivities": 132232000, "capitalExpenditures": -25776000, "investments": -295752000, "otherCashflowsFromInvestingActivities": -41855000, "totalCashflowsFromInvestingActivities": -293787000, "netBorrowings": 149286000, "otherCashflowsFromFinancingActivities": -36218000, "totalCashFromFinancingActivities": 113068000, "changeInCash": -48487000}, {"maxAge": 1, "endDate": "2019-03-31", "netIncome": 115347000, "depreciation": 14285000, "changeToNetincome": 29244000, "changeToAccountReceivables": -235021000, "changeToLiabilities": 141459000, "changeToInventory": 133746000, "totalCashFromOperatingActivities": 200942000, "capitalExpenditures": -28668000, "investments": 11011000, "otherCashflowsFromInvestingActivities": 14398000, "totalCashflowsFromInvestingActivities": 29983000, "netBorrowings": -262190000, "otherCashflowsFromFinancingActivities": -36274000, "totalCashFromFinancingActivities": -298464000, "changeInCash": -67539000}, {"maxAge": 1, "endDate": "2018-03-31", "netIncome": -88239000, "depreciation": 15414000, "changeToNetincome": 79160000, "changeToAccountReceivables": 162191000, "changeToLiabilities": -60519000, "changeToInventory": -113405000, "totalCashFromOperatingActivities": -2669000, "capitalExpenditures": -12159000, "investments": 85268000, "otherCashflowsFromInvestingActivities": 22823000, "totalCashflowsFromInvestingActivities": 97593000, "netBorrowings": -6082000, "otherCashflowsFromFinancingActivities": -34086000, "totalCashFromFinancingActivities": -40168000, "changeInCash": 54756000}, {"maxAge": 1, "endDate": "2017-03-31", "netIncome": 101475000, "depreciation": 13702000, "changeToNetincome": 15753000, "changeToAccountReceivables": 491358000, "changeToLiabilities": -11621000, "changeToInventory": 69063000, "totalCashFromOperatingActivities": 682712000, "capitalExpenditures": -26751000, "investments": -19325000, "otherCashflowsFromInvestingActivities": 20334000, "totalCashflowsFromInvestingActivities": -23642000, "dividendsPaid": -20094000, "netBorrowings": -532485000, "otherCashflowsFromFinancingActivities": -65845000, "totalCashFromFinancingActivities": -618424000, "changeInCash": 40646000}], "maxAge": 86400}, "institutionOwnership": {"ownershipList": [], "maxAge": 1}, "balanceSheetHistoryQuarterly": {"balanceSheetStatements": [{"maxAge": 1, "endDate": "2020-06-30", "totalStockholderEquity": 1751082000, "netTangibleAssets": 1299247000}, {"maxAge": 1, "endDate": "2020-03-31", "cash": 126910000, "shortTermInvestments": 173436000, "netReceivables": 806827000, "inventory": 227718000, "otherCurrentAssets": 129385000, "totalCurrentAssets": 1475099000, "longTermInvestments": 252348000, "propertyPlantEquipment": 85876000, "goodWill": 448625000, "intangibleAssets": 3210000, "otherAssets": 366747000, "deferredLongTermAssetCharges": 142290000, "totalAssets": 2631905000, "accountsPayable": 201260000, "shortLongTermDebt": 24000, "otherCurrentLiab": 147828000, "otherLiab": 87024000, "minorityInterest": 213338000, "totalCurrentLiabilities": 561927000, "totalLiab": 667485000, "commonStock": 30669000, "treasuryStock": 1720413000, "otherStockholderEquity": 1720413000, "totalStockholderEquity": 1751082000, "netTangibleAssets": 1299247000}, {"maxAge": 1, "endDate": "2019-12-31", "totalStockholderEquity": 1633471000, "netTangibleAssets": 1180772000}, {"maxAge": 1, "endDate": "2019-09-30", "cash": 360307000, "shortTermInvestments": 56410000, "netReceivables": 661630000, "inventory": 209021000, "otherCurrentAssets": 181045000, "totalCurrentAssets": 1468413000, "propertyPlantEquipment": 82364000, "goodWill": 448625000, "intangibleAssets": 4074000, "otherAssets": 326233000, "deferredLongTermAssetCharges": 142141000, "totalAssets": 2329709000, "accountsPayable": 206944000, "otherCurrentLiab": 150419000, "otherLiab": 122707000, "minorityInterest": 196261000, "totalCurrentLiabilities": 358037000, "totalLiab": 499977000, "commonStock": 30669000, "treasuryStock": 1602802000, "otherStockholderEquity": 1602802000, "totalStockholderEquity": 1633471000, "netTangibleAssets": 1180772000}], "maxAge": 86400}, "earningsHistory": {"history": [{"maxAge": 1, "epsActual": {}, "epsEstimate": {}, "epsDifference": {}, "surprisePercent": {}, "quarter": {}, "period": "-4q"}, {"maxAge": 1, "epsActual": {}, "epsEstimate": {}, "epsDifference": {}, "surprisePercent": {}, "quarter": {}, "period": "-3q"}, {"maxAge": 1, "epsActual": {}, "epsEstimate": {}, "epsDifference": {}, "surprisePercent": {}, "quarter": {}, "period": "-2q"}, {"maxAge": 1, "epsActual": {}, "epsEstimate": {}, "epsDifference": {}, "surprisePercent": {}, "quarter": {}, "period": "-1q"}], "maxAge": 86400}, "indexTrend": {"maxAge": 1, "symbol": "SP5", "peRatio": 19.7411, "pegRatio": 1.34172, "estimates": [{"period": "0q", "growth": 0.549}, {"period": "+1q", "growth": 0.431}, {"period": "0y", "growth": 0.305}, {"period": "+1y", "growth": 0.109}, {"period": "+5y", "growth": 0.120865}, {"period": "-5y"}]}, "industryTrend": {"maxAge": 1, "symbol": null, "estimates": []}, "insiderTransactions": {"transactions": [{"maxAge": 1, "shares": 202, "filerUrl": "", "transactionText": "", "filerName": "Katyal (S C)", "filerRelation": "Director (Non-Executive)", "moneyText": "", "startDate": "2017-05-18", "ownership": "D"}, {"maxAge": 1, "shares": 200, "filerUrl": "", "transactionText": "", "filerName": "Katyal (Shobha)", "filerRelation": "UNREPORTED", "moneyText": "", "startDate": "2017-05-18", "ownership": "D"}, {"maxAge": 1, "shares": 100, "filerUrl": "", "transactionText": "", "filerName": "Katyal (S C)", "filerRelation": "Director (Non-Executive)", "moneyText": "", "startDate": "2017-05-03", "ownership": "D"}, {"maxAge": 1, "shares": 100, "filerUrl": "", "transactionText": "", "filerName": "Katyal (Shobha)", "filerRelation": "UNREPORTED", "moneyText": "", "startDate": "2017-05-03", "ownership": "D"}, {"maxAge": 1, "shares": 1100, "filerUrl": "", "transactionText": "", "filerName": "Katyal (Shobha)", "filerRelation": "Director (Non-Executive)", "moneyText": "", "startDate": "2017-04-24", "ownership": "D"}, {"maxAge": 1, "shares": 1800, "filerUrl": "", "transactionText": "", "filerName": "Katyal (S C)", "filerRelation": "UNREPORTED", "moneyText": "", "startDate": "2017-04-24", "ownership": "D"}, {"maxAge": 1, "shares": 751, "filerUrl": "", "transactionText": "", "filerName": "Katyal (S C)", "filerRelation": "UNREPORTED", "moneyText": "", "startDate": "2017-04-21", "ownership": "D"}, {"maxAge": 1, "shares": 526, "filerUrl": "", "transactionText": "", "filerName": "Katyal (Shobha)", "filerRelation": "Director (Non-Executive)", "moneyText": "", "startDate": "2017-04-20", "ownership": "D"}, {"maxAge": 1, "shares": 1824, "filerUrl": "", "transactionText": "", "filerName": "Katyal (Shobha)", "filerRelation": "Director (Non-Executive)", "moneyText": "", "startDate": "2017-04-18", "ownership": "D"}, {"maxAge": 1, "shares": 238, "filerUrl": "", "transactionText": "", "filerName": "Malhotra (Ruchira Katyal)", "filerRelation": "UNREPORTED", "moneyText": "", "startDate": "2017-04-18", "ownership": "D"}, {"maxAge": 1, "shares": 1536, "filerUrl": "", "transactionText": "", "filerName": "Katyal (S C)", "filerRelation": "UNREPORTED", "moneyText": "", "startDate": "2017-04-18", "ownership": "D"}, {"maxAge": 1, "shares": 234, "filerUrl": "", "transactionText": "", "filerName": "Katyal (Shobha)", "filerRelation": "Director (Non-Executive)", "moneyText": "", "startDate": "2017-03-21", "ownership": "D"}, {"maxAge": 1, "shares": 50, "filerUrl": "", "transactionText": "", "filerName": "Katyal (S C)", "filerRelation": "UNREPORTED", "moneyText": "", "startDate": "2017-03-21", "ownership": "D"}, {"maxAge": 1, "shares": 1762, "filerUrl": "", "transactionText": "", "filerName": "Malhotra (Ruchira Katyal)", "filerRelation": "UNREPORTED", "moneyText": "", "startDate": "2017-03-03", "ownership": "D"}, {"maxAge": 1, "shares": 7404, "filerUrl": "", "transactionText": "", "filerName": "Katyal (S C)", "filerRelation": "UNREPORTED", "moneyText": "", "startDate": "2017-03-03", "ownership": "D"}, {"maxAge": 1, "shares": 7049, "filerUrl": "", "transactionText": "", "filerName": "Katyal (Shobha)", "filerRelation": "Director (Non-Executive)", "moneyText": "", "startDate": "2017-03-03", "ownership": "D"}, {"maxAge": 1, "shares": 1428860, "filerUrl": "", "transactionText": "", "filerName": "Avalokiteshvar Valinv Ltd", "filerRelation": "Promoter", "moneyText": "", "startDate": "2015-06-20", "ownership": "D"}, {"maxAge": 1, "shares": 16050, "filerUrl": "", "transactionText": "", "filerName": "Renaissance Asset Management Company, Ltd.", "filerRelation": "Investment Management Company", "moneyText": "", "startDate": "2011-11-11", "ownership": "D"}, {"maxAge": 1, "shares": 10979, "filerUrl": "", "transactionText": "", "filerName": "Renaissance Asset Management Company, Ltd.", "filerRelation": "Investment Management Company", "moneyText": "", "startDate": "2011-11-11", "ownership": "D"}, {"maxAge": 1, "shares": 14878, "filerUrl": "", "transactionText": "", "filerName": "Renaissance Asset Management Company, Ltd.", "filerRelation": "Investment Management Company", "moneyText": "", "startDate": "2011-11-09", "ownership": "D"}, {"maxAge": 1, "shares": 19016, "filerUrl": "", "transactionText": "", "filerName": "Renaissance Asset Management Company, Ltd.", "filerRelation": "Investment Management Company", "moneyText": "", "startDate": "2011-11-08", "ownership": "D"}, {"maxAge": 1, "shares": 15385, "filerUrl": "", "transactionText": "", "filerName": "Renaissance Asset Management Company, Ltd.", "filerRelation": "Investment Management Company", "moneyText": "", "startDate": "2011-11-04", "ownership": "D"}, {"maxAge": 1, "shares": 25502, "filerUrl": "", "transactionText": "", "filerName": "Renaissance Asset Management Company, Ltd.", "filerRelation": "Investment Management Company", "moneyText": "", "startDate": "2011-11-03", "ownership": "D"}, {"maxAge": 1, "shares": 25128, "filerUrl": "", "transactionText": "", "filerName": "Renaissance Asset Management Company, Ltd.", "filerRelation": "Investment Management Company", "moneyText": "", "startDate": "2011-11-02", "ownership": "D"}, {"maxAge": 1, "shares": 55742, "filerUrl": "", "transactionText": "", "filerName": "Renaissance Asset Management Company, Ltd.", "filerRelation": "Investment Management Company", "moneyText": "", "startDate": "2011-11-01", "ownership": "D"}, {"maxAge": 1, "shares": 17000, "filerUrl": "", "transactionText": "", "filerName": "Renaissance Asset Management Company, Ltd.", "filerRelation": "Investment Management Company", "moneyText": "", "startDate": "2009-10-01", "ownership": "D"}], "maxAge": 1}, "quoteType": {"exchange": "BSE", "quoteType": "EQUITY", "symbol": "REVATHI.BO", "underlyingSymbol": "REVATHI.BO", "shortName": "REVATHI EQUIPMENT LTD.", "longName": "Revathi Equipment Limited", "firstTradeDateEpochUtc": "2000-06-23 09:15:00", "timeZoneFullName": "Asia/Kolkata", "timeZoneShortName": "IST", "uuid": "bdbee6f5-a2c4-3255-bb74-41aa5feb5a97", "gmtOffSetMilliseconds": 19800000, "maxAge": 1}, "incomeStatementHistory": {"incomeStatementHistory": [{"maxAge": 1, "endDate": "2020-03-31", "totalRevenue": 1589227000, "costOfRevenue": 618019000, "grossProfit": 971208000, "researchDevelopment": {}, "sellingGeneralAdministrative": 473490000, "nonRecurring": {}, "otherOperatingExpenses": 301452000, "totalOperatingExpenses": 1417083000, "operatingIncome": 172144000, "totalOtherIncomeExpenseNet": 42426000, "ebit": 172144000, "interestExpense": -6092000, "incomeBeforeTax": 214570000, "incomeTaxExpense": 53425000, "minorityInterest": 213338000, "netIncomeFromContinuingOps": 161145000, "discontinuedOperations": {}, "extraordinaryItems": {}, "effectOfAccountingCharges": {}, "otherItems": {}, "netIncome": 150053000, "netIncomeApplicableToCommonShares": 150053000}, {"maxAge": 1, "endDate": "2019-03-31", "totalRevenue": 2107049000, "costOfRevenue": 1053630000, "grossProfit": 1053419000, "researchDevelopment": {}, "sellingGeneralAdministrative": 527562000, "nonRecurring": {}, "otherOperatingExpenses": 363848000, "totalOperatingExpenses": 1961207000, "operatingIncome": 145842000, "totalOtherIncomeExpenseNet": 6416000, "ebit": 145842000, "interestExpense": -14977000, "incomeBeforeTax": 152258000, "incomeTaxExpense": 20424000, "minorityInterest": 199172000, "netIncomeFromContinuingOps": 131834000, "discontinuedOperations": {}, "extraordinaryItems": {}, "effectOfAccountingCharges": {}, "otherItems": {}, "netIncome": 115347000, "netIncomeApplicableToCommonShares": 115347000}, {"maxAge": 1, "endDate": "2018-03-31", "totalRevenue": 1618522000, "costOfRevenue": 711190000, "grossProfit": 907332000, "researchDevelopment": {}, "sellingGeneralAdministrative": 594413000, "nonRecurring": {}, "otherOperatingExpenses": 306507000, "totalOperatingExpenses": 1630253000, "operatingIncome": -11731000, "totalOtherIncomeExpenseNet": -7606000, "ebit": -11731000, "interestExpense": -30419000, "incomeBeforeTax": -19337000, "incomeTaxExpense": -1453000, "minorityInterest": 176882000, "netIncomeFromContinuingOps": -17884000, "discontinuedOperations": -74771000, "extraordinaryItems": {}, "effectOfAccountingCharges": {}, "otherItems": {}, "netIncome": -88239000, "netIncomeApplicableToCommonShares": -88239000}, {"maxAge": 1, "endDate": "2017-03-31", "totalRevenue": 2083940000, "costOfRevenue": 882756000, "grossProfit": 1201184000, "researchDevelopment": {}, "sellingGeneralAdministrative": 594635000, "nonRecurring": {}, "otherOperatingExpenses": 441783000, "totalOperatingExpenses": 1935858000, "operatingIncome": 148082000, "totalOtherIncomeExpenseNet": -43849000, "ebit": 148082000, "interestExpense": -71507000, "incomeBeforeTax": 104233000, "incomeTaxExpense": -617000, "minorityInterest": 180587000, "netIncomeFromContinuingOps": 104850000, "discontinuedOperations": -2636000, "extraordinaryItems": {}, "effectOfAccountingCharges": {}, "otherItems": {}, "netIncome": 101475000, "netIncomeApplicableToCommonShares": 101475000}], "maxAge": 86400}, "fundOwnership": {"ownershipList": [], "maxAge": 1}, "summaryDetail": {"maxAge": 1, "priceHint": 2, "previousClose": 539.95, "open": 531.65, "dayLow": 518.1, "dayHigh": 540.0, "regularMarketPreviousClose": 539.95, "regularMarketOpen": 531.65, "regularMarketDayLow": 518.1, "regularMarketDayHigh": 540.0, "trailingPE": 7.499577, "volume": 674, "regularMarketVolume": 674, "averageVolume": 1821, "averageVolume10days": 124, "averageDailyVolume10Day": 124, "bid": 539.25, "ask": 549.0, "bidSize": 0, "askSize": 0, "marketCap": 1630845312, "fiftyTwoWeekLow": 250.0, "fiftyTwoWeekHigh": 678.75, "fiftyDayAverage": 549.43335, "twoHundredDayAverage": 463.5658, "currency": "INR", "fromCurrency": null, "lastMarket": null, "algorithm": null, "tradeable": false}, "sectorTrend": {"maxAge": 1, "symbol": null, "estimates": []}, "incomeStatementHistoryQuarterly": {"incomeStatementHistory": [{"maxAge": 1, "endDate": "2020-06-30", "totalRevenue": 312477000, "costOfRevenue": 105421000, "grossProfit": 207056000, "researchDevelopment": {}, "sellingGeneralAdministrative": 99203000, "nonRecurring": {}, "otherOperatingExpenses": 52851000, "totalOperatingExpenses": 262930000, "operatingIncome": 49547000, "totalOtherIncomeExpenseNet": 13985000, "ebit": 49547000, "interestExpense": -6594000, "incomeBeforeTax": 63532000, "incomeTaxExpense": 18211000, "minorityInterest": {}, "netIncomeFromContinuingOps": 45321000, "discontinuedOperations": {}, "extraordinaryItems": {}, "effectOfAccountingCharges": {}, "otherItems": {}, "netIncome": 42986000, "netIncomeApplicableToCommonShares": 42986000}, {"maxAge": 1, "endDate": "2020-03-31", "totalRevenue": 463046000, "costOfRevenue": 166313000, "grossProfit": 296733000, "researchDevelopment": {}, "sellingGeneralAdministrative": 114877000, "nonRecurring": {}, "otherOperatingExpenses": 81349000, "totalOperatingExpenses": 370533000, "operatingIncome": 92513000, "totalOtherIncomeExpenseNet": 6734000, "ebit": 92513000, "interestExpense": -214000, "incomeBeforeTax": 99247000, "incomeTaxExpense": 18339000, "minorityInterest": 213338000, "netIncomeFromContinuingOps": 80908000, "discontinuedOperations": {}, "extraordinaryItems": {}, "effectOfAccountingCharges": {}, "otherItems": {}, "netIncome": 73826000, "netIncomeApplicableToCommonShares": 73826000}, {"maxAge": 1, "endDate": "2019-12-31", "totalRevenue": 414729000, "costOfRevenue": 160019000, "grossProfit": 254710000, "researchDevelopment": {}, "sellingGeneralAdministrative": 119124000, "nonRecurring": {}, "otherOperatingExpenses": 70200000, "totalOperatingExpenses": 356022000, "operatingIncome": 58707000, "totalOtherIncomeExpenseNet": 20118000, "ebit": 58707000, "interestExpense": -1358000, "incomeBeforeTax": 78825000, "incomeTaxExpense": 26245000, "minorityInterest": 213338000, "netIncomeFromContinuingOps": 52580000, "discontinuedOperations": {}, "extraordinaryItems": {}, "effectOfAccountingCharges": {}, "otherItems": {}, "netIncome": 48552000, "netIncomeApplicableToCommonShares": 48552000}, {"maxAge": 1, "endDate": "2019-09-30", "totalRevenue": 361842000, "costOfRevenue": 149852000, "grossProfit": 211990000, "researchDevelopment": {}, "sellingGeneralAdministrative": 124901000, "nonRecurring": {}, "otherOperatingExpenses": 73450000, "totalOperatingExpenses": 353252000, "operatingIncome": 8590000, "totalOtherIncomeExpenseNet": 9287000, "ebit": 8590000, "interestExpense": -2642000, "incomeBeforeTax": 17877000, "incomeTaxExpense": 1932000, "minorityInterest": 196261000, "netIncomeFromContinuingOps": 15945000, "discontinuedOperations": {}, "extraordinaryItems": {}, "effectOfAccountingCharges": {}, "otherItems": {}, "netIncome": 12429000, "netIncomeApplicableToCommonShares": 12429000}], "maxAge": 86400}, "cashflowStatementHistoryQuarterly": {"cashflowStatements": [{"maxAge": 1, "endDate": "2020-06-30", "netIncome": 42986000, "changeToLiabilities": 0}, {"maxAge": 1, "endDate": "2020-03-31", "netIncome": 73826000, "changeToLiabilities": 0}, {"maxAge": 1, "endDate": "2019-12-31", "netIncome": 48552000, "changeToLiabilities": 0}, {"maxAge": 1, "endDate": "2019-09-30", "netIncome": 12429000, "changeToLiabilities": 0}], "maxAge": 86400}, "insiderHolders": {"holders": [{"maxAge": 1, "name": "Avalokiteshvar Valinv Ltd", "relation": "Promoter", "url": "", "transactionDescription": "Sale", "latestTransDate": "2015-06-20", "positionDirect": 0, "positionDirectDate": "2015-06-20"}, {"maxAge": 1, "name": "Katyal (S C)", "relation": "Director (Non-Executive)", "url": "", "transactionDescription": "Sale", "latestTransDate": "2017-05-18", "positionDirect": 1322, "positionDirectDate": "2017-05-18"}, {"maxAge": 1, "name": "Katyal (Shobha)", "relation": "UNREPORTED", "url": "", "transactionDescription": "Sale", "latestTransDate": "2017-05-18", "positionDirect": 941, "positionDirectDate": "2017-05-18"}, {"maxAge": 1, "name": "Malhotra (Ruchira Katyal)", "relation": "UNREPORTED", "url": "", "transactionDescription": "Sale", "latestTransDate": "2017-04-18", "positionDirect": 0, "positionDirectDate": "2017-04-18"}, {"maxAge": 1, "name": "Renaissance Asset Management Company, Ltd.", "relation": "Investment Management Company", "url": "", "transactionDescription": "Acquisition", "latestTransDate": "2011-11-11", "positionDirect": 329114, "positionDirectDate": "2011-11-11"}], "maxAge": 1}, "earnings": {"maxAge": 86400, "earningsChart": {"quarterly": [], "earningsDate": ["2020-08-14 05:30:S"]}, "financialsChart": {"yearly": [{"date": 2017, "revenue": 2083940000, "earnings": 101475000}, {"date": 2018, "revenue": 1618522000, "earnings": -88239000}, {"date": 2019, "revenue": 2107049000, "earnings": 115347000}, {"date": 2020, "revenue": 1589227000, "earnings": 150053000}], "quarterly": [{"date": "3Q2019", "revenue": 361842000, "earnings": 12429000}, {"date": "4Q2019", "revenue": 414729000, "earnings": 48552000}, {"date": "1Q2020", "revenue": 463046000, "earnings": 73826000}, {"date": "2Q2020", "revenue": 312477000, "earnings": 42986000}]}, "financialCurrency": "INR"}, "calendarEvents": {"maxAge": 1, "earnings": {"earningsDate": ["2020-08-14 05:30:S"]}}, "upgradeDowngradeHistory": {"history": [], "maxAge": 86400}, "price": {"maxAge": 1, "regularMarketChangePercent": -0.015186613, "regularMarketChange": -8.200012, "regularMarketTime": "2021-04-30 15:26:43", "priceHint": 2, "regularMarketPrice": 531.75, "regularMarketDayHigh": 540.0, "regularMarketDayLow": 518.1, "regularMarketVolume": 674, "averageDailyVolume10Day": 124, "averageDailyVolume3Month": 1821, "regularMarketPreviousClose": 539.95, "regularMarketSource": "FREE_REALTIME", "regularMarketOpen": 531.65, "exchange": "BSE", "exchangeName": "BSE", "exchangeDataDelayedBy": 0, "marketState": "CLOSED", "quoteType": "EQUITY", "symbol": "REVATHI.BO", "underlyingSymbol": null, "shortName": "REVATHI EQUIPMENT LTD.", "longName": "Revathi Equipment Limited", "currency": "INR", "quoteSourceName": "Delayed Quote", "currencySymbol": "\u20b9", "fromCurrency": null, "lastMarket": null, "marketCap": 1630845312}, "balanceSheetHistory": {"balanceSheetStatements": [{"maxAge": 1, "endDate": "2020-03-31", "cash": 126910000, "shortTermInvestments": 173436000, "netReceivables": 806827000, "inventory": 227718000, "otherCurrentAssets": 129385000, "totalCurrentAssets": 1475099000, "longTermInvestments": 252348000, "propertyPlantEquipment": 85876000, "goodWill": 448625000, "intangibleAssets": 3210000, "otherAssets": 366747000, "deferredLongTermAssetCharges": 142290000, "totalAssets": 2631905000, "accountsPayable": 201260000, "shortLongTermDebt": 24000, "otherCurrentLiab": 147828000, "otherLiab": 87024000, "minorityInterest": 213338000, "totalCurrentLiabilities": 561927000, "totalLiab": 667485000, "commonStock": 30669000, "treasuryStock": 1720413000, "otherStockholderEquity": 1720413000, "totalStockholderEquity": 1751082000, "netTangibleAssets": 1299247000}, {"maxAge": 1, "endDate": "2019-03-31", "cash": 228509000, "shortTermInvestments": 77131000, "netReceivables": 911186000, "inventory": 131618000, "otherCurrentAssets": 195939000, "totalCurrentAssets": 1557489000, "longTermInvestments": 706000, "propertyPlantEquipment": 58854000, "goodWill": 448625000, "intangibleAssets": 2926000, "otherAssets": 327244000, "deferredLongTermAssetCharges": 138686000, "totalAssets": 2395844000, "accountsPayable": 238249000, "shortLongTermDebt": 1484000, "otherCurrentLiab": 177153000, "longTermDebt": 38000, "otherLiab": 106872000, "minorityInterest": 199172000, "totalCurrentLiabilities": 479611000, "totalLiab": 586521000, "commonStock": 30669000, "retainedEarnings": 1537148000, "treasuryStock": 42334000, "otherStockholderEquity": 42334000, "totalStockholderEquity": 1610151000, "netTangibleAssets": 1158600000}, {"maxAge": 1, "endDate": "2018-03-31", "cash": 242939000, "shortTermInvestments": 71169000, "netReceivables": 709183000, "inventory": 265364000, "otherCurrentAssets": 284808000, "totalCurrentAssets": 1590359000, "longTermInvestments": 706000, "propertyPlantEquipment": 49237000, "goodWill": 448625000, "intangibleAssets": 4476000, "otherAssets": 301059000, "deferredLongTermAssetCharges": 116237000, "totalAssets": 2394462000, "accountsPayable": 205151000, "shortLongTermDebt": 288000, "otherCurrentLiab": 83441000, "longTermDebt": 353000, "otherLiab": 55812000, "minorityInterest": 176882000, "totalCurrentLiabilities": 653788000, "totalLiab": 709953000, "commonStock": 30669000, "retainedEarnings": 1439900000, "treasuryStock": 37058000, "otherStockholderEquity": 37058000, "totalStockholderEquity": 1507627000, "netTangibleAssets": 1054526000}, {"maxAge": 1, "endDate": "2017-03-31", "cash": 188183000, "shortTermInvestments": 70677000, "netReceivables": 919306000, "inventory": 151959000, "otherCurrentAssets": 366102000, "totalCurrentAssets": 1716282000, "longTermInvestments": 30705000, "propertyPlantEquipment": 55355000, "goodWill": 448625000, "intangibleAssets": 5433000, "otherAssets": 300176000, "deferredLongTermAssetCharges": 110175000, "totalAssets": 2556576000, "accountsPayable": 269888000, "shortLongTermDebt": 264000, "otherCurrentLiab": 92399000, "longTermDebt": 698000, "otherLiab": 57572000, "minorityInterest": 180587000, "totalCurrentLiabilities": 724160000, "totalLiab": 782430000, "commonStock": 30669000, "retainedEarnings": 1528137000, "treasuryStock": 34753000, "otherStockholderEquity": 34753000, "totalStockholderEquity": 1593559000, "netTangibleAssets": 1139501000}], "maxAge": 86400}, "earningsTrend": {"trend": [{"maxAge": 1, "period": "0q", "endDate": null, "growth": {}, "earningsEstimate": {"avg": 0.0, "low": 0.0, "high": 0.0, "yearAgoEps": {}, "numberOfAnalysts": 0, "growth": {}}, "revenueEstimate": {"avg": 0, "low": 0, "high": 0, "numberOfAnalysts": 0, "yearAgoRevenue": {}, "growth": {}}, "epsTrend": {"current": 0.0, "7daysAgo": 0.0, "30daysAgo": 0.0, "60daysAgo": 0.0, "90daysAgo": 0.0}, "epsRevisions": {"upLast7days": 0, "upLast30days": 0, "downLast30days": 0, "downLast90days": {}}}, {"maxAge": 1, "period": "+1q", "endDate": null, "growth": {}, "earningsEstimate": {"avg": 0.0, "low": 0.0, "high": 0.0, "yearAgoEps": {}, "numberOfAnalysts": 0, "growth": {}}, "revenueEstimate": {"avg": 0, "low": 0, "high": 0, "numberOfAnalysts": 0, "yearAgoRevenue": {}, "growth": {}}, "epsTrend": {"current": 0.0, "7daysAgo": 0.0, "30daysAgo": 0.0, "60daysAgo": 0.0, "90daysAgo": 0.0}, "epsRevisions": {"upLast7days": 0, "upLast30days": 0, "downLast30days": 0, "downLast90days": {}}}, {"maxAge": 1, "period": "0y", "endDate": null, "growth": {}, "earningsEstimate": {"avg": 0.0, "low": 0.0, "high": 0.0, "yearAgoEps": {}, "numberOfAnalysts": 0, "growth": {}}, "revenueEstimate": {"avg": 0, "low": 0, "high": 0, "numberOfAnalysts": 0, "yearAgoRevenue": {}, "growth": {}}, "epsTrend": {"current": 0.0, "7daysAgo": 0.0, "30daysAgo": 0.0, "60daysAgo": 0.0, "90daysAgo": 0.0}, "epsRevisions": {"upLast7days": 0, "upLast30days": 0, "downLast30days": 0, "downLast90days": {}}}, {"maxAge": 1, "period": "+1y", "endDate": null, "growth": {}, "earningsEstimate": {"avg": 0.0, "low": 0.0, "high": 0.0, "yearAgoEps": {}, "numberOfAnalysts": 0, "growth": {}}, "revenueEstimate": {"avg": 0, "low": 0, "high": 0, "numberOfAnalysts": 0, "yearAgoRevenue": {}, "growth": {}}, "epsTrend": {"current": 0.0, "7daysAgo": 0.0, "30daysAgo": 0.0, "60daysAgo": 0.0, "90daysAgo": 0.0}, "epsRevisions": {"upLast7days": 0, "upLast30days": 0, "downLast30days": 0, "downLast90days": {}}}, {"maxAge": 1, "period": "+5y", "endDate": null, "growth": {}, "earningsEstimate": {"avg": {}, "low": {}, "high": {}, "yearAgoEps": {}, "numberOfAnalysts": {}, "growth": {}}, "revenueEstimate": {"avg": {}, "low": {}, "high": {}, "numberOfAnalysts": {}, "yearAgoRevenue": {}, "growth": {}}, "epsTrend": {"current": {}, "7daysAgo": {}, "30daysAgo": {}, "60daysAgo": {}, "90daysAgo": {}}, "epsRevisions": {"upLast7days": {}, "upLast30days": {}, "downLast30days": {}, "downLast90days": {}}}, {"maxAge": 1, "period": "-5y", "endDate": null, "growth": {}, "earningsEstimate": {"avg": {}, "low": {}, "high": {}, "yearAgoEps": {}, "numberOfAnalysts": {}, "growth": {}}, "revenueEstimate": {"avg": {}, "low": {}, "high": {}, "numberOfAnalysts": {}, "yearAgoRevenue": {}, "growth": {}}, "epsTrend": {"current": {}, "7daysAgo": {}, "30daysAgo": {}, "60daysAgo": {}, "90daysAgo": {}}, "epsRevisions": {"upLast7days": {}, "upLast30days": {}, "downLast30days": {}, "downLast90days": {}}}], "maxAge": 1}, "financialData": {"maxAge": 86400, "currentPrice": 531.75, "targetHighPrice": 685.0, "targetLowPrice": 685.0, "targetMeanPrice": 685.0, "targetMedianPrice": 685.0, "recommendationKey": "none", "numberOfAnalystOpinions": 1, "grossProfits": 971208000, "financialCurrency": "INR"}}}