{"REXNORD.BO": {"recommendationTrend": {"trend": [{"period": "0m", "strongBuy": 0, "buy": 0, "hold": 0, "sell": 0, "strongSell": 0}, {"period": "-1m", "strongBuy": 0, "buy": 0, "hold": 0, "sell": 0, "strongSell": 0}, {"period": "-2m", "strongBuy": 0, "buy": 0, "hold": 0, "sell": 0, "strongSell": 0}, {"period": "-3m", "strongBuy": 0, "buy": 0, "hold": 0, "sell": 0, "strongSell": 0}], "maxAge": 86400}, "cashflowStatementHistory": {"cashflowStatements": [{"maxAge": 1, "endDate": "2020-03-31", "netIncome": 35145000, "depreciation": 16265000, "changeToNetincome": 12763000, "changeToAccountReceivables": -19557000, "changeToLiabilities": 54495000, "changeToInventory": -33267000, "changeToOperatingActivities": -6353000, "totalCashFromOperatingActivities": 59630000, "capitalExpenditures": -47299000, "investments": 6065000, "otherCashflowsFromInvestingActivities": -3994000, "totalCashflowsFromInvestingActivities": -40064000, "netBorrowings": -9140000, "otherCashflowsFromFinancingActivities": -11936000, "totalCashFromFinancingActivities": -21076000, "changeInCash": -1510000}, {"maxAge": 1, "endDate": "2019-03-31", "netIncome": 39171000, "depreciation": 15337000, "changeToNetincome": 7434000, "changeToAccountReceivables": 13970000, "changeToLiabilities": -26718000, "changeToInventory": -12068000, "changeToOperatingActivities": -16230000, "totalCashFromOperatingActivities": 21055000, "capitalExpenditures": -23944000, "investments": 11795000, "otherCashflowsFromInvestingActivities": 305000, "totalCashflowsFromInvestingActivities": -10109000, "netBorrowings": -2640000, "otherCashflowsFromFinancingActivities": -10289000, "totalCashFromFinancingActivities": -12929000, "changeInCash": -1983000}, {"maxAge": 1, "endDate": "2018-03-31", "netIncome": 34348000, "depreciation": 14796000, "changeToNetincome": 4280000, "changeToAccountReceivables": -8105000, "changeToLiabilities": 1407000, "changeToInventory": -33727000, "changeToOperatingActivities": -10384000, "totalCashFromOperatingActivities": 2718000, "capitalExpenditures": -22477000, "investments": -17287000, "otherCashflowsFromInvestingActivities": 1688000, "totalCashflowsFromInvestingActivities": -37975000, "netBorrowings": 47165000, "otherCashflowsFromFinancingActivities": -8419000, "totalCashFromFinancingActivities": 38746000, "changeInCash": 3489000}, {"maxAge": 1, "endDate": "2017-03-31", "netIncome": 32768000, "depreciation": 13562142, "changeToNetincome": 8404125, "changeToAccountReceivables": 7199212, "changeToLiabilities": -874579, "changeToInventory": -21640098, "changeToOperatingActivities": -5288636, "totalCashFromOperatingActivities": 34215003, "capitalExpenditures": -19510968, "investments": -5000000, "otherCashflowsFromInvestingActivities": 22158016, "totalCashflowsFromInvestingActivities": -2432448, "netBorrowings": -30644516, "otherCashflowsFromFinancingActivities": -9848994, "totalCashFromFinancingActivities": -18443510, "changeInCash": 13339042, "issuanceOfStock": 22050000}], "maxAge": 86400}, "institutionOwnership": {"maxAge": 1, "ownershipList": []}, "balanceSheetHistoryQuarterly": {"balanceSheetStatements": [{"maxAge": 1, "endDate": "2020-06-30", "totalStockholderEquity": 385555000, "netTangibleAssets": 385323000}, {"maxAge": 1, "endDate": "2020-03-31", "cash": 14699000, "netReceivables": 93158000, "inventory": 216087000, "otherCurrentAssets": 27118000, "totalCurrentAssets": 356316000, "longTermInvestments": 5619000, "propertyPlantEquipment": 203711000, "intangibleAssets": 232000, "otherAssets": 36495000, "totalAssets": 602373000, "accountsPayable": 95532000, "shortLongTermDebt": 5084000, "otherCurrentLiab": 11158000, "longTermDebt": 29197000, "otherLiab": 13448000, "totalCurrentLiabilities": 173139000, "totalLiab": 216818000, "commonStock": 111591000, "retainedEarnings": 244673000, "treasuryStock": 63000, "capitalSurplus": 29228000, "otherStockholderEquity": 63000, "totalStockholderEquity": 385555000, "netTangibleAssets": 385323000}, {"maxAge": 1, "endDate": "2019-12-31", "totalStockholderEquity": 372137000, "netTangibleAssets": 371880000}, {"maxAge": 1, "endDate": "2019-09-30", "cash": 31211000, "shortTermInvestments": 5966000, "netReceivables": 64355000, "inventory": 242684000, "otherCurrentAssets": 26437000, "totalCurrentAssets": 370653000, "longTermInvestments": 5166000, "propertyPlantEquipment": 198486000, "intangibleAssets": 257000, "otherAssets": 26140000, "totalAssets": 600702000, "accountsPayable": 44585000, "otherCurrentLiab": 22027000, "longTermDebt": 12048000, "otherLiab": 13515000, "totalCurrentLiabilities": 203002000, "totalLiab": 228565000, "commonStock": 111591000, "treasuryStock": 260546000, "otherStockholderEquity": 260546000, "totalStockholderEquity": 372137000, "netTangibleAssets": 371880000}], "maxAge": 86400}, "earningsHistory": {"history": [{"maxAge": 1, "epsActual": {}, "epsEstimate": {}, "epsDifference": {}, "surprisePercent": {}, "quarter": {}, "period": "-4q"}, {"maxAge": 1, "epsActual": {}, "epsEstimate": {}, "epsDifference": {}, "surprisePercent": {}, "quarter": {}, "period": "-3q"}, {"maxAge": 1, "epsActual": {}, "epsEstimate": {}, "epsDifference": {}, "surprisePercent": {}, "quarter": {}, "period": "-2q"}, {"maxAge": 1, "epsActual": 0.54, "epsEstimate": 0.89, "epsDifference": -0.35, "surprisePercent": -0.393, "quarter": "2017-09-30", "period": "-1q"}], "maxAge": 86400}, "indexTrend": {"maxAge": 1, "symbol": "SP5", "peRatio": 19.7411, "pegRatio": 1.34172, "estimates": [{"period": "0q", "growth": 0.549}, {"period": "+1q", "growth": 0.431}, {"period": "0y", "growth": 0.305}, {"period": "+1y", "growth": 0.109}, {"period": "+5y", "growth": 0.120859005}, {"period": "-5y"}]}, "industryTrend": {"maxAge": 1, "symbol": null, "estimates": []}, "insiderTransactions": {"transactions": [{"maxAge": 1, "shares": 961454, "filerUrl": "", "transactionText": "", "filerName": "Talwar (Kishore Chand)", "filerRelation": "Executive Chairman", "moneyText": "", "startDate": "2019-08-21", "ownership": "D"}], "maxAge": 1}, "quoteType": {"exchange": "BSE", "quoteType": "EQUITY", "symbol": "REXNORD.BO", "underlyingSymbol": "REXNORD.BO", "shortName": "REXNORD ELECTRONICS & CONTROLS", "longName": "Rexnord Electronics and Controls Limited", "firstTradeDateEpochUtc": "2002-03-12 09:15:00", "timeZoneFullName": "Asia/Kolkata", "timeZoneShortName": "IST", "uuid": "1cae9c65-808f-3e68-ab1f-c8197a9cbb59", "messageBoardId": null, "gmtOffSetMilliseconds": 19800000, "maxAge": 1}, "incomeStatementHistory": {"incomeStatementHistory": [{"maxAge": 1, "endDate": "2020-03-31", "totalRevenue": 652398000, "costOfRevenue": 408815000, "grossProfit": 243583000, "researchDevelopment": {}, "sellingGeneralAdministrative": 58060000, "nonRecurring": {}, "otherOperatingExpenses": 108080000, "totalOperatingExpenses": 591359000, "operatingIncome": 61039000, "totalOtherIncomeExpenseNet": -13499000, "ebit": 61039000, "interestExpense": -6937000, "incomeBeforeTax": 47540000, "incomeTaxExpense": 12395000, "minorityInterest": {}, "netIncomeFromContinuingOps": 35145000, "discontinuedOperations": {}, "extraordinaryItems": {}, "effectOfAccountingCharges": {}, "otherItems": {}, "netIncome": 35145000, "netIncomeApplicableToCommonShares": 35145000}, {"maxAge": 1, "endDate": "2019-03-31", "totalRevenue": 626185000, "costOfRevenue": 388655000, "grossProfit": 237530000, "researchDevelopment": {}, "sellingGeneralAdministrative": 59724000, "nonRecurring": {}, "otherOperatingExpenses": 100494000, "totalOperatingExpenses": 564369000, "operatingIncome": 61816000, "totalOtherIncomeExpenseNet": -7129000, "ebit": 61816000, "interestExpense": -5853000, "incomeBeforeTax": 54687000, "incomeTaxExpense": 15516000, "minorityInterest": {}, "netIncomeFromContinuingOps": 39171000, "discontinuedOperations": {}, "extraordinaryItems": {}, "effectOfAccountingCharges": {}, "otherItems": {}, "netIncome": 39171000, "netIncomeApplicableToCommonShares": 39171000}, {"maxAge": 1, "endDate": "2018-03-31", "totalRevenue": 565862000, "costOfRevenue": 334691000, "grossProfit": 231171000, "researchDevelopment": {}, "sellingGeneralAdministrative": 55888000, "nonRecurring": {}, "otherOperatingExpenses": 106759000, "totalOperatingExpenses": 512237000, "operatingIncome": 53625000, "totalOtherIncomeExpenseNet": -5287000, "ebit": 53625000, "interestExpense": -5073000, "incomeBeforeTax": 48338000, "incomeTaxExpense": 13990000, "minorityInterest": {}, "netIncomeFromContinuingOps": 34348000, "discontinuedOperations": {}, "extraordinaryItems": {}, "effectOfAccountingCharges": {}, "otherItems": {}, "netIncome": 34348000, "netIncomeApplicableToCommonShares": 34348000}, {"maxAge": 1, "endDate": "2017-03-31", "totalRevenue": 573965000, "costOfRevenue": 501603000, "grossProfit": 72362000, "researchDevelopment": {}, "sellingGeneralAdministrative": 55888000, "nonRecurring": {}, "otherOperatingExpenses": 106759000, "totalOperatingExpenses": 515258000, "operatingIncome": 58707000, "totalOtherIncomeExpenseNet": -10061000, "ebit": 58707000, "interestExpense": -5780000, "incomeBeforeTax": 48646000, "incomeTaxExpense": 15878000, "minorityInterest": {}, "netIncomeFromContinuingOps": 32768000, "discontinuedOperations": {}, "extraordinaryItems": {}, "effectOfAccountingCharges": {}, "otherItems": {}, "netIncome": 32768000, "netIncomeApplicableToCommonShares": 32768000}], "maxAge": 86400}, "fundOwnership": {"maxAge": 1, "ownershipList": []}, "summaryDetail": {"maxAge": 1, "priceHint": 2, "previousClose": 35.35, "open": 34.5, "dayLow": 33.55, "dayHigh": 37.75, "regularMarketPreviousClose": 35.35, "regularMarketOpen": 34.5, "regularMarketDayLow": 33.55, "regularMarketDayHigh": 37.75, "trailingPE": 23.627453, "forwardPE": 9.6916895, "volume": 10847, "regularMarketVolume": 10847, "averageVolume": 13855, "averageVolume10days": 5325, "averageDailyVolume10Day": 5325, "bid": 35.0, "ask": 36.0, "bidSize": 0, "askSize": 0, "marketCap": 403434016, "fiftyTwoWeekLow": 14.05, "fiftyTwoWeekHigh": 39.9, "fiftyDayAverage": 32.134285, "twoHundredDayAverage": 27.017519, "currency": "INR", "fromCurrency": null, "toCurrency": null, "lastMarket": null, "algorithm": null, "tradeable": false}, "sectorTrend": {"maxAge": 1, "symbol": null, "estimates": []}, "incomeStatementHistoryQuarterly": {"incomeStatementHistory": [{"maxAge": 1, "endDate": "2020-06-30", "totalRevenue": 31648000, "costOfRevenue": 16707000, "grossProfit": 14941000, "researchDevelopment": {}, "sellingGeneralAdministrative": 7999000, "nonRecurring": {}, "otherOperatingExpenses": 7560000, "totalOperatingExpenses": 36484000, "operatingIncome": -4836000, "totalOtherIncomeExpenseNet": -2470000, "ebit": -4836000, "interestExpense": -2470000, "incomeBeforeTax": -7306000, "incomeTaxExpense": -1676000, "minorityInterest": {}, "netIncomeFromContinuingOps": -5630000, "discontinuedOperations": {}, "extraordinaryItems": {}, "effectOfAccountingCharges": {}, "otherItems": {}, "netIncome": -5630000, "netIncomeApplicableToCommonShares": -5630000}, {"maxAge": 1, "endDate": "2020-03-31", "totalRevenue": 160454000, "costOfRevenue": 113082000, "grossProfit": 47372000, "researchDevelopment": {}, "sellingGeneralAdministrative": 17968000, "nonRecurring": {}, "otherOperatingExpenses": 17052000, "totalOperatingExpenses": 152340000, "operatingIncome": 8114000, "totalOtherIncomeExpenseNet": -1007000, "ebit": 8114000, "interestExpense": -2470000, "incomeBeforeTax": 7107000, "incomeTaxExpense": 2403000, "minorityInterest": {}, "netIncomeFromContinuingOps": 4704000, "discontinuedOperations": {}, "extraordinaryItems": {}, "effectOfAccountingCharges": {}, "otherItems": {}, "netIncome": 4704000, "netIncomeApplicableToCommonShares": 4704000}, {"maxAge": 1, "endDate": "2019-12-31", "totalRevenue": 153536000, "costOfRevenue": 89530000, "grossProfit": 64006000, "researchDevelopment": {}, "sellingGeneralAdministrative": 13892000, "nonRecurring": {}, "otherOperatingExpenses": 31083000, "totalOperatingExpenses": 138725000, "operatingIncome": 14811000, "totalOtherIncomeExpenseNet": -3059000, "ebit": 14811000, "interestExpense": -3059000, "incomeBeforeTax": 11752000, "incomeTaxExpense": 3286000, "minorityInterest": {}, "netIncomeFromContinuingOps": 8466000, "discontinuedOperations": {}, "extraordinaryItems": {}, "effectOfAccountingCharges": {}, "otherItems": {}, "netIncome": 8466000, "netIncomeApplicableToCommonShares": 8466000}, {"maxAge": 1, "endDate": "2019-09-30", "totalRevenue": 149597000, "costOfRevenue": 87585000, "grossProfit": 62012000, "researchDevelopment": {}, "sellingGeneralAdministrative": 13270000, "nonRecurring": {}, "otherOperatingExpenses": 27957000, "totalOperatingExpenses": 132818000, "operatingIncome": 16779000, "totalOtherIncomeExpenseNet": -5406000, "ebit": 16779000, "interestExpense": -5406000, "incomeBeforeTax": 11373000, "incomeTaxExpense": 1801000, "minorityInterest": {}, "netIncomeFromContinuingOps": 9572000, "discontinuedOperations": {}, "extraordinaryItems": {}, "effectOfAccountingCharges": {}, "otherItems": {}, "netIncome": 9572000, "netIncomeApplicableToCommonShares": 9572000}], "maxAge": 86400}, "cashflowStatementHistoryQuarterly": {"cashflowStatements": [{"maxAge": 1, "endDate": "2020-06-30", "netIncome": -5630000, "changeToLiabilities": 0}, {"maxAge": 1, "endDate": "2020-03-31", "netIncome": 4704000, "changeToLiabilities": 0}, {"maxAge": 1, "endDate": "2019-12-31", "netIncome": 8466000, "changeToLiabilities": 0}, {"maxAge": 1, "endDate": "2019-09-30", "netIncome": 9572000, "changeToLiabilities": 0}], "maxAge": 86400}, "insiderHolders": {"holders": [{"maxAge": 1, "name": "Talwar (Kishore Chand)", "relation": "Executive Chairman", "url": "", "transactionDescription": "Acquisition", "latestTransDate": "2019-08-21", "positionDirect": 5313454, "positionDirectDate": "2019-08-21"}], "maxAge": 1}, "earnings": {"maxAge": 86400, "earningsChart": {"quarterly": [{"date": "3Q2017", "actual": 0.54, "estimate": 0.89}], "currentQuarterEstimateDate": "4Q", "currentQuarterEstimateYear": 2017, "earningsDate": ["2020-11-09 05:30:S", "2020-11-13 05:30:S"]}, "financialsChart": {"yearly": [{"date": 2017, "revenue": 573965000, "earnings": 32768000}, {"date": 2018, "revenue": 565862000, "earnings": 34348000}, {"date": 2019, "revenue": 626185000, "earnings": 39171000}, {"date": 2020, "revenue": 652398000, "earnings": 35145000}], "quarterly": [{"date": "3Q2019", "revenue": 149597000, "earnings": 9572000}, {"date": "4Q2019", "revenue": 153536000, "earnings": 8466000}, {"date": "1Q2020", "revenue": 160454000, "earnings": 4704000}, {"date": "2Q2020", "revenue": 31648000, "earnings": -5630000}]}, "financialCurrency": "INR"}, "calendarEvents": {"maxAge": 1, "earnings": {"earningsDate": ["2020-11-09 05:30:S", "2020-11-13 05:30:S"], "revenueAverage": 134974000}}, "price": {"maxAge": 1, "regularMarketChangePercent": 0.022630922, "regularMarketChange": 0.80000305, "regularMarketTime": "2021-04-30 15:21:02", "priceHint": 2, "regularMarketPrice": 36.15, "regularMarketDayHigh": 37.75, "regularMarketDayLow": 33.55, "regularMarketVolume": 10847, "averageDailyVolume10Day": 5325, "averageDailyVolume3Month": 13855, "regularMarketPreviousClose": 35.35, "regularMarketSource": "FREE_REALTIME", "regularMarketOpen": 34.5, "exchange": "BSE", "exchangeName": "BSE", "exchangeDataDelayedBy": 0, "marketState": "CLOSED", "quoteType": "EQUITY", "symbol": "REXNORD.BO", "underlyingSymbol": null, "shortName": "REXNORD ELECTRONICS & CONTROLS", "longName": "Rexnord Electronics and Controls Limited", "currency": "INR", "quoteSourceName": "Delayed Quote", "currencySymbol": "\u20b9", "fromCurrency": null, "toCurrency": null, "lastMarket": null, "marketCap": 403434016}, "balanceSheetHistory": {"balanceSheetStatements": [{"maxAge": 1, "endDate": "2020-03-31", "cash": 14699000, "netReceivables": 93158000, "inventory": 216087000, "otherCurrentAssets": 27118000, "totalCurrentAssets": 356316000, "longTermInvestments": 5619000, "propertyPlantEquipment": 203711000, "intangibleAssets": 232000, "otherAssets": 36495000, "totalAssets": 602373000, "accountsPayable": 95532000, "shortLongTermDebt": 5084000, "otherCurrentLiab": 11158000, "longTermDebt": 29197000, "otherLiab": 13448000, "totalCurrentLiabilities": 173139000, "totalLiab": 216818000, "commonStock": 111591000, "retainedEarnings": 244673000, "treasuryStock": 63000, "capitalSurplus": 29228000, "otherStockholderEquity": 63000, "totalStockholderEquity": 385555000, "netTangibleAssets": 385323000}, {"maxAge": 1, "endDate": "2019-03-31", "cash": 16209000, "netReceivables": 68283000, "inventory": 182819000, "otherCurrentAssets": 25339000, "totalCurrentAssets": 301260000, "longTermInvestments": 5166000, "propertyPlantEquipment": 176842000, "intangibleAssets": 276000, "otherAssets": 26524000, "totalAssets": 510068000, "accountsPayable": 40508000, "shortLongTermDebt": 3961000, "otherCurrentLiab": 3490000, "longTermDebt": 13023000, "otherLiab": 13991000, "totalCurrentLiabilities": 132869000, "totalLiab": 159883000, "commonStock": 111591000, "retainedEarnings": 209528000, "treasuryStock": -162000, "capitalSurplus": 29228000, "otherStockholderEquity": -162000, "totalStockholderEquity": 350185000, "netTangibleAssets": 349909000}, {"maxAge": 1, "endDate": "2018-03-31", "cash": 18192000, "netReceivables": 89960000, "inventory": 170751000, "otherCurrentAssets": 19568000, "totalCurrentAssets": 323845000, "propertyPlantEquipment": 170879000, "intangibleAssets": 97000, "otherAssets": 4076000, "totalAssets": 498897000, "accountsPayable": 67226000, "shortLongTermDebt": 3756000, "otherCurrentLiab": 1453000, "longTermDebt": 14564000, "otherLiab": 13624000, "totalCurrentLiabilities": 159647000, "totalLiab": 187835000, "commonStock": 111591000, "retainedEarnings": 170357000, "treasuryStock": -114000, "capitalSurplus": 29228000, "otherStockholderEquity": -114000, "totalStockholderEquity": 311062000, "netTangibleAssets": 310965000}, {"maxAge": 1, "endDate": "2017-03-31", "cash": 29703159, "shortTermInvestments": 5000000, "netReceivables": 75815074, "inventory": 137024197, "otherCurrentAssets": 2860828, "totalCurrentAssets": 252539840, "propertyPlantEquipment": 163475056, "intangibleAssets": 199656, "otherAssets": 3286123, "totalAssets": 419500675, "accountsPayable": 67293081, "shortLongTermDebt": 2077800, "otherCurrentLiab": 5456310, "longTermDebt": 11481269, "otherLiab": 14261785, "totalCurrentLiabilities": 117062589, "totalLiab": 142805643, "commonStock": 111591000, "retainedEarnings": 135875417, "treasuryStock": 701, "capitalSurplus": 29227920, "otherStockholderEquity": 701, "totalStockholderEquity": 276695038, "netTangibleAssets": 276495382}], "maxAge": 86400}, "earningsTrend": {"trend": [{"maxAge": 1, "period": "0q", "endDate": "2017-12-31", "growth": {}, "earningsEstimate": {"avg": 0.0, "low": 0.0, "high": 0.0, "yearAgoEps": {}, "numberOfAnalysts": 0, "growth": {}}, "revenueEstimate": {"avg": 134974000, "low": 0, "high": 0, "numberOfAnalysts": 0, "yearAgoRevenue": {}, "growth": {}}, "epsTrend": {"current": 0.0, "7daysAgo": 0.0, "30daysAgo": 0.0, "60daysAgo": 0.0, "90daysAgo": 0.0}, "epsRevisions": {"upLast7days": 0, "upLast30days": 0, "downLast30days": 0, "downLast90days": {}}}, {"maxAge": 1, "period": "+1q", "endDate": "2018-03-31", "growth": {}, "earningsEstimate": {"avg": 0.0, "low": 0.0, "high": 0.0, "yearAgoEps": {}, "numberOfAnalysts": 0, "growth": {}}, "revenueEstimate": {"avg": 145992000, "low": 0, "high": 0, "numberOfAnalysts": 0, "yearAgoRevenue": {}, "growth": {}}, "epsTrend": {"current": 0.0, "7daysAgo": 0.0, "30daysAgo": 0.0, "60daysAgo": 0.0, "90daysAgo": 0.0}, "epsRevisions": {"upLast7days": 0, "upLast30days": 0, "downLast30days": 0, "downLast90days": {}}}, {"maxAge": 1, "period": "0y", "endDate": "2018-03-31", "growth": {}, "earningsEstimate": {"avg": 0.0, "low": 0.0, "high": 0.0, "yearAgoEps": {}, "numberOfAnalysts": 0, "growth": {}}, "revenueEstimate": {"avg": 586446000, "low": 632270000, "high": 632270000, "numberOfAnalysts": 1, "yearAgoRevenue": {}, "growth": {}}, "epsTrend": {"current": 0.0, "7daysAgo": 3.31, "30daysAgo": 3.31, "60daysAgo": 3.31, "90daysAgo": 3.31}, "epsRevisions": {"upLast7days": 0, "upLast30days": 0, "downLast30days": 0, "downLast90days": {}}}, {"maxAge": 1, "period": "+1y", "endDate": "2019-03-31", "growth": {}, "earningsEstimate": {"avg": 0.0, "low": 0.0, "high": 0.0, "yearAgoEps": {}, "numberOfAnalysts": 0, "growth": {}}, "revenueEstimate": {"avg": 695500000, "low": 695500000, "high": 695500000, "numberOfAnalysts": 1, "yearAgoRevenue": 586446000, "growth": 0.186}, "epsTrend": {"current": 0.0, "7daysAgo": 3.73, "30daysAgo": 3.73, "60daysAgo": 3.73, "90daysAgo": 3.73}, "epsRevisions": {"upLast7days": 0, "upLast30days": 0, "downLast30days": 0, "downLast90days": {}}}, {"maxAge": 1, "period": "+5y", "endDate": null, "growth": {}, "earningsEstimate": {"avg": {}, "low": {}, "high": {}, "yearAgoEps": {}, "numberOfAnalysts": {}, "growth": {}}, "revenueEstimate": {"avg": {}, "low": {}, "high": {}, "numberOfAnalysts": {}, "yearAgoRevenue": {}, "growth": {}}, "epsTrend": {"current": {}, "7daysAgo": {}, "30daysAgo": {}, "60daysAgo": {}, "90daysAgo": {}}, "epsRevisions": {"upLast7days": {}, "upLast30days": {}, "downLast30days": {}, "downLast90days": {}}}, {"maxAge": 1, "period": "-5y", "endDate": null, "growth": {}, "earningsEstimate": {"avg": {}, "low": {}, "high": {}, "yearAgoEps": {}, "numberOfAnalysts": {}, "growth": {}}, "revenueEstimate": {"avg": {}, "low": {}, "high": {}, "numberOfAnalysts": {}, "yearAgoRevenue": {}, "growth": {}}, "epsTrend": {"current": {}, "7daysAgo": {}, "30daysAgo": {}, "60daysAgo": {}, "90daysAgo": {}}, "epsRevisions": {"upLast7days": {}, "upLast30days": {}, "downLast30days": {}, "downLast90days": {}}}], "maxAge": 1}, "financialData": {"maxAge": 86400, "currentPrice": 36.15, "recommendationKey": "none", "grossProfits": 243583000, "financialCurrency": "INR"}}}