{"RGRL.BO": {"cashflowStatementHistory": {"cashflowStatements": [{"maxAge": 1, "endDate": "2020-03-31", "netIncome": 57092, "changeToLiabilities": 0}, {"maxAge": 1, "endDate": "2019-03-31", "netIncome": 119158, "changeToNetincome": -53103, "changeToLiabilities": 42200, "totalCashFromOperatingActivities": 108255, "totalCashflowsFromInvestingActivities": 53103, "changeInCash": 161358}, {"maxAge": 1, "endDate": "2018-03-31", "netIncome": 228210, "changeToNetincome": -1632766, "changeToAccountReceivables": 5204386, "changeToLiabilities": 95000, "totalCashFromOperatingActivities": 3894830, "capitalExpenditures": -1531000, "investments": -6898000, "totalCashflowsFromInvestingActivities": -3696050, "changeInCash": 198780}, {"maxAge": 1, "endDate": "2017-03-31", "netIncome": 59761, "changeToNetincome": -1632766, "changeToAccountReceivables": -3571620, "changeToLiabilities": 14390, "totalCashFromOperatingActivities": -3497469, "capitalExpenditures": -1531000, "investments": -6898000, "totalCashflowsFromInvestingActivities": 4010000, "changeInCash": 512531}], "maxAge": 86400}, "institutionOwnership": {"ownershipList": [], "maxAge": 1}, "balanceSheetHistoryQuarterly": {"balanceSheetStatements": [{"maxAge": 1, "endDate": "2020-06-30"}, {"maxAge": 1, "endDate": "2020-03-31", "cash": 1029349, "netReceivables": 4990678, "totalCurrentAssets": 6020027, "longTermInvestments": 11648000, "propertyPlantEquipment": 4080000, "intangibleAssets": 200000, "otherAssets": 7810850, "totalAssets": 29758877, "otherCurrentLiab": 239000, "otherLiab": 86430, "totalCurrentLiabilities": 239000, "totalLiab": 325430, "commonStock": 48300000, "retainedEarnings": -18866553, "totalStockholderEquity": 29433447, "netTangibleAssets": 29233447}, {"maxAge": 1, "endDate": "2019-12-31"}, {"maxAge": 1, "endDate": "2019-09-30"}], "maxAge": 86400}, "indexTrend": {"maxAge": 1, "symbol": "SP5", "peRatio": 19.7411, "pegRatio": 1.34172, "estimates": [{"period": "0q", "growth": 0.549}, {"period": "+1q", "growth": 0.431}, {"period": "0y", "growth": 0.305}, {"period": "+1y", "growth": 0.109}, {"period": "+5y", "growth": 0.120859005}, {"period": "-5y"}]}, "insiderTransactions": {"transactions": [{"maxAge": 1, "shares": 184600, "filerUrl": "", "transactionText": "", "filerName": "Patel (Mayurbhai Arvindbhai)", "filerRelation": "Promoter", "moneyText": "", "startDate": "2019-11-18", "ownership": "D"}, {"maxAge": 1, "shares": 200000, "filerUrl": "", "transactionText": "", "filerName": "Senma (Govindbhai Kantibhai)", "filerRelation": "Promoter", "moneyText": "", "startDate": "2019-11-18", "ownership": "D"}], "maxAge": 1}, "quoteType": {"exchange": "BSE", "quoteType": "EQUITY", "symbol": "RGRL.BO", "underlyingSymbol": "RGRL.BO", "shortName": "Retro Green Revolution Limited", "longName": "Retro Green Revolution Limited", "firstTradeDateEpochUtc": "2011-11-18 09:15:00", "timeZoneFullName": "Asia/Kolkata", "timeZoneShortName": "IST", "uuid": "ec1fb3fa-eb40-35f3-9d06-18c5c29d9123", "gmtOffSetMilliseconds": 19800000, "maxAge": 1}, "incomeStatementHistory": {"incomeStatementHistory": [{"maxAge": 1, "endDate": "2020-03-31", "totalRevenue": 11130374, "costOfRevenue": 0, "grossProfit": 11130374, "researchDevelopment": {}, "sellingGeneralAdministrative": 830587, "nonRecurring": {}, "otherOperatingExpenses": 10242377, "totalOperatingExpenses": 11072964, "operatingIncome": 57410, "totalOtherIncomeExpenseNet": -318, "ebit": 57410, "interestExpense": {}, "incomeBeforeTax": 57092, "incomeTaxExpense": 0, "minorityInterest": {}, "netIncomeFromContinuingOps": 57092, "discontinuedOperations": {}, "extraordinaryItems": {}, "effectOfAccountingCharges": {}, "otherItems": {}, "netIncome": 57092, "netIncomeApplicableToCommonShares": 57092}, {"maxAge": 1, "endDate": "2019-03-31", "totalRevenue": 1941897, "costOfRevenue": 0, "grossProfit": 1941897, "researchDevelopment": {}, "sellingGeneralAdministrative": 360932, "nonRecurring": {}, "otherOperatingExpenses": 1472338, "totalOperatingExpenses": 1833270, "operatingIncome": 108627, "totalOtherIncomeExpenseNet": 52531, "ebit": 108627, "interestExpense": {}, "incomeBeforeTax": 161158, "incomeTaxExpense": 42000, "minorityInterest": {}, "netIncomeFromContinuingOps": 119158, "discontinuedOperations": {}, "extraordinaryItems": {}, "effectOfAccountingCharges": {}, "otherItems": {}, "netIncome": 119158, "netIncomeApplicableToCommonShares": 119158}, {"maxAge": 1, "endDate": "2018-03-31", "totalRevenue": 1196000, "costOfRevenue": 0, "grossProfit": 1196000, "researchDevelopment": {}, "sellingGeneralAdministrative": 129000, "nonRecurring": {}, "otherOperatingExpenses": 771636, "totalOperatingExpenses": 900636, "operatingIncome": 295364, "totalOtherIncomeExpenseNet": -154, "ebit": 295364, "interestExpense": {}, "incomeBeforeTax": 295210, "incomeTaxExpense": 67000, "minorityInterest": {}, "netIncomeFromContinuingOps": 228210, "discontinuedOperations": {}, "extraordinaryItems": {}, "effectOfAccountingCharges": {}, "otherItems": {}, "netIncome": 228210, "netIncomeApplicableToCommonShares": 228210}, {"maxAge": 1, "endDate": "2017-03-31", "totalRevenue": 419410, "costOfRevenue": 0, "grossProfit": 419410, "researchDevelopment": {}, "sellingGeneralAdministrative": 40230, "nonRecurring": {}, "otherOperatingExpenses": 318987, "totalOperatingExpenses": 359217, "operatingIncome": 60193, "totalOtherIncomeExpenseNet": -432, "ebit": 60193, "interestExpense": {}, "incomeBeforeTax": 59761, "incomeTaxExpense": 0, "minorityInterest": {}, "netIncomeFromContinuingOps": 59761, "discontinuedOperations": {}, "extraordinaryItems": {}, "effectOfAccountingCharges": {}, "otherItems": {}, "netIncome": 59761, "netIncomeApplicableToCommonShares": 59761}], "maxAge": 86400}, "fundOwnership": {"ownershipList": [], "maxAge": 1}, "summaryDetail": {"maxAge": 1, "priceHint": 2, "previousClose": 25.65, "open": 28.0, "dayLow": 24.6, "dayHigh": 30.0, "regularMarketPreviousClose": 25.65, "regularMarketOpen": 28.0, "regularMarketDayLow": 24.6, "regularMarketDayHigh": 30.0, "trailingPE": 84.731544, "volume": 45777, "regularMarketVolume": 45777, "averageVolume": 9465, "averageVolume10days": 13715, "averageDailyVolume10Day": 13715, "bid": 26.15, "ask": 26.3, "bidSize": 0, "askSize": 0, "marketCap": 121957504, "fiftyTwoWeekLow": 9.85, "fiftyTwoWeekHigh": 30.0, "fiftyDayAverage": 19.599697, "twoHundredDayAverage": 14.926397, "currency": "INR", "fromCurrency": null, "lastMarket": null, "algorithm": null, "tradeable": false}, "incomeStatementHistoryQuarterly": {"incomeStatementHistory": [{"maxAge": 1, "endDate": "2020-06-30", "totalRevenue": 3958000, "costOfRevenue": 0, "grossProfit": 3958000, "researchDevelopment": {}, "sellingGeneralAdministrative": 286000, "nonRecurring": {}, "otherOperatingExpenses": 2712000, "totalOperatingExpenses": 2998000, "operatingIncome": 960000, "totalOtherIncomeExpenseNet": 653000, "ebit": 960000, "interestExpense": {}, "incomeBeforeTax": 1613000, "incomeTaxExpense": 0, "minorityInterest": {}, "netIncomeFromContinuingOps": 1613000, "discontinuedOperations": {}, "extraordinaryItems": {}, "effectOfAccountingCharges": {}, "otherItems": {}, "netIncome": 1613000, "netIncomeApplicableToCommonShares": 1613000}, {"maxAge": 1, "endDate": "2020-03-31", "totalRevenue": 7323374, "costOfRevenue": 0, "grossProfit": 7323374, "researchDevelopment": {}, "sellingGeneralAdministrative": 392587, "nonRecurring": {}, "otherOperatingExpenses": 5644377, "totalOperatingExpenses": 6036964, "operatingIncome": 1286410, "totalOtherIncomeExpenseNet": -2845318, "ebit": 1286410, "interestExpense": {}, "incomeBeforeTax": -1558908, "incomeTaxExpense": 0, "minorityInterest": {}, "netIncomeFromContinuingOps": -1558908, "discontinuedOperations": {}, "extraordinaryItems": {}, "effectOfAccountingCharges": {}, "otherItems": {}, "netIncome": -1558908, "netIncomeApplicableToCommonShares": -1558908}, {"maxAge": 1, "endDate": "2019-12-31", "totalRevenue": 3569000, "costOfRevenue": 0, "grossProfit": 3569000, "researchDevelopment": {}, "sellingGeneralAdministrative": 237000, "nonRecurring": {}, "otherOperatingExpenses": 2808000, "totalOperatingExpenses": 3045000, "operatingIncome": 524000, "totalOtherIncomeExpenseNet": 985000, "ebit": 524000, "interestExpense": {}, "incomeBeforeTax": 1509000, "incomeTaxExpense": 0, "minorityInterest": {}, "netIncomeFromContinuingOps": 1509000, "discontinuedOperations": {}, "extraordinaryItems": {}, "effectOfAccountingCharges": {}, "otherItems": {}, "netIncome": 1509000, "netIncomeApplicableToCommonShares": 1509000}, {"maxAge": 1, "endDate": "2019-09-30", "totalRevenue": 117000, "costOfRevenue": 0, "grossProfit": 117000, "researchDevelopment": {}, "sellingGeneralAdministrative": 98000, "nonRecurring": {}, "otherOperatingExpenses": 847000, "totalOperatingExpenses": 945000, "operatingIncome": -828000, "totalOtherIncomeExpenseNet": 874000, "ebit": -828000, "interestExpense": {}, "incomeBeforeTax": 46000, "incomeTaxExpense": 0, "minorityInterest": {}, "netIncomeFromContinuingOps": 46000, "discontinuedOperations": {}, "extraordinaryItems": {}, "effectOfAccountingCharges": {}, "otherItems": {}, "netIncome": 46000, "netIncomeApplicableToCommonShares": 46000}], "maxAge": 86400}, "cashflowStatementHistoryQuarterly": {"cashflowStatements": [{"maxAge": 1, "endDate": "2020-06-30", "netIncome": 1613000, "changeToLiabilities": 0}, {"maxAge": 1, "endDate": "2020-03-31", "netIncome": -1558908, "changeToLiabilities": 0}, {"maxAge": 1, "endDate": "2019-12-31", "netIncome": 1509000, "changeToLiabilities": 0}, {"maxAge": 1, "endDate": "2019-09-30", "netIncome": 46000, "changeToLiabilities": 0}], "maxAge": 86400}, "insiderHolders": {"holders": [{"maxAge": 1, "name": "Patel (Mayurbhai Arvindbhai)", "relation": "Promoter", "url": "", "transactionDescription": "Sale", "latestTransDate": "2019-11-18", "positionDirect": 0, "positionDirectDate": "2019-11-18"}, {"maxAge": 1, "name": "Senma (Govindbhai Kantibhai)", "relation": "Promoter", "url": "", "transactionDescription": "Sale", "latestTransDate": "2019-11-18", "positionDirect": 0, "positionDirectDate": "2019-11-18"}], "maxAge": 1}, "calendarEvents": {"maxAge": 1, "earnings": {"earningsDate": []}}, "upgradeDowngradeHistory": {"history": [], "maxAge": 86400}, "price": {"maxAge": 1, "regularMarketChangePercent": -0.015594528, "regularMarketChange": -0.39999962, "regularMarketTime": "2021-04-30 15:19:51", "priceHint": 2, "regularMarketPrice": 25.25, "regularMarketDayHigh": 30.0, "regularMarketDayLow": 24.6, "regularMarketVolume": 45777, "averageDailyVolume10Day": 13715, "averageDailyVolume3Month": 9465, "regularMarketPreviousClose": 25.65, "regularMarketSource": "FREE_REALTIME", "regularMarketOpen": 28.0, "exchange": "BSE", "exchangeName": "BSE", "exchangeDataDelayedBy": 0, "marketState": "CLOSED", "quoteType": "EQUITY", "symbol": "RGRL.BO", "underlyingSymbol": null, "shortName": "Retro Green Revolution Limited", "longName": "Retro Green Revolution Limited", "currency": "INR", "quoteSourceName": "Delayed Quote", "currencySymbol": "\u20b9", "fromCurrency": null, "lastMarket": null, "marketCap": 121957504}, "balanceSheetHistory": {"balanceSheetStatements": [{"maxAge": 1, "endDate": "2020-03-31", "cash": 1029349, "netReceivables": 4990678, "totalCurrentAssets": 6020027, "longTermInvestments": 11648000, "propertyPlantEquipment": 4080000, "intangibleAssets": 200000, "otherAssets": 7810850, "totalAssets": 29758877, "otherCurrentLiab": 239000, "otherLiab": 86430, "totalCurrentLiabilities": 239000, "totalLiab": 325430, "commonStock": 48300000, "retainedEarnings": -18866553, "totalStockholderEquity": 29433447, "netTangibleAssets": 29233447}, {"maxAge": 1, "endDate": "2019-03-31", "cash": 922606, "netReceivables": 4990678, "totalCurrentAssets": 5913284, "longTermInvestments": 11648000, "propertyPlantEquipment": 4080000, "intangibleAssets": 200000, "otherAssets": 7810501, "totalAssets": 29651785, "otherCurrentLiab": 189000, "otherLiab": 86430, "totalCurrentLiabilities": 189000, "totalLiab": 275430, "commonStock": 48300000, "retainedEarnings": -18923645, "totalStockholderEquity": 29376355, "netTangibleAssets": 29176355}, {"maxAge": 1, "endDate": "2018-03-31", "cash": 761249, "netReceivables": 4990678, "totalCurrentAssets": 5751927, "longTermInvestments": 11648000, "propertyPlantEquipment": 4080000, "intangibleAssets": 200000, "otherAssets": 7810501, "totalAssets": 29490428, "otherCurrentLiab": 146800, "otherLiab": 86430, "totalCurrentLiabilities": 146800, "totalLiab": 233230, "commonStock": 48300000, "retainedEarnings": -19042802, "totalStockholderEquity": 29257198, "netTangibleAssets": 29057198}, {"maxAge": 1, "endDate": "2017-03-31", "cash": 562469, "netReceivables": 4990678, "otherCurrentAssets": 1632766, "totalCurrentAssets": 10757533, "longTermInvestments": 4750000, "propertyPlantEquipment": 2549000, "intangibleAssets": 200000, "otherAssets": 12543451, "totalAssets": 30799984, "otherCurrentLiab": 51800, "otherLiab": 86430, "totalCurrentLiabilities": 51800, "totalLiab": 138230, "commonStock": 48300000, "retainedEarnings": -17638246, "totalStockholderEquity": 30661754, "netTangibleAssets": 30461754}], "maxAge": 86400}, "financialData": {"maxAge": 86400, "currentPrice": 25.25, "recommendationKey": "none", "grossProfits": 11130374, "financialCurrency": "INR"}}}