{"RHFL.NS": {"assetProfile": {"address1": "The Ruby", "address2": "11th Floor, North-West Wing Plot No. 29, Senapati Bapat Marg Dadar (West)", "city": "Mumbai", "zip": "400028", "country": "India", "phone": "91 22 4303 6000", "fax": "91 22 4303 6662", "website": "http://www.reliancehomefinance.com", "industry": "Mortgage Finance", "sector": "Financial Services", "longBusinessSummary": "Reliance Home Finance Limited engages in the housing finance business in India. The company offers a range of loans, such as home loans, affordable housing loans, loans against properties, and construction finance. It also provides property services. The company was incorporated in 2008 and is based in Mumbai, India.", "fullTimeEmployees": 245, "companyOfficers": [{"maxAge": 1, "name": "Mr. Ravindra  Sudhalkar", "age": 52, "title": "Chief Exec. Officer", "yearBorn": 1968, "exercisedValue": 0, "unexercisedValue": 0}, {"maxAge": 1, "name": "Ms. Parul  Jain", "age": 35, "title": "Company Sec. & Compliance Officer", "yearBorn": 1985, "exercisedValue": 0, "unexercisedValue": 0}, {"maxAge": 1, "name": "Mr. Vijesh B. Thota", "title": "Chief Financial Officer", "exercisedValue": 0, "unexercisedValue": 0}, {"maxAge": 1, "name": "Mr. Kunal  Dikshit", "title": "Chief Technology Officer", "exercisedValue": 0, "unexercisedValue": 0}, {"maxAge": 1, "name": "Mr. Kishore  Karmaran", "title": "National Mang. of Admin. & Infrastructure", "exercisedValue": 0, "unexercisedValue": 0}, {"maxAge": 1, "name": "Mr. Akshay  Landge", "title": "Head of Legal", "exercisedValue": 0, "unexercisedValue": 0}, {"maxAge": 1, "name": "Mr. Prashant  Utreja", "title": "Chief HR Officer", "exercisedValue": 0, "unexercisedValue": 0}, {"maxAge": 1, "name": "Mr. Amit  Arora", "title": "Bus. Head of Loans Against Property", "exercisedValue": 0, "unexercisedValue": 0}, {"maxAge": 1, "name": "Ms. Reshma  Sethi", "title": "Head of Bus. Excellence", "exercisedValue": 0, "unexercisedValue": 0}, {"maxAge": 1, "name": "Mr. Rahul  Sood", "title": "Head of Collections", "exercisedValue": 0, "unexercisedValue": 0}], "maxAge": 86400}, "cashflowStatementHistory": {"cashflowStatements": [{"maxAge": 1, "endDate": "2020-03-31", "netIncome": -3753200000, "depreciation": 23300000, "changeToNetincome": 15235900000, "changeToLiabilities": -69700000, "changeToOperatingActivities": 35074200000, "totalCashFromOperatingActivities": 47130500000, "capitalExpenditures": -4100000, "investments": -8589800000, "otherCashflowsFromInvestingActivities": 16200000, "totalCashflowsFromInvestingActivities": -8560800000, "netBorrowings": -26390000000, "otherCashflowsFromFinancingActivities": -12882000000, "totalCashFromFinancingActivities": -39272000000, "changeInCash": -702300000}, {"maxAge": 1, "endDate": "2019-03-31", "netIncome": 674200000, "depreciation": 21200000, "changeToNetincome": 14347300000, "changeToLiabilities": 20600000, "changeToOperatingActivities": -27813300000, "totalCashFromOperatingActivities": -11890200000, "capitalExpenditures": -47500000, "investments": -578900000, "otherCashflowsFromInvestingActivities": 76400000, "totalCashflowsFromInvestingActivities": -550000000, "dividendsPaid": -501100000, "netBorrowings": 24972500000, "otherCashflowsFromFinancingActivities": -11562300000, "totalCashFromFinancingActivities": 12909100000, "changeInCash": 468900000}, {"maxAge": 1, "endDate": "2018-03-31", "netIncome": 1673300000, "depreciation": 14400000, "changeToNetincome": 10344400000, "changeToLiabilities": -5100000, "changeToOperatingActivities": -48541900000, "totalCashFromOperatingActivities": -35073200000, "capitalExpenditures": -47900000, "investments": 4702500000, "otherCashflowsFromInvestingActivities": 264700000, "totalCashflowsFromInvestingActivities": 4957900000, "dividendsPaid": -57700000, "netBorrowings": 32962400000, "otherCashflowsFromFinancingActivities": -8454400000, "totalCashFromFinancingActivities": 28179900000, "changeInCash": -1935400000, "issuanceOfStock": 3729600000}, {"maxAge": 1, "endDate": "2017-03-31", "netIncome": 1725900000, "depreciation": 70600000, "changeToNetincome": 5669600000, "changeToLiabilities": -1357100000, "changeToOperatingActivities": -40288700000, "totalCashFromOperatingActivities": -32962700000, "capitalExpenditures": -10300000, "investments": -3628700000, "otherCashflowsFromInvestingActivities": 52900000, "totalCashflowsFromInvestingActivities": -3550500000, "dividendsPaid": -57700000, "netBorrowings": 30267300000, "otherCashflowsFromFinancingActivities": -8454400000, "totalCashFromFinancingActivities": 32267300000, "changeInCash": -4245900000, "issuanceOfStock": 2000000000}], "maxAge": 86400}, "institutionOwnership": {"ownershipList": [], "maxAge": 1}, "majorHoldersBreakdown": {"maxAge": 1, "insidersPercentHeld": 0.51228, "institutionsPercentHeld": 0.03311, "institutionsFloatPercentHeld": 0.06789, "institutionsCount": 4}, "balanceSheetHistoryQuarterly": {"balanceSheetStatements": [{"maxAge": 1, "endDate": "2020-12-31", "totalStockholderEquity": 7311100000, "netTangibleAssets": 5185700000}, {"maxAge": 1, "endDate": "2020-09-30", "cash": 4110100000, "netReceivables": 124761200000, "otherCurrentAssets": 465500000, "totalCurrentAssets": 129336800000, "longTermInvestments": 13737700000, "propertyPlantEquipment": 433800000, "goodWill": 2099600000, "intangibleAssets": 25800000, "otherAssets": 8864800000, "deferredLongTermAssetCharges": 7245800000, "totalAssets": 154498500000, "otherCurrentLiab": 538800000, "longTermDebt": 132947900000, "otherLiab": 13349700000, "totalCurrentLiabilities": 889800000, "totalLiab": 147187400000, "commonStock": 4850600000, "treasuryStock": 2460500000, "otherStockholderEquity": 2460500000, "totalStockholderEquity": 7311100000, "netTangibleAssets": 5185700000}, {"maxAge": 1, "endDate": "2020-06-30", "totalStockholderEquity": 14667500000, "netTangibleAssets": 12536400000}, {"maxAge": 1, "endDate": "2020-03-31", "cash": 836100000, "netReceivables": 134369600000, "otherCurrentAssets": 4872200000, "totalCurrentAssets": 140077900000, "longTermInvestments": 9507400000, "propertyPlantEquipment": 448400000, "goodWill": 2099600000, "intangibleAssets": 31500000, "otherAssets": 5127100000, "deferredLongTermAssetCharges": 3456100000, "totalAssets": 157291900000, "shortLongTermDebt": 56455200000, "otherCurrentLiab": 204300000, "longTermDebt": 68133200000, "otherLiab": 15200000, "totalCurrentLiabilities": 74476000000, "totalLiab": 142624400000, "commonStock": 4850600000, "retainedEarnings": -1270100000, "treasuryStock": 4483600000, "capitalSurplus": 6603400000, "otherStockholderEquity": 4483600000, "totalStockholderEquity": 14667500000, "netTangibleAssets": 12536400000}], "maxAge": 86400}, "indexTrend": {"maxAge": 1, "symbol": "SP5", "peRatio": 19.7411, "pegRatio": 1.34172, "estimates": [{"period": "0q", "growth": 0.549}, {"period": "+1q", "growth": 0.431}, {"period": "0y", "growth": 0.305}, {"period": "+1y", "growth": 0.109}, {"period": "+5y", "growth": 0.120865}, {"period": "-5y"}]}, "defaultKeyStatistics": {"maxAge": 1, "priceHint": 4, "enterpriseValue": 130231296000, "profitMargins": 0.0, "floatShares": 224156358, "sharesOutstanding": 485059008, "heldPercentInsiders": 0.51228, "heldPercentInstitutions": 0.03311, "beta": 2.1575, "category": null, "bookValue": 15.07, "priceToBook": 0.1791639, "fundFamily": null, "legalType": null, "lastFiscalYearEnd": "2020-03-31 05:30:00", "nextFiscalYearEnd": "2022-03-31 05:30:00", "mostRecentQuarter": "2020-12-31 05:30:00", "netIncomeToCommon": -13150900224, "trailingEps": -27.135, "lastSplitFactor": null, "enterpriseToRevenue": -45.788}, "summaryProfile": {"address1": "The Ruby", "address2": "11th Floor, North-West Wing Plot No. 29, Senapati Bapat Marg Dadar (West)", "city": "Mumbai", "zip": "400028", "country": "India", "phone": "91 22 4303 6000", "fax": "91 22 4303 6662", "website": "http://www.reliancehomefinance.com", "industry": "Mortgage Finance", "sector": "Financial Services", "longBusinessSummary": "Reliance Home Finance Limited engages in the housing finance business in India. The company offers a range of loans, such as home loans, affordable housing loans, loans against properties, and construction finance. It also provides property services. The company was incorporated in 2008 and is based in Mumbai, India.", "fullTimeEmployees": 245, "companyOfficers": [], "maxAge": 86400}, "netSharePurchaseActivity": {"maxAge": 1, "period": "6m", "buyInfoCount": 0, "buyInfoShares": 0, "sellInfoCount": 0, "netInfoCount": 0, "netInfoShares": 0, "netPercentInsiderShares": 0.0, "totalInsiderShares": 248492384}, "insiderTransactions": {"transactions": [{"maxAge": 1, "shares": 5800000, "filerUrl": "", "transactionText": "", "filerName": "IDBI Bank Ltd", "filerRelation": "Institution- Corporation", "moneyText": "", "startDate": "2020-01-08", "ownership": "D"}, {"maxAge": 1, "shares": 8097931, "filerUrl": "", "transactionText": "", "filerName": "Reliance Inceptum Pvt Ltd", "filerRelation": "Promoter", "moneyText": "", "startDate": "2019-10-18", "ownership": "D"}], "maxAge": 1}, "quoteType": {"exchange": "NSI", "quoteType": "EQUITY", "symbol": "RHFL.NS", "underlyingSymbol": "RHFL.NS", "shortName": "RELIANCE HOME FIN", "longName": "Reliance Home Finance Limited", "firstTradeDateEpochUtc": "2017-09-22 09:15:00", "timeZoneFullName": "Asia/Kolkata", "timeZoneShortName": "IST", "uuid": "01fff129-cdb0-391c-abdc-3c9987fb7ad9", "gmtOffSetMilliseconds": 19800000, "maxAge": 1}, "incomeStatementHistory": {"incomeStatementHistory": [{"maxAge": 1, "endDate": "2020-03-31", "totalRevenue": 2479400000, "costOfRevenue": 147500000, "grossProfit": 2331900000, "researchDevelopment": {}, "sellingGeneralAdministrative": 804100000, "nonRecurring": {}, "otherOperatingExpenses": 5107400000, "totalOperatingExpenses": 8241600000, "operatingIncome": -5762200000, "totalOtherIncomeExpenseNet": 89400000, "ebit": 0, "interestExpense": {}, "incomeBeforeTax": -5672800000, "incomeTaxExpense": -1919600000, "minorityInterest": {}, "netIncomeFromContinuingOps": -3753200000, "discontinuedOperations": {}, "extraordinaryItems": {}, "effectOfAccountingCharges": {}, "otherItems": {}, "netIncome": -3753200000, "netIncomeApplicableToCommonShares": -3753200000}, {"maxAge": 1, "endDate": "2019-03-31", "totalRevenue": 6517000000, "costOfRevenue": 180200000, "grossProfit": 6336800000, "researchDevelopment": {}, "sellingGeneralAdministrative": 1360600000, "nonRecurring": {}, "otherOperatingExpenses": 1408500000, "totalOperatingExpenses": 5531700000, "operatingIncome": 985300000, "totalOtherIncomeExpenseNet": 30700000, "ebit": 0, "interestExpense": {}, "incomeBeforeTax": 1016000000, "incomeTaxExpense": 341800000, "minorityInterest": {}, "netIncomeFromContinuingOps": 674200000, "discontinuedOperations": {}, "extraordinaryItems": {}, "effectOfAccountingCharges": {}, "otherItems": {}, "netIncome": 674200000, "netIncomeApplicableToCommonShares": 674200000}, {"maxAge": 1, "endDate": "2018-03-31", "totalRevenue": 6202200000, "costOfRevenue": 178300000, "grossProfit": 6023900000, "researchDevelopment": {}, "sellingGeneralAdministrative": 1309700000, "nonRecurring": {}, "otherOperatingExpenses": 1714100000, "totalOperatingExpenses": 3748800000, "operatingIncome": 2453400000, "totalOtherIncomeExpenseNet": 15900000, "ebit": 0, "interestExpense": {}, "incomeBeforeTax": 2469300000, "incomeTaxExpense": 796000000, "minorityInterest": {}, "netIncomeFromContinuingOps": 1673300000, "discontinuedOperations": {}, "extraordinaryItems": {}, "effectOfAccountingCharges": {}, "otherItems": {}, "netIncome": 1673300000, "netIncomeApplicableToCommonShares": 1673300000}, {"maxAge": 1, "endDate": "2017-03-31", "totalRevenue": 4692400000, "costOfRevenue": 153500000, "grossProfit": 4538900000, "researchDevelopment": {}, "sellingGeneralAdministrative": 1141000000, "nonRecurring": {}, "otherOperatingExpenses": 2209500000, "totalOperatingExpenses": 3635000000, "operatingIncome": 1057400000, "totalOtherIncomeExpenseNet": 320600000, "ebit": 0, "interestExpense": {}, "incomeBeforeTax": 1378000000, "incomeTaxExpense": -347900000, "minorityInterest": {}, "netIncomeFromContinuingOps": 1725900000, "discontinuedOperations": {}, "extraordinaryItems": {}, "effectOfAccountingCharges": {}, "otherItems": {}, "netIncome": 1725900000, "netIncomeApplicableToCommonShares": 1725900000}], "maxAge": 86400}, "fundOwnership": {"ownershipList": [], "maxAge": 1}, "summaryDetail": {"maxAge": 1, "priceHint": 4, "previousClose": 2.8, "open": 2.7, "dayLow": 2.7, "dayHigh": 2.85, "regularMarketPreviousClose": 2.8, "regularMarketOpen": 2.7, "regularMarketDayLow": 2.7, "regularMarketDayHigh": 2.85, "exDividendDate": "2018-09-12 05:30:00", "payoutRatio": 0.0, "beta": 2.1575, "volume": 4801922, "regularMarketVolume": 4801922, "averageVolume": 1781645, "averageVolume10days": 838524, "averageDailyVolume10Day": 838524, "bid": 0.0, "ask": 0.0, "bidSize": 0, "askSize": 0, "marketCap": 1328367616, "fiftyTwoWeekLow": 0.7, "fiftyTwoWeekHigh": 3.45, "priceToSalesTrailing12Months": -0.46704438, "fiftyDayAverage": 2.5426471, "twoHundredDayAverage": 2.2439716, "currency": "INR", "fromCurrency": null, "lastMarket": null, "algorithm": null, "tradeable": false}, "incomeStatementHistoryQuarterly": {"incomeStatementHistory": [{"maxAge": 1, "endDate": "2020-12-31", "totalRevenue": -1273000000, "costOfRevenue": 0, "grossProfit": -1273000000, "researchDevelopment": {}, "sellingGeneralAdministrative": 68800000, "nonRecurring": {}, "otherOperatingExpenses": 3802700000, "totalOperatingExpenses": 3877100000, "operatingIncome": -5150100000, "totalOtherIncomeExpenseNet": 7000000, "ebit": 0, "interestExpense": {}, "incomeBeforeTax": -5143100000, "incomeTaxExpense": -1747600000, "minorityInterest": {}, "netIncomeFromContinuingOps": -3395500000, "discontinuedOperations": {}, "extraordinaryItems": {}, "effectOfAccountingCharges": {}, "otherItems": {}, "netIncome": -3395500000, "netIncomeApplicableToCommonShares": -3395500000}, {"maxAge": 1, "endDate": "2020-09-30", "totalRevenue": -658900000, "costOfRevenue": 0, "grossProfit": -658900000, "researchDevelopment": {}, "sellingGeneralAdministrative": 74400000, "nonRecurring": {}, "otherOperatingExpenses": 8097200000, "totalOperatingExpenses": 8178900000, "operatingIncome": -8837800000, "totalOtherIncomeExpenseNet": 134800000, "ebit": 0, "interestExpense": {}, "incomeBeforeTax": -8703000000, "incomeTaxExpense": -2959000000, "minorityInterest": {}, "netIncomeFromContinuingOps": -5744000000, "discontinuedOperations": {}, "extraordinaryItems": {}, "effectOfAccountingCharges": {}, "otherItems": {}, "netIncome": -5744000000, "netIncomeApplicableToCommonShares": -5744000000}, {"maxAge": 1, "endDate": "2020-06-30", "totalRevenue": -659400000, "costOfRevenue": 0, "grossProfit": -659400000, "researchDevelopment": {}, "sellingGeneralAdministrative": 78400000, "nonRecurring": {}, "otherOperatingExpenses": 1706100000, "totalOperatingExpenses": 1792600000, "operatingIncome": -2452000000, "totalOtherIncomeExpenseNet": 7500000, "ebit": 0, "interestExpense": {}, "incomeBeforeTax": -2444500000, "incomeTaxExpense": -831100000, "minorityInterest": {}, "netIncomeFromContinuingOps": -1613400000, "discontinuedOperations": {}, "extraordinaryItems": {}, "effectOfAccountingCharges": {}, "otherItems": {}, "netIncome": -1613400000, "netIncomeApplicableToCommonShares": -1613400000}, {"maxAge": 1, "endDate": "2020-03-31", "totalRevenue": -250600000, "costOfRevenue": 147500000, "grossProfit": -398100000, "researchDevelopment": {}, "sellingGeneralAdministrative": 194100000, "nonRecurring": {}, "otherOperatingExpenses": 797400000, "totalOperatingExpenses": 3291600000, "operatingIncome": -3542200000, "totalOtherIncomeExpenseNet": -60600000, "ebit": 0, "interestExpense": {}, "incomeBeforeTax": -3602800000, "incomeTaxExpense": -1219600000, "minorityInterest": {}, "netIncomeFromContinuingOps": -2383200000, "discontinuedOperations": {}, "extraordinaryItems": {}, "effectOfAccountingCharges": {}, "otherItems": {}, "netIncome": -2383200000, "netIncomeApplicableToCommonShares": -2383200000}], "maxAge": 86400}, "cashflowStatementHistoryQuarterly": {"cashflowStatements": [{"maxAge": 1, "endDate": "2020-12-31", "netIncome": -3395500000, "changeToLiabilities": 0}, {"maxAge": 1, "endDate": "2020-09-30", "netIncome": -5744000000, "changeToLiabilities": 0}, {"maxAge": 1, "endDate": "2020-06-30", "netIncome": -1613400000, "changeToLiabilities": 0}, {"maxAge": 1, "endDate": "2020-03-31", "netIncome": -2383200000, "changeToLiabilities": 0}], "maxAge": 86400}, "insiderHolders": {"holders": [{"maxAge": 1, "name": "IDBI Bank Ltd", "relation": "Institution- Corporation", "url": "", "transactionDescription": "Sale", "latestTransDate": "2020-01-08", "positionDirect": 5700000, "positionDirectDate": "2020-01-08"}, {"maxAge": 1, "name": "Reliance Inceptum Pvt Ltd", "relation": "Promoter", "url": "", "transactionDescription": "Acquisition", "latestTransDate": "2019-10-18", "positionDirect": 97312137, "positionDirectDate": "2019-10-18"}], "maxAge": 1}, "calendarEvents": {"maxAge": 1, "earnings": {"earningsDate": []}, "exDividendDate": "2018-09-12 05:30:00"}, "upgradeDowngradeHistory": {"history": [], "maxAge": 86400}, "price": {"maxAge": 1, "regularMarketChangePercent": -0.035714254, "regularMarketChange": -0.099999905, "regularMarketTime": "2021-04-30 15:29:56", "priceHint": 4, "regularMarketPrice": 2.7, "regularMarketDayHigh": 2.85, "regularMarketDayLow": 2.7, "regularMarketVolume": 4801922, "averageDailyVolume10Day": 838524, "averageDailyVolume3Month": 1781645, "regularMarketPreviousClose": 2.8, "regularMarketSource": "FREE_REALTIME", "regularMarketOpen": 2.7, "exchange": "NSI", "exchangeName": "NSE", "exchangeDataDelayedBy": 15, "marketState": "CLOSED", "quoteType": "EQUITY", "symbol": "RHFL.NS", "underlyingSymbol": null, "shortName": "RELIANCE HOME FIN", "longName": "Reliance Home Finance Limited", "currency": "INR", "quoteSourceName": "Delayed Quote", "currencySymbol": "\u20b9", "fromCurrency": null, "lastMarket": null, "marketCap": 1328367616}, "balanceSheetHistory": {"balanceSheetStatements": [{"maxAge": 1, "endDate": "2020-03-31", "cash": 836100000, "netReceivables": 134369600000, "otherCurrentAssets": 4872200000, "totalCurrentAssets": 140077900000, "longTermInvestments": 9507400000, "propertyPlantEquipment": 448400000, "goodWill": 2099600000, "intangibleAssets": 31500000, "otherAssets": 5127100000, "deferredLongTermAssetCharges": 3456100000, "totalAssets": 157291900000, "shortLongTermDebt": 56455200000, "otherCurrentLiab": 204300000, "longTermDebt": 68133200000, "otherLiab": 15200000, "totalCurrentLiabilities": 74476000000, "totalLiab": 142624400000, "commonStock": 4850600000, "retainedEarnings": -1270100000, "treasuryStock": 4483600000, "capitalSurplus": 6603400000, "otherStockholderEquity": 4483600000, "totalStockholderEquity": 14667500000, "netTangibleAssets": 12536400000}, {"maxAge": 1, "endDate": "2019-03-31", "cash": 1058400000, "netReceivables": 168246200000, "otherCurrentAssets": 5604000000, "totalCurrentAssets": 174908600000, "longTermInvestments": 934600000, "propertyPlantEquipment": 475200000, "goodWill": 2099600000, "intangibleAssets": 40200000, "otherAssets": 2796200000, "deferredLongTermAssetCharges": 1555600000, "totalAssets": 181254400000, "shortLongTermDebt": 34640000000, "otherCurrentLiab": 776100000, "longTermDebt": 112604100000, "otherLiab": 22000000, "totalCurrentLiabilities": 50208300000, "totalLiab": 162834400000, "commonStock": 4850600000, "retainedEarnings": 2482400000, "treasuryStock": 4483600000, "capitalSurplus": 6603400000, "otherStockholderEquity": 4483600000, "totalStockholderEquity": 18420000000, "netTangibleAssets": 16280200000}, {"maxAge": 1, "endDate": "2018-03-31", "cash": 589500000, "netReceivables": 146929200000, "otherCurrentAssets": 1137700000, "totalCurrentAssets": 148723200000, "longTermInvestments": 540600000, "propertyPlantEquipment": 478500000, "goodWill": 2099600000, "intangibleAssets": 40200000, "otherAssets": 2195400000, "deferredLongTermAssetCharges": 1543500000, "totalAssets": 154077500000, "shortLongTermDebt": 15666800000, "otherCurrentLiab": 1343100000, "longTermDebt": 105252300000, "otherLiab": 192700000, "totalCurrentLiabilities": 30387300000, "totalLiab": 135832300000, "commonStock": 4850600000, "retainedEarnings": 4342300000, "treasuryStock": 2446100000, "capitalSurplus": 6606200000, "otherStockholderEquity": 2446100000, "totalStockholderEquity": 18245200000, "netTangibleAssets": 16105400000}, {"maxAge": 1, "endDate": "2017-03-31", "cash": 2524900000, "netReceivables": 100697800000, "otherCurrentAssets": 186100000, "totalCurrentAssets": 103408800000, "longTermInvestments": 5077600000, "propertyPlantEquipment": 419400000, "goodWill": 247900000, "intangibleAssets": 9500000, "otherAssets": 4303300000, "deferredLongTermAssetCharges": 1230300000, "totalAssets": 113466500000, "accountsPayable": 47900000, "shortLongTermDebt": 13888100000, "otherCurrentLiab": 718700000, "longTermDebt": 72777800000, "otherLiab": 1095200000, "deferredLongTermLiab": 825700000, "totalCurrentLiabilities": 28297500000, "totalLiab": 102170500000, "commonStock": 1158200000, "retainedEarnings": 5290400000, "treasuryStock": 795600000, "capitalSurplus": 4051800000, "otherStockholderEquity": 795600000, "totalStockholderEquity": 11296000000, "netTangibleAssets": 11038600000}], "maxAge": 86400}, "financialData": {"maxAge": 86400, "currentPrice": 2.7, "recommendationKey": "none", "totalCash": 4110099968, "totalCashPerShare": 8.473, "totalDebt": 133031698432, "totalRevenue": -2844199936, "debtToEquity": 1819.585, "revenuePerShare": -5.868, "grossProfits": 2331900000, "grossMargins": 0.0, "ebitdaMargins": 0.0, "operatingMargins": 7.03059, "profitMargins": 0.0, "financialCurrency": "INR"}}}