{"RIBATEX.BO": {"recommendationTrend": {"trend": [{"period": "0m", "strongBuy": 0, "buy": 0, "hold": 0, "sell": 0, "strongSell": 0}, {"period": "-1m", "strongBuy": 0, "buy": 0, "hold": 0, "sell": 0, "strongSell": 0}, {"period": "-2m", "strongBuy": 0, "buy": 0, "hold": 0, "sell": 0, "strongSell": 0}, {"period": "-3m", "strongBuy": 0, "buy": 0, "hold": 0, "sell": 0, "strongSell": 0}], "maxAge": 86400}, "cashflowStatementHistory": {"cashflowStatements": [{"maxAge": 1, "endDate": "2020-03-31", "netIncome": 67342000, "depreciation": 35145373, "changeToNetincome": 34850560, "changeToAccountReceivables": 38356351, "changeToLiabilities": 0, "changeToInventory": -53852782, "changeToOperatingActivities": -15647334, "totalCashFromOperatingActivities": 106194168, "capitalExpenditures": -71705983, "otherCashflowsFromInvestingActivities": 7111987, "totalCashflowsFromInvestingActivities": -61782210, "netBorrowings": 2304746, "otherCashflowsFromFinancingActivities": -41582543, "totalCashFromFinancingActivities": -39277797, "changeInCash": 5134162}, {"maxAge": 1, "endDate": "2019-03-31", "netIncome": 82104970, "depreciation": 32175870, "changeToNetincome": 31382223, "changeToAccountReceivables": -45949501, "changeToLiabilities": 0, "changeToInventory": 57269046, "changeToOperatingActivities": -16611997, "totalCashFromOperatingActivities": 140370611, "capitalExpenditures": -54519613, "investments": 250000, "otherCashflowsFromInvestingActivities": 19798742, "totalCashflowsFromInvestingActivities": -34222744, "netBorrowings": -54770289, "otherCashflowsFromFinancingActivities": -47823512, "totalCashFromFinancingActivities": -102593801, "changeInCash": 3554066}, {"maxAge": 1, "endDate": "2018-03-31", "netIncome": 52988015, "depreciation": 47200225, "changeToNetincome": 3985828, "changeToAccountReceivables": -38437161, "changeToLiabilities": 0, "changeToInventory": -121757996, "changeToOperatingActivities": -16147076, "totalCashFromOperatingActivities": -72168165, "capitalExpenditures": -69355695, "investments": 250000, "otherCashflowsFromInvestingActivities": 52550322, "totalCashflowsFromInvestingActivities": -13924776, "netBorrowings": 138289223, "otherCashflowsFromFinancingActivities": -45904983, "totalCashFromFinancingActivities": 92384240, "changeInCash": 6291299}, {"maxAge": 1, "endDate": "2017-03-31", "netIncome": 42929293, "depreciation": 27373600, "changeToNetincome": -8284937, "changeToAccountReceivables": 40888438, "changeToLiabilities": 0, "changeToInventory": -32735100, "changeToOperatingActivities": 202765465, "totalCashFromOperatingActivities": 272936759, "capitalExpenditures": -391469517, "investments": 250000, "otherCashflowsFromInvestingActivities": 45642372, "totalCashflowsFromInvestingActivities": -339342814, "netBorrowings": 77977027, "otherCashflowsFromFinancingActivities": -13481399, "totalCashFromFinancingActivities": 64495628, "changeInCash": -1910427}], "maxAge": 86400}, "institutionOwnership": {"maxAge": 1, "ownershipList": []}, "balanceSheetHistoryQuarterly": {"balanceSheetStatements": [{"maxAge": 1, "endDate": "2020-06-30", "totalStockholderEquity": 633022000, "netTangibleAssets": 633022000}, {"maxAge": 1, "endDate": "2020-03-31", "cash": 19972000, "netReceivables": 218391000, "inventory": 194360000, "totalCurrentAssets": 432723000, "propertyPlantEquipment": 763129000, "otherAssets": 11841000, "totalAssets": 1207693000, "accountsPayable": 100228000, "otherCurrentLiab": 32116000, "longTermDebt": 204778000, "totalCurrentLiabilities": 369893000, "totalLiab": 574671000, "commonStock": 96529000, "treasuryStock": 536493000, "otherStockholderEquity": 536493000, "totalStockholderEquity": 633022000, "netTangibleAssets": 633022000}, {"maxAge": 1, "endDate": "2019-12-31", "totalStockholderEquity": 606677000, "netTangibleAssets": 606677000}, {"maxAge": 1, "endDate": "2019-09-30", "cash": 5145000, "netReceivables": 244443000, "inventory": 200816000, "otherCurrentAssets": 231000, "totalCurrentAssets": 450635000, "propertyPlantEquipment": 754268000, "otherAssets": 11977000, "totalAssets": 1216880000, "accountsPayable": 148888000, "otherCurrentLiab": 27650000, "longTermDebt": 190128000, "totalCurrentLiabilities": 420075000, "totalLiab": 610203000, "commonStock": 96529000, "treasuryStock": 510148000, "otherStockholderEquity": 510148000, "totalStockholderEquity": 606677000, "netTangibleAssets": 606677000}], "maxAge": 86400}, "earningsHistory": {"history": [{"maxAge": 1, "epsActual": {}, "epsEstimate": {}, "epsDifference": {}, "surprisePercent": {}, "quarter": {}, "period": "-4q"}, {"maxAge": 1, "epsActual": {}, "epsEstimate": {}, "epsDifference": {}, "surprisePercent": {}, "quarter": {}, "period": "-3q"}, {"maxAge": 1, "epsActual": {}, "epsEstimate": {}, "epsDifference": {}, "surprisePercent": {}, "quarter": {}, "period": "-2q"}, {"maxAge": 1, "epsActual": 2.15, "epsEstimate": 1.72, "epsDifference": 0.43, "surprisePercent": 0.25, "quarter": "2018-03-31", "period": "-1q"}], "maxAge": 86400}, "indexTrend": {"maxAge": 1, "symbol": "SP5", "peRatio": 19.7411, "pegRatio": 1.34172, "estimates": [{"period": "0q", "growth": 0.549}, {"period": "+1q", "growth": 0.431}, {"period": "0y", "growth": 0.305}, {"period": "+1y", "growth": 0.109}, {"period": "+5y", "growth": 0.120859005}, {"period": "-5y"}]}, "industryTrend": {"maxAge": 1, "symbol": null, "estimates": []}, "insiderTransactions": {"transactions": [{"maxAge": 1, "shares": 1200, "filerUrl": "", "transactionText": "", "filerName": "Garg (Ravinder Kumar)", "filerRelation": "Non Executive Chairman", "moneyText": "", "startDate": "2019-12-03", "ownership": "D"}, {"maxAge": 1, "shares": 1250, "filerUrl": "", "transactionText": "", "filerName": "Garg (Ravinder Kumar)", "filerRelation": "Non Executive Chairman", "moneyText": "", "startDate": "2019-11-28", "ownership": "D"}, {"maxAge": 1, "shares": 16000, "filerUrl": "", "transactionText": "", "filerName": "Garg (Asha)", "filerRelation": "Promoter", "moneyText": "", "startDate": "2019-11-22", "ownership": "D"}, {"maxAge": 1, "shares": 17202, "filerUrl": "", "transactionText": "", "filerName": "Garg (Ravinder Kumar)", "filerRelation": "Non Executive Chairman", "moneyText": "", "startDate": "2019-11-19", "ownership": "D"}, {"maxAge": 1, "shares": 18000, "filerUrl": "", "transactionText": "", "filerName": "Garg (Asha)", "filerRelation": "Promoter", "moneyText": "", "startDate": "2019-08-27", "ownership": "D"}, {"maxAge": 1, "shares": 17001, "filerUrl": "", "transactionText": "", "filerName": "Garg (Asha)", "filerRelation": "Promoter", "moneyText": "", "startDate": "2019-08-19", "ownership": "D"}, {"maxAge": 1, "shares": 7255, "filerUrl": "", "transactionText": "", "filerName": "Garg (Asha)", "filerRelation": "Promoter", "moneyText": "", "startDate": "2019-07-01", "ownership": "D"}, {"maxAge": 1, "shares": 24600, "filerUrl": "", "transactionText": "", "filerName": "Garg (Ravinder Kumar)", "filerRelation": "Promoter", "moneyText": "", "startDate": "2019-06-25", "ownership": "D"}, {"maxAge": 1, "shares": 23334, "filerUrl": "", "transactionText": "", "filerName": "Garg (Asha)", "filerRelation": "UNREPORTED", "moneyText": "", "startDate": "2019-06-14", "ownership": "D"}], "maxAge": 1}, "quoteType": {"exchange": "BSE", "quoteType": "EQUITY", "symbol": "RIBATEX.BO", "underlyingSymbol": "RIBATEX.BO", "shortName": "RIBA TEXTILES LTD.", "longName": "Riba Textiles Limited", "firstTradeDateEpochUtc": "2006-10-10 09:15:00", "timeZoneFullName": "Asia/Kolkata", "timeZoneShortName": "IST", "uuid": "79d6383a-8e96-39cc-8e97-28b751e15107", "messageBoardId": null, "gmtOffSetMilliseconds": 19800000, "maxAge": 1}, "incomeStatementHistory": {"incomeStatementHistory": [{"maxAge": 1, "endDate": "2020-03-31", "totalRevenue": 1770485000, "costOfRevenue": 1032056000, "grossProfit": 738429000, "researchDevelopment": {}, "sellingGeneralAdministrative": 70115000, "nonRecurring": {}, "otherOperatingExpenses": 511708000, "totalOperatingExpenses": 1649024000, "operatingIncome": 121461000, "totalOtherIncomeExpenseNet": -34851000, "ebit": 121461000, "interestExpense": -41583000, "incomeBeforeTax": 86610000, "incomeTaxExpense": 19268000, "minorityInterest": {}, "netIncomeFromContinuingOps": 67342000, "discontinuedOperations": {}, "extraordinaryItems": {}, "effectOfAccountingCharges": {}, "otherItems": {}, "netIncome": 67342000, "netIncomeApplicableToCommonShares": 67342000}, {"maxAge": 1, "endDate": "2019-03-31", "totalRevenue": 1968836324, "costOfRevenue": 1169350085, "grossProfit": 799486239, "researchDevelopment": {}, "sellingGeneralAdministrative": 83179823, "nonRecurring": {}, "otherOperatingExpenses": 545033218, "totalOperatingExpenses": 1829738996, "operatingIncome": 139097328, "totalOtherIncomeExpenseNet": -32747372, "ebit": 139097328, "interestExpense": -38035456, "incomeBeforeTax": 106349956, "incomeTaxExpense": 24244986, "minorityInterest": {}, "netIncomeFromContinuingOps": 82104970, "discontinuedOperations": {}, "extraordinaryItems": {}, "effectOfAccountingCharges": {}, "otherItems": {}, "netIncome": 82104970, "netIncomeApplicableToCommonShares": 82104970}, {"maxAge": 1, "endDate": "2018-03-31", "totalRevenue": 1481632878, "costOfRevenue": 828912103, "grossProfit": 652720775, "researchDevelopment": {}, "sellingGeneralAdministrative": 70170593, "nonRecurring": {}, "otherOperatingExpenses": 464431458, "totalOperatingExpenses": 1410714379, "operatingIncome": 70918499, "totalOtherIncomeExpenseNet": -4022458, "ebit": 70918499, "interestExpense": -38230670, "incomeBeforeTax": 66896041, "incomeTaxExpense": 13908026, "minorityInterest": {}, "netIncomeFromContinuingOps": 52988015, "discontinuedOperations": {}, "extraordinaryItems": {}, "effectOfAccountingCharges": {}, "otherItems": {}, "netIncome": 52988015, "netIncomeApplicableToCommonShares": 52988015}, {"maxAge": 1, "endDate": "2017-03-31", "totalRevenue": 1117903870, "costOfRevenue": 669864212, "grossProfit": 448039658, "researchDevelopment": {}, "sellingGeneralAdministrative": 54374340, "nonRecurring": {}, "otherOperatingExpenses": 312847927, "totalOperatingExpenses": 1064460079, "operatingIncome": 53443791, "totalOtherIncomeExpenseNet": 3062006, "ebit": 53443791, "interestExpense": -7447094, "incomeBeforeTax": 56505797, "incomeTaxExpense": 13576504, "minorityInterest": {}, "netIncomeFromContinuingOps": 42929293, "discontinuedOperations": {}, "extraordinaryItems": {}, "effectOfAccountingCharges": {}, "otherItems": {}, "netIncome": 42929293, "netIncomeApplicableToCommonShares": 42929293}], "maxAge": 86400}, "fundOwnership": {"maxAge": 1, "ownershipList": []}, "summaryDetail": {"maxAge": 1, "priceHint": 2, "previousClose": 53.0, "open": 54.0, "dayLow": 50.55, "dayHigh": 54.0, "regularMarketPreviousClose": 53.0, "regularMarketOpen": 54.0, "regularMarketDayLow": 50.55, "regularMarketDayHigh": 54.0, "trailingPE": 6.7939844, "forwardPE": 8.565436, "volume": 19738, "regularMarketVolume": 19738, "averageVolume": 64570, "averageVolume10days": 42800, "averageDailyVolume10Day": 42800, "bid": 49.8, "ask": 54.0, "bidSize": 0, "askSize": 0, "marketCap": 492779008, "fiftyTwoWeekLow": 26.1, "fiftyTwoWeekHigh": 73.0, "fiftyDayAverage": 59.82857, "twoHundredDayAverage": 43.35073, "currency": "INR", "fromCurrency": null, "toCurrency": null, "lastMarket": null, "algorithm": null, "tradeable": false}, "sectorTrend": {"maxAge": 1, "symbol": null, "estimates": []}, "incomeStatementHistoryQuarterly": {"incomeStatementHistory": [{"maxAge": 1, "endDate": "2020-06-30", "totalRevenue": 190878000, "costOfRevenue": 90057000, "grossProfit": 100821000, "researchDevelopment": {}, "sellingGeneralAdministrative": 11545000, "nonRecurring": {}, "otherOperatingExpenses": 53398000, "totalOperatingExpenses": 165533000, "operatingIncome": 25345000, "totalOtherIncomeExpenseNet": -8421000, "ebit": 25345000, "interestExpense": -8653000, "incomeBeforeTax": 16924000, "incomeTaxExpense": 1700000, "minorityInterest": {}, "netIncomeFromContinuingOps": 15224000, "discontinuedOperations": {}, "extraordinaryItems": {}, "effectOfAccountingCharges": {}, "otherItems": {}, "netIncome": 15224000, "netIncomeApplicableToCommonShares": 15224000}, {"maxAge": 1, "endDate": "2020-03-31", "totalRevenue": 526491000, "costOfRevenue": 261833000, "grossProfit": 264658000, "researchDevelopment": {}, "sellingGeneralAdministrative": 17558000, "nonRecurring": {}, "otherOperatingExpenses": 220459000, "totalOperatingExpenses": 508763000, "operatingIncome": 17728000, "totalOtherIncomeExpenseNet": -9535000, "ebit": 17728000, "interestExpense": -10239000, "incomeBeforeTax": 8193000, "incomeTaxExpense": 4024000, "minorityInterest": {}, "netIncomeFromContinuingOps": 4169000, "discontinuedOperations": {}, "extraordinaryItems": {}, "effectOfAccountingCharges": {}, "otherItems": {}, "netIncome": 4169000, "netIncomeApplicableToCommonShares": 4169000}, {"maxAge": 1, "endDate": "2019-12-31", "totalRevenue": 365293000, "costOfRevenue": 262026000, "grossProfit": 103267000, "researchDevelopment": {}, "sellingGeneralAdministrative": 17284000, "nonRecurring": {}, "otherOperatingExpenses": 41745000, "totalOperatingExpenses": 329984000, "operatingIncome": 35309000, "totalOtherIncomeExpenseNet": -8293000, "ebit": 35309000, "interestExpense": -11208000, "incomeBeforeTax": 27016000, "incomeTaxExpense": 4832000, "minorityInterest": {}, "netIncomeFromContinuingOps": 22184000, "discontinuedOperations": {}, "extraordinaryItems": {}, "effectOfAccountingCharges": {}, "otherItems": {}, "netIncome": 22184000, "netIncomeApplicableToCommonShares": 22184000}, {"maxAge": 1, "endDate": "2019-09-30", "totalRevenue": 513295000, "costOfRevenue": 298074000, "grossProfit": 215221000, "researchDevelopment": {}, "sellingGeneralAdministrative": 17390000, "nonRecurring": {}, "otherOperatingExpenses": 140333000, "totalOperatingExpenses": 464539000, "operatingIncome": 48756000, "totalOtherIncomeExpenseNet": -11530000, "ebit": 48756000, "interestExpense": -12091000, "incomeBeforeTax": 37226000, "incomeTaxExpense": 6412000, "minorityInterest": {}, "netIncomeFromContinuingOps": 30814000, "discontinuedOperations": {}, "extraordinaryItems": {}, "effectOfAccountingCharges": {}, "otherItems": {}, "netIncome": 30814000, "netIncomeApplicableToCommonShares": 30814000}], "maxAge": 86400}, "cashflowStatementHistoryQuarterly": {"cashflowStatements": [{"maxAge": 1, "endDate": "2020-06-30", "netIncome": 15224000, "changeToLiabilities": 0}, {"maxAge": 1, "endDate": "2020-03-31", "netIncome": 4169000, "changeToLiabilities": 0}, {"maxAge": 1, "endDate": "2019-12-31", "netIncome": 22184000, "changeToLiabilities": 0}, {"maxAge": 1, "endDate": "2019-09-30", "netIncome": 30814000, "changeToLiabilities": 0}], "maxAge": 86400}, "insiderHolders": {"holders": [{"maxAge": 1, "name": "Garg (Asha)", "relation": "Promoter", "url": "", "transactionDescription": "Acquisition", "latestTransDate": "2019-11-22", "positionDirect": 1764211, "positionDirectDate": "2019-11-22"}, {"maxAge": 1, "name": "Garg (Ravinder Kumar)", "relation": "Non Executive Chairman", "url": "", "transactionDescription": "Acquisition", "latestTransDate": "2019-12-03", "positionDirect": 600044, "positionDirectDate": "2019-12-03"}], "maxAge": 1}, "earnings": {"maxAge": 86400, "earningsChart": {"quarterly": [{"date": "1Q2018", "actual": 2.15, "estimate": 1.72}], "currentQuarterEstimateDate": "2Q", "currentQuarterEstimateYear": 2018, "earningsDate": ["2020-08-31 05:30:S"]}, "financialsChart": {"yearly": [{"date": 2017, "revenue": 1117903870, "earnings": 42929293}, {"date": 2018, "revenue": 1481632878, "earnings": 52988015}, {"date": 2019, "revenue": 1968836324, "earnings": 82104970}, {"date": 2020, "revenue": 1770485000, "earnings": 67342000}], "quarterly": [{"date": "3Q2019", "revenue": 513295000, "earnings": 30814000}, {"date": "4Q2019", "revenue": 365293000, "earnings": 22184000}, {"date": "1Q2020", "revenue": 526491000, "earnings": 4169000}, {"date": "2Q2020", "revenue": 190878000, "earnings": 15224000}]}, "financialCurrency": "INR"}, "calendarEvents": {"maxAge": 1, "earnings": {"earningsDate": ["2020-08-31 05:30:S"], "revenueAverage": 411738000}}, "price": {"maxAge": 1, "regularMarketChangePercent": -0.03679247, "regularMarketChange": -1.9500008, "regularMarketTime": "2021-04-30 15:29:34", "priceHint": 2, "regularMarketPrice": 51.05, "regularMarketDayHigh": 54.0, "regularMarketDayLow": 50.55, "regularMarketVolume": 19738, "averageDailyVolume10Day": 42800, "averageDailyVolume3Month": 64570, "regularMarketPreviousClose": 53.0, "regularMarketSource": "FREE_REALTIME", "regularMarketOpen": 54.0, "exchange": "BSE", "exchangeName": "BSE", "exchangeDataDelayedBy": 0, "marketState": "CLOSED", "quoteType": "EQUITY", "symbol": "RIBATEX.BO", "underlyingSymbol": null, "shortName": "RIBA TEXTILES LTD.", "longName": "Riba Textiles Limited", "currency": "INR", "quoteSourceName": "Delayed Quote", "currencySymbol": "\u20b9", "fromCurrency": null, "toCurrency": null, "lastMarket": null, "marketCap": 492779008}, "balanceSheetHistory": {"balanceSheetStatements": [{"maxAge": 1, "endDate": "2020-03-31", "cash": 19972000, "netReceivables": 218391000, "inventory": 194360000, "totalCurrentAssets": 432723000, "propertyPlantEquipment": 763129000, "otherAssets": 11841000, "totalAssets": 1207693000, "accountsPayable": 100228000, "otherCurrentLiab": 32116000, "longTermDebt": 204778000, "totalCurrentLiabilities": 369893000, "totalLiab": 574671000, "commonStock": 96529000, "treasuryStock": 536493000, "otherStockholderEquity": 536493000, "totalStockholderEquity": 633022000, "netTangibleAssets": 633022000}, {"maxAge": 1, "endDate": "2019-03-31", "cash": 14838178, "shortTermInvestments": 11833023, "netReceivables": 242661245, "inventory": 140506949, "totalCurrentAssets": 409839395, "propertyPlantEquipment": 729380168, "otherAssets": 12221383, "totalAssets": 1151440946, "accountsPayable": 74627017, "otherCurrentLiab": 78351156, "longTermDebt": 202473804, "totalCurrentLiabilities": 383287681, "totalLiab": 585761485, "commonStock": 96528700, "retainedEarnings": 372898096, "treasuryStock": 13783180, "capitalSurplus": 82469485, "otherStockholderEquity": 13783180, "totalStockholderEquity": 565679461, "netTangibleAssets": 565679461}, {"maxAge": 1, "endDate": "2018-03-31", "cash": 11284113, "shortTermInvestments": 71516013, "netReceivables": 226581474, "inventory": 197775995, "totalCurrentAssets": 507157595, "longTermInvestments": 250000, "propertyPlantEquipment": 708384552, "otherAssets": 14478836, "totalAssets": 1230270983, "accountsPayable": 171531598, "otherCurrentLiab": 34477638, "longTermDebt": 257244093, "otherLiab": 1, "totalCurrentLiabilities": 489452398, "totalLiab": 746696492, "commonStock": 96528700, "retainedEarnings": 290793126, "treasuryStock": 13783180, "capitalSurplus": 82469485, "otherStockholderEquity": 13783180, "totalStockholderEquity": 483574491, "netTangibleAssets": 483574491}, {"maxAge": 1, "endDate": "2017-03-31", "cash": 4992813, "shortTermInvestments": 64786118, "netReceivables": 116583294, "inventory": 76018000, "otherCurrentAssets": 40777576, "totalCurrentAssets": 303157801, "longTermInvestments": 250000, "propertyPlantEquipment": 692140845, "otherAssets": 22078836, "totalAssets": 1017627482, "accountsPayable": 152248543, "otherCurrentLiab": 208160812, "longTermDebt": 118954870, "totalCurrentLiabilities": 468086136, "totalLiab": 587041006, "commonStock": 96528700, "retainedEarnings": 237805111, "treasuryStock": 13783180, "capitalSurplus": 82469485, "otherStockholderEquity": 13783180, "totalStockholderEquity": 430586476, "netTangibleAssets": 430586476}], "maxAge": 86400}, "earningsTrend": {"trend": [{"maxAge": 1, "period": "0q", "endDate": "2018-06-30", "growth": {}, "earningsEstimate": {"avg": 0.0, "low": 0.0, "high": 0.0, "yearAgoEps": {}, "numberOfAnalysts": 0, "growth": {}}, "revenueEstimate": {"avg": 411738000, "low": 0, "high": 0, "numberOfAnalysts": 0, "yearAgoRevenue": {}, "growth": {}}, "epsTrend": {"current": 0.0, "7daysAgo": 0.0, "30daysAgo": 0.0, "60daysAgo": 0.0, "90daysAgo": 0.0}, "epsRevisions": {"upLast7days": 0, "upLast30days": 0, "downLast30days": 0, "downLast90days": {}}}, {"maxAge": 1, "period": "+1q", "endDate": "2018-09-30", "growth": {}, "earningsEstimate": {"avg": 0.0, "low": 0.0, "high": 0.0, "yearAgoEps": {}, "numberOfAnalysts": 0, "growth": {}}, "revenueEstimate": {"avg": 523740000, "low": 0, "high": 0, "numberOfAnalysts": 0, "yearAgoRevenue": 402900000, "growth": 0.3}, "epsTrend": {"current": 0.0, "7daysAgo": 0.0, "30daysAgo": 0.0, "60daysAgo": 0.0, "90daysAgo": 0.0}, "epsRevisions": {"upLast7days": 0, "upLast30days": 0, "downLast30days": 0, "downLast90days": {}}}, {"maxAge": 1, "period": "0y", "endDate": "2019-03-31", "growth": {}, "earningsEstimate": {"avg": 0.0, "low": 0.0, "high": 0.0, "yearAgoEps": {}, "numberOfAnalysts": 0, "growth": {}}, "revenueEstimate": {"avg": 1489660000, "low": 1489660000, "high": 1489660000, "numberOfAnalysts": 1, "yearAgoRevenue": {}, "growth": {}}, "epsTrend": {"current": 0.0, "7daysAgo": 5.96, "30daysAgo": 5.96, "60daysAgo": 5.96, "90daysAgo": 5.96}, "epsRevisions": {"upLast7days": 0, "upLast30days": 0, "downLast30days": 0, "downLast90days": {}}}, {"maxAge": 1, "period": "+1y", "endDate": "2020-03-31", "growth": {}, "earningsEstimate": {"avg": 0.0, "low": 0.0, "high": 0.0, "yearAgoEps": {}, "numberOfAnalysts": 0, "growth": {}}, "revenueEstimate": {"avg": 0, "low": 0, "high": 0, "numberOfAnalysts": 0, "yearAgoRevenue": 1489660000, "growth": {}}, "epsTrend": {"current": 0.0, "7daysAgo": 0.0, "30daysAgo": 0.0, "60daysAgo": 0.0, "90daysAgo": 0.0}, "epsRevisions": {"upLast7days": 0, "upLast30days": 0, "downLast30days": 0, "downLast90days": {}}}, {"maxAge": 1, "period": "+5y", "endDate": null, "growth": {}, "earningsEstimate": {"avg": {}, "low": {}, "high": {}, "yearAgoEps": {}, "numberOfAnalysts": {}, "growth": {}}, "revenueEstimate": {"avg": {}, "low": {}, "high": {}, "numberOfAnalysts": {}, "yearAgoRevenue": {}, "growth": {}}, "epsTrend": {"current": {}, "7daysAgo": {}, "30daysAgo": {}, "60daysAgo": {}, "90daysAgo": {}}, "epsRevisions": {"upLast7days": {}, "upLast30days": {}, "downLast30days": {}, "downLast90days": {}}}, {"maxAge": 1, "period": "-5y", "endDate": null, "growth": {}, "earningsEstimate": {"avg": {}, "low": {}, "high": {}, "yearAgoEps": {}, "numberOfAnalysts": {}, "growth": {}}, "revenueEstimate": {"avg": {}, "low": {}, "high": {}, "numberOfAnalysts": {}, "yearAgoRevenue": {}, "growth": {}}, "epsTrend": {"current": {}, "7daysAgo": {}, "30daysAgo": {}, "60daysAgo": {}, "90daysAgo": {}}, "epsRevisions": {"upLast7days": {}, "upLast30days": {}, "downLast30days": {}, "downLast90days": {}}}], "maxAge": 1}, "financialData": {"maxAge": 86400, "currentPrice": 51.05, "recommendationKey": "none", "grossProfits": 738429000, "financialCurrency": "INR"}}}