{"RICHAIND.BO": {"cashflowStatementHistory": {"cashflowStatements": [{"maxAge": 1, "endDate": "2018-03-31", "netIncome": -1058826386, "depreciation": 89438649, "changeToNetincome": 336417139, "changeToAccountReceivables": 908357157, "changeToLiabilities": -635357785, "changeToInventory": 590316816, "totalCashFromOperatingActivities": 231508086, "capitalExpenditures": -116701935, "totalCashflowsFromInvestingActivities": -116236935, "netBorrowings": 194539525, "otherCashflowsFromFinancingActivities": -287150738, "totalCashFromFinancingActivities": -92611213, "changeInCash": 22659939}, {"maxAge": 1, "endDate": "2017-03-31", "netIncome": 29063506, "depreciation": 85767075, "changeToNetincome": 326694842, "changeToAccountReceivables": -411803051, "changeToLiabilities": 88381691, "changeToInventory": 299016197, "totalCashFromOperatingActivities": 417120256, "capitalExpenditures": -40693716, "totalCashflowsFromInvestingActivities": 26126881, "netBorrowings": -212504012, "otherCashflowsFromFinancingActivities": -276072940, "totalCashFromFinancingActivities": -488576952, "changeInCash": -45329812}, {"maxAge": 1, "endDate": "2016-03-31", "netIncome": 105910888, "depreciation": 91688985, "changeToNetincome": 293431879, "changeToAccountReceivables": -562853622, "changeToLiabilities": 372988292, "changeToInventory": -206433978, "totalCashFromOperatingActivities": 94732442, "capitalExpenditures": -27283331, "totalCashflowsFromInvestingActivities": 60639463, "netBorrowings": 98195934, "otherCashflowsFromFinancingActivities": -242146848, "totalCashFromFinancingActivities": -109675814, "changeInCash": 45696090, "issuanceOfStock": 34275100}, {"maxAge": 1, "endDate": "2015-03-31", "netIncome": 72223891, "depreciation": 87819986, "changeToNetincome": 271152443, "changeToAccountReceivables": 308062668, "changeToLiabilities": -199462056, "changeToInventory": -466781829, "totalCashFromOperatingActivities": 73015101, "capitalExpenditures": -17734841, "totalCashflowsFromInvestingActivities": -16788435, "netBorrowings": 201288738, "otherCashflowsFromFinancingActivities": -251390553, "totalCashFromFinancingActivities": -50101815, "changeInCash": 6124852, "issuanceOfStock": 34275100}], "maxAge": 86400}, "institutionOwnership": {"maxAge": 1, "ownershipList": []}, "balanceSheetHistoryQuarterly": {"balanceSheetStatements": [{"maxAge": 1, "endDate": "2018-09-30", "cash": 36109000, "netReceivables": 753877000, "inventory": 597063000, "totalCurrentAssets": 1387049000, "longTermInvestments": 7200000, "propertyPlantEquipment": 1153358000, "totalAssets": 2547607000, "accountsPayable": 541735000, "otherCurrentLiab": 467239000, "longTermDebt": 276018000, "otherLiab": 126561000, "totalCurrentLiabilities": 2944950000, "totalLiab": 3347529000, "commonStock": 234300000, "treasuryStock": -1034222000, "otherStockholderEquity": -1034222000, "totalStockholderEquity": -799922000, "netTangibleAssets": -799922000}, {"maxAge": 1, "endDate": "2018-06-30", "totalStockholderEquity": 240807000, "netTangibleAssets": 238221000}, {"maxAge": 1, "endDate": "2018-03-31", "cash": 86638026, "netReceivables": 485029161, "inventory": 1391744952, "otherCurrentAssets": 193511948, "totalCurrentAssets": 2159231839, "longTermInvestments": 7200000, "propertyPlantEquipment": 1194455851, "intangibleAssets": 2585528, "totalAssets": 3363473218, "accountsPayable": 414133857, "shortLongTermDebt": 80028547, "otherCurrentLiab": 294023716, "longTermDebt": 288057090, "otherLiab": 126560481, "totalCurrentLiabilities": 2708048517, "totalLiab": 3122666088, "commonStock": 234300000, "retainedEarnings": -219026395, "treasuryStock": 2084040, "capitalSurplus": 223449491, "otherStockholderEquity": 2084040, "totalStockholderEquity": 240807136, "netTangibleAssets": 238221608}, {"maxAge": 1, "endDate": "2017-12-31", "totalStockholderEquity": 1245793000, "netTangibleAssets": 1245793000}], "maxAge": 86400}, "indexTrend": {"maxAge": 1, "symbol": "SP5", "peRatio": 19.7411, "pegRatio": 1.34172, "estimates": [{"period": "0q", "growth": 0.549}, {"period": "+1q", "growth": 0.431}, {"period": "0y", "growth": 0.305}, {"period": "+1y", "growth": 0.109}, {"period": "+5y", "growth": 0.120859005}, {"period": "-5y"}]}, "quoteType": {"exchange": "BSE", "quoteType": "EQUITY", "symbol": "RICHAIND.BO", "underlyingSymbol": "RICHAIND.BO", "shortName": "RICHA INDUSTRIES LTD.", "longName": "Richa Industries Limited", "firstTradeDateEpochUtc": "2006-10-12 09:15:00", "timeZoneFullName": "Asia/Kolkata", "timeZoneShortName": "IST", "uuid": "bd2938ff-a43a-367c-84a8-2e7334dac6d0", "messageBoardId": null, "gmtOffSetMilliseconds": 19800000, "maxAge": 1}, "incomeStatementHistory": {"incomeStatementHistory": [{"maxAge": 1, "endDate": "2018-03-31", "totalRevenue": 1924589541, "costOfRevenue": 2187796071, "grossProfit": -263206530, "researchDevelopment": {}, "sellingGeneralAdministrative": 171280600, "nonRecurring": {}, "otherOperatingExpenses": 178063131, "totalOperatingExpenses": 2651265928, "operatingIncome": -726676387, "totalOtherIncomeExpenseNet": -307065906, "ebit": -726676387, "interestExpense": -288569551, "incomeBeforeTax": -1033742293, "incomeTaxExpense": 25084093, "minorityInterest": {}, "netIncomeFromContinuingOps": -1058826386, "discontinuedOperations": {}, "extraordinaryItems": {}, "effectOfAccountingCharges": {}, "otherItems": {}, "netIncome": -1058826386, "netIncomeApplicableToCommonShares": -1058826386}, {"maxAge": 1, "endDate": "2017-03-31", "totalRevenue": 5064103771, "costOfRevenue": 3893639412, "grossProfit": 1170464359, "researchDevelopment": {}, "sellingGeneralAdministrative": 202644026, "nonRecurring": {}, "otherOperatingExpenses": 514518455, "totalOperatingExpenses": 4734652150, "operatingIncome": 329451621, "totalOtherIncomeExpenseNet": -289593521, "ebit": 329451621, "interestExpense": -281000817, "incomeBeforeTax": 39858100, "incomeTaxExpense": 10794594, "minorityInterest": {}, "netIncomeFromContinuingOps": 29063506, "discontinuedOperations": {}, "extraordinaryItems": {}, "effectOfAccountingCharges": {}, "otherItems": {}, "netIncome": 29063506, "netIncomeApplicableToCommonShares": 29063506}, {"maxAge": 1, "endDate": "2016-03-31", "totalRevenue": 4800650251, "costOfRevenue": 3710500225, "grossProfit": 1090150026, "researchDevelopment": {}, "sellingGeneralAdministrative": 198964343, "nonRecurring": {}, "otherOperatingExpenses": 373677543, "totalOperatingExpenses": 4402654166, "operatingIncome": 397996085, "totalOtherIncomeExpenseNet": -261822593, "ebit": 397996085, "interestExpense": -242146848, "incomeBeforeTax": 136173492, "incomeTaxExpense": 30262604, "minorityInterest": {}, "netIncomeFromContinuingOps": 105910888, "discontinuedOperations": {}, "extraordinaryItems": {}, "effectOfAccountingCharges": {}, "otherItems": {}, "netIncome": 105910888, "netIncomeApplicableToCommonShares": 105910888}, {"maxAge": 1, "endDate": "2015-03-31", "totalRevenue": 3023119737, "costOfRevenue": 2049071854, "grossProfit": 974047883, "researchDevelopment": {}, "sellingGeneralAdministrative": 179886895, "nonRecurring": {}, "otherOperatingExpenses": 333690362, "totalOperatingExpenses": 2655277929, "operatingIncome": 367841808, "totalOtherIncomeExpenseNet": -282376875, "ebit": 367841808, "interestExpense": -251390553, "incomeBeforeTax": 85464933, "incomeTaxExpense": 13241042, "minorityInterest": {}, "netIncomeFromContinuingOps": 72223891, "discontinuedOperations": {}, "extraordinaryItems": {}, "effectOfAccountingCharges": {}, "otherItems": {}, "netIncome": 72223891, "netIncomeApplicableToCommonShares": 72223891}], "maxAge": 86400}, "fundOwnership": {"maxAge": 1, "ownershipList": []}, "summaryDetail": {"maxAge": 1, "priceHint": 4, "previousClose": 0.56, "open": 0.56, "dayLow": 0.54, "dayHigh": 0.56, "regularMarketPreviousClose": 0.56, "regularMarketOpen": 0.56, "regularMarketDayLow": 0.54, "regularMarketDayHigh": 0.56, "volume": 1200, "regularMarketVolume": 1200, "averageVolume": 8590, "averageVolume10days": 5643, "averageDailyVolume10Day": 5643, "bid": 0.54, "ask": 0.0, "bidSize": 0, "askSize": 0, "marketCap": 12652201, "fiftyTwoWeekLow": 0.31, "fiftyTwoWeekHigh": 0.92, "fiftyDayAverage": 0.74142855, "twoHundredDayAverage": 0.74751824, "currency": "INR", "fromCurrency": null, "toCurrency": null, "lastMarket": null, "algorithm": null, "tradeable": false}, "incomeStatementHistoryQuarterly": {"incomeStatementHistory": [{"maxAge": 1, "endDate": "2018-09-30", "totalRevenue": 296599000, "costOfRevenue": 817784000, "grossProfit": -521185000, "researchDevelopment": {}, "sellingGeneralAdministrative": 33677000, "nonRecurring": {}, "otherOperatingExpenses": 59244000, "totalOperatingExpenses": 933215000, "operatingIncome": -636616000, "totalOtherIncomeExpenseNet": -352281000, "ebit": -636616000, "interestExpense": -9806000, "incomeBeforeTax": -988897000, "incomeTaxExpense": 0, "minorityInterest": {}, "netIncomeFromContinuingOps": -988897000, "discontinuedOperations": {}, "extraordinaryItems": {}, "effectOfAccountingCharges": {}, "otherItems": {}, "netIncome": -988897000, "netIncomeApplicableToCommonShares": -988897000}, {"maxAge": 1, "endDate": "2018-06-30", "totalRevenue": 252324000, "costOfRevenue": 167109000, "grossProfit": 85215000, "researchDevelopment": {}, "sellingGeneralAdministrative": 35128000, "nonRecurring": {}, "otherOperatingExpenses": 50440000, "totalOperatingExpenses": 275327000, "operatingIncome": -23003000, "totalOtherIncomeExpenseNet": -28828000, "ebit": -23003000, "interestExpense": -29567000, "incomeBeforeTax": -51831000, "incomeTaxExpense": 0, "minorityInterest": {}, "netIncomeFromContinuingOps": -51831000, "discontinuedOperations": {}, "extraordinaryItems": {}, "effectOfAccountingCharges": {}, "otherItems": {}, "netIncome": -51831000, "netIncomeApplicableToCommonShares": -51831000}, {"maxAge": 1, "endDate": "2018-03-31", "totalRevenue": 330926541, "costOfRevenue": 701752071, "grossProfit": -370825530, "researchDevelopment": {}, "sellingGeneralAdministrative": 33520600, "nonRecurring": {}, "otherOperatingExpenses": -2537869, "totalOperatingExpenses": 782429928, "operatingIncome": -451503387, "totalOtherIncomeExpenseNet": -84736906, "ebit": -451503387, "interestExpense": -50692551, "incomeBeforeTax": -536240293, "incomeTaxExpense": 25084093, "minorityInterest": {}, "netIncomeFromContinuingOps": -561324386, "discontinuedOperations": {}, "extraordinaryItems": {}, "effectOfAccountingCharges": {}, "otherItems": {}, "netIncome": -561324386, "netIncomeApplicableToCommonShares": -561324386}, {"maxAge": 1, "endDate": "2017-12-31", "totalRevenue": 362013000, "costOfRevenue": 605729000, "grossProfit": -243716000, "researchDevelopment": {}, "sellingGeneralAdministrative": 43039000, "nonRecurring": {}, "otherOperatingExpenses": 57361000, "totalOperatingExpenses": 727606000, "operatingIncome": -365593000, "totalOtherIncomeExpenseNet": -82787000, "ebit": -365593000, "interestExpense": -83449000, "incomeBeforeTax": -448380000, "incomeTaxExpense": 0, "minorityInterest": {}, "netIncomeFromContinuingOps": -448380000, "discontinuedOperations": {}, "extraordinaryItems": {}, "effectOfAccountingCharges": {}, "otherItems": {}, "netIncome": -448380000, "netIncomeApplicableToCommonShares": -448380000}], "maxAge": 86400}, "cashflowStatementHistoryQuarterly": {"cashflowStatements": [{"maxAge": 1, "endDate": "2018-09-30", "netIncome": -988897000, "changeToLiabilities": 0}, {"maxAge": 1, "endDate": "2018-06-30", "netIncome": -51831000, "changeToLiabilities": 0}, {"maxAge": 1, "endDate": "2018-03-31", "netIncome": -561324386, "changeToLiabilities": 0}, {"maxAge": 1, "endDate": "2017-12-31", "netIncome": -448380000, "changeToLiabilities": 0}], "maxAge": 86400}, "insiderHolders": {"holders": [], "maxAge": 1}, "calendarEvents": {"maxAge": 1, "earnings": {"earningsDate": []}}, "price": {"maxAge": 1, "regularMarketChangePercent": -0.03571425, "regularMarketChange": -0.01999998, "regularMarketTime": "2021-04-30 11:41:56", "priceHint": 4, "regularMarketPrice": 0.54, "regularMarketDayHigh": 0.56, "regularMarketDayLow": 0.54, "regularMarketVolume": 1200, "averageDailyVolume10Day": 5643, "averageDailyVolume3Month": 8590, "regularMarketPreviousClose": 0.56, "regularMarketSource": "FREE_REALTIME", "regularMarketOpen": 0.56, "exchange": "BSE", "exchangeName": "BSE", "exchangeDataDelayedBy": 0, "marketState": "CLOSED", "quoteType": "EQUITY", "symbol": "RICHAIND.BO", "underlyingSymbol": null, "shortName": "RICHA INDUSTRIES LTD.", "longName": "Richa Industries Limited", "currency": "INR", "quoteSourceName": "Delayed Quote", "currencySymbol": "\u20b9", "fromCurrency": null, "toCurrency": null, "lastMarket": null, "marketCap": 12652201}, "balanceSheetHistory": {"balanceSheetStatements": [{"maxAge": 1, "endDate": "2018-03-31", "cash": 86638026, "netReceivables": 485029161, "inventory": 1391744952, "otherCurrentAssets": 193511948, "totalCurrentAssets": 2159231839, "longTermInvestments": 7200000, "propertyPlantEquipment": 1194455851, "intangibleAssets": 2585528, "totalAssets": 3363473218, "accountsPayable": 414133857, "shortLongTermDebt": 80028547, "otherCurrentLiab": 294023716, "longTermDebt": 288057090, "otherLiab": 126560481, "totalCurrentLiabilities": 2708048517, "totalLiab": 3122666088, "commonStock": 234300000, "retainedEarnings": -219026395, "treasuryStock": 2084040, "capitalSurplus": 223449491, "otherStockholderEquity": 2084040, "totalStockholderEquity": 240807136, "netTangibleAssets": 238221608}, {"maxAge": 1, "endDate": "2017-03-31", "cash": 63978086, "netReceivables": 1417158511, "inventory": 1982061770, "otherCurrentAssets": 191563391, "totalCurrentAssets": 3658770853, "longTermInvestments": 7200000, "propertyPlantEquipment": 1168506949, "intangibleAssets": 3673178, "totalAssets": 4838150980, "accountsPayable": 908604262, "shortLongTermDebt": 145436624, "otherCurrentLiab": 418268221, "longTermDebt": 170981882, "otherLiab": 277694956, "totalCurrentLiabilities": 3089840620, "totalLiab": 3538517458, "commonStock": 234300000, "retainedEarnings": 839799994, "treasuryStock": 2084040, "capitalSurplus": 223449491, "otherStockholderEquity": 2084040, "totalStockholderEquity": 1299633525, "netTangibleAssets": 1295960347}, {"maxAge": 1, "endDate": "2016-03-31", "cash": 109307899, "netReceivables": 1103851798, "inventory": 2281077966, "otherCurrentAssets": 132079366, "totalCurrentAssets": 3629396994, "longTermInvestments": 7200000, "propertyPlantEquipment": 1280907634, "intangibleAssets": 4872103, "totalAssets": 4922376731, "accountsPayable": 917946908, "shortLongTermDebt": 141986265, "otherCurrentLiab": 372973909, "longTermDebt": 354608505, "otherLiab": 304681831, "totalCurrentLiabilities": 2992516378, "totalLiab": 3651806714, "commonStock": 234300000, "retainedEarnings": 810736491, "treasuryStock": 2084040, "capitalSurplus": 223449491, "otherStockholderEquity": 2084040, "totalStockholderEquity": 1270570022, "netTangibleAssets": 1265697919}, {"maxAge": 1, "endDate": "2015-03-31", "cash": 63611808, "netReceivables": 604578201, "inventory": 2074643988, "otherCurrentAssets": 86491475, "totalCurrentAssets": 2832890110, "longTermInvestments": 7200000, "propertyPlantEquipment": 1425957202, "intangibleAssets": 6196178, "totalAssets": 4272243490, "accountsPayable": 531738006, "shortLongTermDebt": 148435051, "otherCurrentLiab": 406543280, "longTermDebt": 484885792, "otherLiab": 274102390, "totalCurrentLiabilities": 2382871281, "totalLiab": 3141859463, "commonStock": 223150000, "retainedEarnings": 704825604, "treasuryStock": 2084040, "capitalSurplus": 200324391, "otherStockholderEquity": 2084040, "totalStockholderEquity": 1130384035, "netTangibleAssets": 1124187857}], "maxAge": 86400}, "financialData": {"maxAge": 86400, "currentPrice": 0.54, "recommendationKey": "none", "grossProfits": -263206530, "financialCurrency": "INR"}}}