{"RIDDHICORP.BO": {"cashflowStatementHistory": {"cashflowStatements": [{"maxAge": 1, "endDate": "2020-03-31", "netIncome": 14486000, "depreciation": 3517000, "changeToNetincome": 4920000, "changeToAccountReceivables": -26348000, "changeToLiabilities": -3013000, "changeToInventory": 5020000, "changeToOperatingActivities": -3036000, "totalCashFromOperatingActivities": -4454000, "capitalExpenditures": -9368000, "investments": 85838000, "otherCashflowsFromInvestingActivities": 49047000, "totalCashflowsFromInvestingActivities": 92964000, "netBorrowings": -54720000, "otherCashflowsFromFinancingActivities": -5225000, "totalCashFromFinancingActivities": -59945000, "changeInCash": 28565000}, {"maxAge": 1, "endDate": "2019-03-31", "netIncome": 5401772, "depreciation": 3005569, "changeToNetincome": -9373828, "changeToAccountReceivables": 2436547, "changeToLiabilities": -13886751, "changeToInventory": -5019824, "changeToOperatingActivities": 80897166, "totalCashFromOperatingActivities": 64298604, "capitalExpenditures": -6832448, "investments": 9663390, "otherCashflowsFromInvestingActivities": 15197091, "totalCashflowsFromInvestingActivities": 18038003, "dividendsPaid": -650000, "netBorrowings": -12390040, "otherCashflowsFromFinancingActivities": -5690144, "totalCashFromFinancingActivities": -18730184, "changeInCash": 63606423}, {"maxAge": 1, "endDate": "2018-03-31", "netIncome": 6505225, "depreciation": 4284767, "changeToNetincome": -9871056, "changeToAccountReceivables": 106037584, "changeToLiabilities": -68304581, "changeToInventory": -5019824, "changeToOperatingActivities": -69371872, "totalCashFromOperatingActivities": -30719933, "capitalExpenditures": -4860441, "investments": -143303711, "otherCashflowsFromInvestingActivities": 13660705, "totalCashflowsFromInvestingActivities": -134983477, "dividendsPaid": -650000, "netBorrowings": 73225101, "otherCashflowsFromFinancingActivities": -23780831, "totalCashFromFinancingActivities": 172944270, "changeInCash": 7240860, "issuanceOfStock": 123500000}, {"maxAge": 1, "endDate": "2017-03-31", "netIncome": 24187832, "depreciation": 5168209, "changeToNetincome": 80985222, "changeToAccountReceivables": -149539224, "changeToLiabilities": 24143859, "changeToInventory": -5019824, "changeToOperatingActivities": 8423895, "totalCashFromOperatingActivities": -6630207, "capitalExpenditures": -1914534, "investments": -4832383, "otherCashflowsFromInvestingActivities": 6767070, "totalCashflowsFromInvestingActivities": 101694, "dividendsPaid": -650000, "netBorrowings": 4629692, "otherCashflowsFromFinancingActivities": -160878, "totalCashFromFinancingActivities": 4468814, "changeInCash": -2059699, "issuanceOfStock": 123500000}], "maxAge": 86400}, "institutionOwnership": {"ownershipList": [], "maxAge": 1}, "balanceSheetHistoryQuarterly": {"balanceSheetStatements": [{"maxAge": 1, "endDate": "2020-06-30", "totalStockholderEquity": 250899000, "netTangibleAssets": 250899000}, {"maxAge": 1, "endDate": "2020-03-31", "cash": 102729000, "netReceivables": 96593000, "totalCurrentAssets": 199322000, "longTermInvestments": 139793000, "propertyPlantEquipment": 20298000, "otherAssets": 43936000, "deferredLongTermAssetCharges": 1759000, "totalAssets": 403349000, "accountsPayable": 13216000, "shortLongTermDebt": 47683000, "otherCurrentLiab": 73033000, "longTermDebt": 136000, "otherLiab": 18382000, "totalCurrentLiabilities": 133932000, "totalLiab": 152450000, "commonStock": 113750000, "treasuryStock": 137149000, "otherStockholderEquity": 137149000, "totalStockholderEquity": 250899000, "netTangibleAssets": 250899000}, {"maxAge": 1, "endDate": "2019-12-31", "totalStockholderEquity": 249607000, "netTangibleAssets": 246400000}, {"maxAge": 1, "endDate": "2019-09-30", "cash": 27867000, "netReceivables": 52716000, "inventory": 1029000, "otherCurrentAssets": 36589000, "totalCurrentAssets": 118201000, "longTermInvestments": 234866000, "propertyPlantEquipment": 10635000, "goodWill": 490000, "intangibleAssets": 2717000, "otherAssets": 36237000, "deferredLongTermAssetCharges": 5539000, "totalAssets": 403146000, "accountsPayable": 9579000, "otherCurrentLiab": 80435000, "longTermDebt": 136000, "otherLiab": 4510000, "minorityInterest": 1619000, "totalCurrentLiabilities": 147274000, "totalLiab": 151920000, "commonStock": 113750000, "treasuryStock": 135857000, "otherStockholderEquity": 135857000, "totalStockholderEquity": 249607000, "netTangibleAssets": 246400000}], "maxAge": 86400}, "indexTrend": {"maxAge": 1, "symbol": "SP5", "peRatio": 19.7411, "pegRatio": 1.34172, "estimates": [{"period": "0q", "growth": 0.549}, {"period": "+1q", "growth": 0.431}, {"period": "0y", "growth": 0.305}, {"period": "+1y", "growth": 0.109}, {"period": "+5y", "growth": 0.120859005}, {"period": "-5y"}]}, "quoteType": {"exchange": "BSE", "quoteType": "EQUITY", "symbol": "RIDDHICORP.BO", "underlyingSymbol": "RIDDHICORP.BO", "shortName": "Riddhi Corporate Services Limi", "longName": "Riddhi Corporate Services Limited", "firstTradeDateEpochUtc": "2017-06-23 09:15:00", "timeZoneFullName": "Asia/Kolkata", "timeZoneShortName": "IST", "uuid": "977aeb5c-0eab-34c3-9714-5562d58343c1", "gmtOffSetMilliseconds": 19800000, "maxAge": 1}, "incomeStatementHistory": {"incomeStatementHistory": [{"maxAge": 1, "endDate": "2020-03-31", "totalRevenue": 814699000, "costOfRevenue": 707301000, "grossProfit": 107398000, "researchDevelopment": {}, "sellingGeneralAdministrative": {}, "nonRecurring": {}, "otherOperatingExpenses": 71746000, "totalOperatingExpenses": 782564000, "operatingIncome": 32135000, "totalOtherIncomeExpenseNet": 3522000, "ebit": 32135000, "interestExpense": -5225000, "incomeBeforeTax": 35657000, "incomeTaxExpense": 21171000, "minorityInterest": {}, "netIncomeFromContinuingOps": 14486000, "discontinuedOperations": {}, "extraordinaryItems": {}, "effectOfAccountingCharges": {}, "otherItems": {}, "netIncome": 14486000, "netIncomeApplicableToCommonShares": 14486000}, {"maxAge": 1, "endDate": "2019-03-31", "totalRevenue": 595407877, "costOfRevenue": 528511738, "grossProfit": 66896139, "researchDevelopment": {}, "sellingGeneralAdministrative": 15439228, "nonRecurring": {}, "otherOperatingExpenses": 36443076, "totalOperatingExpenses": 584101470, "operatingIncome": 11306407, "totalOtherIncomeExpenseNet": 885058, "ebit": 11306407, "interestExpense": -7813464, "incomeBeforeTax": 12191465, "incomeTaxExpense": 8096284, "minorityInterest": 294145, "netIncomeFromContinuingOps": 4095181, "discontinuedOperations": {}, "extraordinaryItems": {}, "effectOfAccountingCharges": {}, "otherItems": {}, "netIncome": 5401772, "netIncomeApplicableToCommonShares": 5401772}, {"maxAge": 1, "endDate": "2018-03-31", "totalRevenue": 202048068, "costOfRevenue": 143059323, "grossProfit": 58988745, "researchDevelopment": {}, "sellingGeneralAdministrative": 20034502, "nonRecurring": {}, "otherOperatingExpenses": 28479677, "totalOperatingExpenses": 195858269, "operatingIncome": 6189799, "totalOtherIncomeExpenseNet": 4600271, "ebit": 6189799, "interestExpense": -7234567, "incomeBeforeTax": 10790070, "incomeTaxExpense": 4338569, "minorityInterest": 1600736, "netIncomeFromContinuingOps": 6451501, "discontinuedOperations": {}, "extraordinaryItems": {}, "effectOfAccountingCharges": {}, "otherItems": {}, "netIncome": 6505225, "netIncomeApplicableToCommonShares": 6505225}, {"maxAge": 1, "endDate": "2017-03-31", "totalRevenue": 675774401, "costOfRevenue": 477102395, "grossProfit": 198672006, "researchDevelopment": {}, "sellingGeneralAdministrative": 32373728, "nonRecurring": {}, "otherOperatingExpenses": 121331456, "totalOperatingExpenses": 635975788, "operatingIncome": 39798613, "totalOtherIncomeExpenseNet": 937415, "ebit": 39798613, "interestExpense": -5859603, "incomeBeforeTax": 40736028, "incomeTaxExpense": 16629737, "minorityInterest": 1654459, "netIncomeFromContinuingOps": 24106291, "discontinuedOperations": {}, "extraordinaryItems": {}, "effectOfAccountingCharges": {}, "otherItems": {}, "netIncome": 24187832, "netIncomeApplicableToCommonShares": 24187832}], "maxAge": 86400}, "fundOwnership": {"ownershipList": [], "maxAge": 1}, "summaryDetail": {"maxAge": 1, "priceHint": 2, "previousClose": 165.6, "open": 165.6, "dayLow": 165.6, "dayHigh": 165.6, "regularMarketPreviousClose": 165.6, "regularMarketOpen": 165.6, "regularMarketDayLow": 165.6, "regularMarketDayHigh": 165.6, "trailingPE": 112.65306, "volume": 1, "regularMarketVolume": 1, "averageVolume": 901, "averageVolume10days": 0, "averageDailyVolume10Day": 0, "bid": 165.25, "ask": 165.5, "marketCap": 1883700096, "fiftyTwoWeekLow": 109.5, "fiftyTwoWeekHigh": 203.0, "fiftyDayAverage": 166.12727, "twoHundredDayAverage": 161.18896, "trailingAnnualDividendRate": 0.2, "trailingAnnualDividendYield": 0.0012077295, "currency": "INR", "fromCurrency": null, "lastMarket": null, "algorithm": null, "tradeable": false}, "incomeStatementHistoryQuarterly": {"incomeStatementHistory": [{"maxAge": 1, "endDate": "2020-06-30", "totalRevenue": 161124000, "costOfRevenue": 149252000, "grossProfit": 11872000, "researchDevelopment": {}, "sellingGeneralAdministrative": {}, "nonRecurring": {}, "otherOperatingExpenses": 6588000, "totalOperatingExpenses": 159359000, "operatingIncome": 1765000, "totalOtherIncomeExpenseNet": 8918000, "ebit": 1765000, "interestExpense": -1063000, "incomeBeforeTax": 10683000, "incomeTaxExpense": 2689000, "minorityInterest": {}, "netIncomeFromContinuingOps": 7994000, "discontinuedOperations": {}, "extraordinaryItems": {}, "effectOfAccountingCharges": {}, "otherItems": {}, "netIncome": 7994000, "netIncomeApplicableToCommonShares": 7994000}, {"maxAge": 1, "endDate": "2020-03-31", "totalRevenue": 213033000, "costOfRevenue": 190052000, "grossProfit": 22981000, "researchDevelopment": {}, "sellingGeneralAdministrative": {}, "nonRecurring": {}, "otherOperatingExpenses": 22293000, "totalOperatingExpenses": 213361000, "operatingIncome": -328000, "totalOtherIncomeExpenseNet": -3158000, "ebit": -328000, "interestExpense": -1399000, "incomeBeforeTax": -3486000, "incomeTaxExpense": 11221000, "minorityInterest": {}, "netIncomeFromContinuingOps": -14707000, "discontinuedOperations": {}, "extraordinaryItems": {}, "effectOfAccountingCharges": {}, "otherItems": {}, "netIncome": -14707000, "netIncomeApplicableToCommonShares": -14707000}, {"maxAge": 1, "endDate": "2019-12-31", "totalRevenue": 216097000, "costOfRevenue": 175008000, "grossProfit": 41089000, "researchDevelopment": {}, "sellingGeneralAdministrative": {}, "nonRecurring": {}, "otherOperatingExpenses": 18677000, "totalOperatingExpenses": 194847000, "operatingIncome": 21250000, "totalOtherIncomeExpenseNet": 2355000, "ebit": 21250000, "interestExpense": -1398000, "incomeBeforeTax": 23605000, "incomeTaxExpense": 5941000, "minorityInterest": {}, "netIncomeFromContinuingOps": 17664000, "discontinuedOperations": {}, "extraordinaryItems": {}, "effectOfAccountingCharges": {}, "otherItems": {}, "netIncome": 17663000, "netIncomeApplicableToCommonShares": 17663000}, {"maxAge": 1, "endDate": "2019-09-30", "totalRevenue": 209242000, "costOfRevenue": 171361000, "grossProfit": 37881000, "researchDevelopment": {}, "sellingGeneralAdministrative": {}, "nonRecurring": {}, "otherOperatingExpenses": 11599000, "totalOperatingExpenses": 184299000, "operatingIncome": 24943000, "totalOtherIncomeExpenseNet": 2659000, "ebit": 24943000, "interestExpense": -1330000, "incomeBeforeTax": 27602000, "incomeTaxExpense": 4682000, "minorityInterest": 1619000, "netIncomeFromContinuingOps": 22920000, "discontinuedOperations": {}, "extraordinaryItems": {}, "effectOfAccountingCharges": {}, "otherItems": {}, "netIncome": 22899000, "netIncomeApplicableToCommonShares": 22899000}], "maxAge": 86400}, "cashflowStatementHistoryQuarterly": {"cashflowStatements": [{"maxAge": 1, "endDate": "2020-06-30", "netIncome": 7994000, "changeToLiabilities": 0}, {"maxAge": 1, "endDate": "2020-03-31", "netIncome": -14707000, "changeToLiabilities": 0}, {"maxAge": 1, "endDate": "2019-12-31", "netIncome": 17663000, "changeToLiabilities": 0}, {"maxAge": 1, "endDate": "2019-09-30", "netIncome": 22899000, "depreciation": 669500, "changeToNetincome": -2592500, "changeToAccountReceivables": 4429000, "changeToLiabilities": -3310500, "changeToInventory": 1995000, "changeToOperatingActivities": -8447500, "totalCashFromOperatingActivities": 7266000, "capitalExpenditures": -121500, "investments": -1193500, "otherCashflowsFromInvestingActivities": -2703500, "totalCashflowsFromInvestingActivities": -6628000, "netBorrowings": -22572000, "otherCashflowsFromFinancingActivities": -1214000, "totalCashFromFinancingActivities": -23786000, "changeInCash": -23148000}], "maxAge": 86400}, "insiderHolders": {"holders": [], "maxAge": 1}, "calendarEvents": {"maxAge": 1, "earnings": {"earningsDate": []}}, "upgradeDowngradeHistory": {"history": [], "maxAge": 86400}, "price": {"maxAge": 1, "regularMarketChangePercent": 0.0, "regularMarketChange": 0.0, "regularMarketTime": "2021-04-28 15:28:36", "priceHint": 2, "regularMarketPrice": 165.6, "regularMarketDayHigh": 165.6, "regularMarketDayLow": 165.6, "regularMarketVolume": 1, "averageDailyVolume10Day": 0, "averageDailyVolume3Month": 901, "regularMarketPreviousClose": 165.6, "regularMarketSource": "FREE_REALTIME", "regularMarketOpen": 165.6, "exchange": "BSE", "exchangeName": "BSE", "exchangeDataDelayedBy": 0, "marketState": "CLOSED", "quoteType": "EQUITY", "symbol": "RIDDHICORP.BO", "underlyingSymbol": null, "shortName": "Riddhi Corporate Services Limi", "longName": "Riddhi Corporate Services Limited", "currency": "INR", "quoteSourceName": "Delayed Quote", "currencySymbol": "\u20b9", "fromCurrency": null, "lastMarket": null, "marketCap": 1883700096}, "balanceSheetHistory": {"balanceSheetStatements": [{"maxAge": 1, "endDate": "2020-03-31", "cash": 102729000, "netReceivables": 96593000, "totalCurrentAssets": 199322000, "longTermInvestments": 139793000, "propertyPlantEquipment": 20298000, "otherAssets": 43936000, "deferredLongTermAssetCharges": 1759000, "totalAssets": 403349000, "accountsPayable": 13216000, "shortLongTermDebt": 47683000, "otherCurrentLiab": 73033000, "longTermDebt": 136000, "otherLiab": 18382000, "totalCurrentLiabilities": 133932000, "totalLiab": 152450000, "commonStock": 113750000, "treasuryStock": 137149000, "otherStockholderEquity": 137149000, "totalStockholderEquity": 250899000, "netTangibleAssets": 250899000}, {"maxAge": 1, "endDate": "2019-03-31", "cash": 74163465, "shortTermInvestments": 224108157, "netReceivables": 57072447, "inventory": 5019824, "otherCurrentAssets": 31980756, "totalCurrentAssets": 392346357, "longTermInvestments": 8371711, "propertyPlantEquipment": 11539285, "intangibleAssets": 3398512, "otherAssets": 25477031, "totalAssets": 441132896, "accountsPayable": 28494071, "shortLongTermDebt": 397299, "otherCurrentLiab": 55369299, "longTermDebt": 81741528, "otherLiab": -104027, "minorityInterest": 294145, "totalCurrentLiabilities": 121597802, "totalLiab": 203235303, "commonStock": 113750000, "retainedEarnings": 91103448, "capitalSurplus": 32750000, "totalStockholderEquity": 237603448, "netTangibleAssets": 234204936}, {"maxAge": 1, "endDate": "2018-03-31", "cash": 10557042, "shortTermInvestments": 242143258, "netReceivables": 59980576, "otherCurrentAssets": 33039039, "totalCurrentAssets": 345878610, "propertyPlantEquipment": 11626727, "goodWill": 480030, "otherAssets": 26831623, "totalAssets": 384816990, "accountsPayable": 42380822, "otherCurrentLiab": 1731346, "longTermDebt": 94131568, "otherLiab": -257923, "minorityInterest": 1600736, "totalCurrentLiabilities": 56083982, "totalLiab": 149957627, "commonStock": 32500000, "retainedEarnings": 86758627, "capitalSurplus": 114000000, "totalStockholderEquity": 233258627, "netTangibleAssets": 232778597}, {"maxAge": 1, "endDate": "2017-03-31", "cash": 3316181, "shortTermInvestments": 98839547, "netReceivables": 165013315, "otherCurrentAssets": 9653480, "totalCurrentAssets": 276822523, "propertyPlantEquipment": 11051056, "otherAssets": 6675015, "totalAssets": 294548594, "accountsPayable": 110685403, "shortLongTermDebt": 717061, "otherCurrentLiab": 21799756, "longTermDebt": 20906467, "otherLiab": -477072, "minorityInterest": 1654459, "totalCurrentLiabilities": 169211337, "totalLiab": 189640732, "commonStock": 23000000, "retainedEarnings": 78609471, "treasuryStock": 1643932, "otherStockholderEquity": 1643932, "totalStockholderEquity": 103253403, "netTangibleAssets": 103253403}], "maxAge": 86400}, "financialData": {"maxAge": 86400, "currentPrice": 165.6, "recommendationKey": "none", "grossProfits": 107398000, "financialCurrency": "INR"}}}