{"RIDDHI.BO": {"recommendationTrend": {"trend": [{"period": "0m", "strongBuy": 0, "buy": 0, "hold": 0, "sell": 0, "strongSell": 0}, {"period": "-1m", "strongBuy": 0, "buy": 0, "hold": 0, "sell": 0, "strongSell": 0}, {"period": "-2m", "strongBuy": 0, "buy": 0, "hold": 0, "sell": 0, "strongSell": 0}, {"period": "-3m", "strongBuy": 0, "buy": 0, "hold": 0, "sell": 0, "strongSell": 0}], "maxAge": 86400}, "cashflowStatementHistory": {"cashflowStatements": [{"maxAge": 1, "endDate": "2020-03-31", "netIncome": 328768000, "depreciation": 363494000, "changeToNetincome": -374181000, "changeToAccountReceivables": -1976871000, "changeToLiabilities": -21075000, "changeToInventory": 2372934000, "changeToOperatingActivities": 468140000, "totalCashFromOperatingActivities": 1163274000, "capitalExpenditures": -665702000, "investments": 1499045000, "otherCashflowsFromInvestingActivities": -392018000, "totalCashflowsFromInvestingActivities": 298107000, "dividendsPaid": -14259000, "netBorrowings": -996412000, "otherCashflowsFromFinancingActivities": -303535000, "totalCashFromFinancingActivities": -1314206000, "changeInCash": 307964000}, {"maxAge": 1, "endDate": "2019-03-31", "netIncome": 487273000, "depreciation": 344777000, "changeToNetincome": 57024000, "changeToAccountReceivables": 13742000, "changeToLiabilities": 22855000, "changeToInventory": -751270000, "changeToOperatingActivities": -189314000, "totalCashFromOperatingActivities": -12851000, "capitalExpenditures": -496710000, "investments": 945606000, "otherCashflowsFromInvestingActivities": 1352706000, "totalCashflowsFromInvestingActivities": 1634373000, "dividendsPaid": -14259000, "netBorrowings": -1262128000, "otherCashflowsFromFinancingActivities": -377811000, "totalCashFromFinancingActivities": -1689939000, "changeInCash": 219000}, {"maxAge": 1, "endDate": "2018-03-31", "netIncome": 189607000, "depreciation": 340271000, "changeToNetincome": -499224000, "changeToAccountReceivables": -58808000, "changeToLiabilities": -231562000, "changeToInventory": 17276000, "changeToOperatingActivities": -94933000, "totalCashFromOperatingActivities": -335319000, "capitalExpenditures": -248524000, "investments": 2358452000, "otherCashflowsFromInvestingActivities": 575700000, "totalCashflowsFromInvestingActivities": 2685628000, "dividendsPaid": -14400000, "netBorrowings": -2027271000, "otherCashflowsFromFinancingActivities": -592519000, "totalCashFromFinancingActivities": -2634190000, "changeInCash": -30589000}, {"maxAge": 1, "endDate": "2017-03-31", "netIncome": -427925000, "depreciation": 347403000, "changeToNetincome": 421368000, "changeToAccountReceivables": 188263000, "changeToLiabilities": -29617000, "changeToInventory": -3375900000, "changeToOperatingActivities": 38572000, "totalCashFromOperatingActivities": -2836812000, "capitalExpenditures": -212260000, "investments": 788459000, "otherCashflowsFromInvestingActivities": 73454000, "totalCashflowsFromInvestingActivities": 649653000, "dividendsPaid": -21409000, "netBorrowings": 2392104000, "otherCashflowsFromFinancingActivities": -455170000, "totalCashFromFinancingActivities": 1915525000, "changeInCash": 26154000}], "maxAge": 86400}, "institutionOwnership": {"ownershipList": [], "maxAge": 1}, "balanceSheetHistoryQuarterly": {"balanceSheetStatements": [{"maxAge": 1, "endDate": "2020-06-30", "totalStockholderEquity": 14246017000, "netTangibleAssets": 14242397000}, {"maxAge": 1, "endDate": "2020-03-31", "cash": 320478000, "shortTermInvestments": 1668000, "netReceivables": 6730276000, "inventory": 2060296000, "otherCurrentAssets": 575406000, "totalCurrentAssets": 9834495000, "longTermInvestments": 1444248000, "propertyPlantEquipment": 8129091000, "intangibleAssets": 3620000, "otherAssets": 496178000, "deferredLongTermAssetCharges": 317475000, "totalAssets": 19907632000, "accountsPayable": 758279000, "shortLongTermDebt": 380564000, "otherCurrentLiab": 715703000, "longTermDebt": 852574000, "otherLiab": 65499000, "minorityInterest": 1333974000, "totalCurrentLiabilities": 3397612000, "totalLiab": 4327641000, "commonStock": 71297000, "retainedEarnings": 11731059000, "treasuryStock": 2443661000, "otherStockholderEquity": 2443661000, "totalStockholderEquity": 14246017000, "netTangibleAssets": 14242397000}, {"maxAge": 1, "endDate": "2019-12-31", "totalStockholderEquity": 14427236000, "netTangibleAssets": 14422560000}, {"maxAge": 1, "endDate": "2019-09-30", "cash": 86003000, "shortTermInvestments": 313692000, "netReceivables": 4404615000, "inventory": 4984644000, "otherCurrentAssets": 679790000, "totalCurrentAssets": 10468744000, "longTermInvestments": 1895093000, "propertyPlantEquipment": 7880941000, "intangibleAssets": 4676000, "otherAssets": 451425000, "deferredLongTermAssetCharges": 188210000, "totalAssets": 20700879000, "accountsPayable": 1038462000, "shortLongTermDebt": 723307000, "otherCurrentLiab": 309996000, "longTermDebt": 942691000, "otherLiab": 59061000, "minorityInterest": 1363277000, "totalCurrentLiabilities": 3893071000, "totalLiab": 4910366000, "commonStock": 71331000, "treasuryStock": 14355905000, "otherStockholderEquity": 14355905000, "totalStockholderEquity": 14427236000, "netTangibleAssets": 14422560000}], "maxAge": 86400}, "earningsHistory": {"history": [{"maxAge": 1, "epsActual": {}, "epsEstimate": {}, "epsDifference": {}, "surprisePercent": {}, "quarter": {}, "period": "-4q"}, {"maxAge": 1, "epsActual": {}, "epsEstimate": {}, "epsDifference": {}, "surprisePercent": {}, "quarter": {}, "period": "-3q"}, {"maxAge": 1, "epsActual": {}, "epsEstimate": {}, "epsDifference": {}, "surprisePercent": {}, "quarter": {}, "period": "-2q"}, {"maxAge": 1, "epsActual": {}, "epsEstimate": {}, "epsDifference": {}, "surprisePercent": {}, "quarter": {}, "period": "-1q"}], "maxAge": 86400}, "indexTrend": {"maxAge": 1, "symbol": "SP5", "peRatio": 19.7411, "pegRatio": 1.34172, "estimates": [{"period": "0q", "growth": 0.549}, {"period": "+1q", "growth": 0.431}, {"period": "0y", "growth": 0.305}, {"period": "+1y", "growth": 0.109}, {"period": "+5y", "growth": 0.120859005}, {"period": "-5y"}]}, "industryTrend": {"maxAge": 1, "symbol": null, "estimates": []}, "insiderTransactions": {"transactions": [{"maxAge": 1, "shares": 200000, "filerUrl": "", "transactionText": "", "filerName": "Safari Biotech Pvt Ltd", "filerRelation": "Promoter", "moneyText": "", "startDate": "2017-03-31", "ownership": "D"}, {"maxAge": 1, "shares": 415808, "filerUrl": "", "transactionText": "", "filerName": "Chowdhary (Ganpatraj Lalchand) HUF", "filerRelation": "Promoter", "moneyText": "", "startDate": "2017-03-31", "ownership": "D"}, {"maxAge": 1, "shares": 175000, "filerUrl": "", "transactionText": "", "filerName": "Chowdhary (Ganpatraj Lalchand)", "filerRelation": "Managing Director", "moneyText": "", "startDate": "2017-03-31", "ownership": "D"}, {"maxAge": 1, "shares": 30000, "filerUrl": "", "transactionText": "", "filerName": "Chowdhary (Ganpatraj Lalchand)", "filerRelation": "Managing Director", "moneyText": "", "startDate": "2017-01-06", "ownership": "D"}, {"maxAge": 1, "shares": 20000, "filerUrl": "", "transactionText": "", "filerName": "Chowdhary (Shripal)", "filerRelation": "Promoter", "moneyText": "", "startDate": "2017-01-02", "ownership": "D"}, {"maxAge": 1, "shares": 15000, "filerUrl": "", "transactionText": "", "filerName": "Chowdhary (Shrenik)", "filerRelation": "Promoter", "moneyText": "", "startDate": "2017-01-02", "ownership": "D"}, {"maxAge": 1, "shares": 30000, "filerUrl": "", "transactionText": "", "filerName": "Chowdhary (Sampatraj L.)", "filerRelation": "Promoter", "moneyText": "", "startDate": "2017-01-02", "ownership": "D"}, {"maxAge": 1, "shares": 30000, "filerUrl": "", "transactionText": "", "filerName": "Chowdhary (Sampatraj L.)", "filerRelation": "Promoter", "moneyText": "", "startDate": "2017-01-02", "ownership": "D"}, {"maxAge": 1, "shares": 52903, "filerUrl": "", "transactionText": "", "filerName": "Chowdhary (Ganpatraj Lalchand)", "filerRelation": "Managing Director", "moneyText": "", "startDate": "2016-06-21", "ownership": "D"}, {"maxAge": 1, "shares": 52903, "filerUrl": "", "transactionText": "", "filerName": "Chowdhary (Shankarlal Lalchand)", "filerRelation": "Promoter", "moneyText": "", "startDate": "2016-06-21", "ownership": "D"}, {"maxAge": 1, "shares": 52793, "filerUrl": "", "transactionText": "", "filerName": "Chowdhary (Mukesh)", "filerRelation": "Promoter", "moneyText": "", "startDate": "2016-06-11", "ownership": "D"}, {"maxAge": 1, "shares": 52903, "filerUrl": "", "transactionText": "", "filerName": "Chowdhary (Shankarlal Lalchand)", "filerRelation": "Promoter", "moneyText": "", "startDate": "2016-06-11", "ownership": "D"}, {"maxAge": 1, "shares": 52903, "filerUrl": "", "transactionText": "", "filerName": "Chowdhary (Mukesh)", "filerRelation": "Promoter", "moneyText": "", "startDate": "2016-05-27", "ownership": "D"}, {"maxAge": 1, "shares": 20000, "filerUrl": "", "transactionText": "", "filerName": "Chowdhary (Shripal)", "filerRelation": "Promoter", "moneyText": "", "startDate": "2016-05-27", "ownership": "D"}, {"maxAge": 1, "shares": 82903, "filerUrl": "", "transactionText": "", "filerName": "Chowdhary (Ganpatraj Lalchand)", "filerRelation": "Managing Director", "moneyText": "", "startDate": "2016-05-27", "ownership": "D"}, {"maxAge": 1, "shares": 10000, "filerUrl": "", "transactionText": "", "filerName": "Chowdhary (Shrenik)", "filerRelation": "Promoter", "moneyText": "", "startDate": "2016-05-27", "ownership": "D"}, {"maxAge": 1, "shares": 52903, "filerUrl": "", "transactionText": "", "filerName": "Chowdhary (Mukesh)", "filerRelation": "Promoter", "moneyText": "", "startDate": "2016-05-26", "ownership": "D"}, {"maxAge": 1, "shares": 20000, "filerUrl": "", "transactionText": "", "filerName": "Chowdhary (Shripal)", "filerRelation": "Promoter", "moneyText": "", "startDate": "2016-05-26", "ownership": "D"}, {"maxAge": 1, "shares": 82903, "filerUrl": "", "transactionText": "", "filerName": "Chowdhary (Ganpatraj Lalchand)", "filerRelation": "Managing Director", "moneyText": "", "startDate": "2016-05-26", "ownership": "D"}, {"maxAge": 1, "shares": 10000, "filerUrl": "", "transactionText": "", "filerName": "Chowdhary (Shrenik)", "filerRelation": "Promoter", "moneyText": "", "startDate": "2016-05-26", "ownership": "D"}, {"maxAge": 1, "shares": 219700, "filerUrl": "", "transactionText": "", "filerName": "Chowdhary (Shankarlal Lalchand)", "filerRelation": "Promoter", "moneyText": "", "startDate": "2016-05-26", "ownership": "D"}, {"maxAge": 1, "shares": 599600, "filerUrl": "", "transactionText": "", "filerName": "Chowdhary (Ganpatraj Lalchand)", "filerRelation": "Managing Director", "moneyText": "", "startDate": "2016-05-26", "ownership": "D"}, {"maxAge": 1, "shares": 200000, "filerUrl": "", "transactionText": "", "filerName": "Chowdhary (Sampatraj L.)", "filerRelation": "Promoter", "moneyText": "", "startDate": "2016-05-26", "ownership": "D"}, {"maxAge": 1, "shares": 104900, "filerUrl": "", "transactionText": "", "filerName": "Chowdhary (Pushpadevi Sampatraj)", "filerRelation": "Promoter", "moneyText": "", "startDate": "2016-05-26", "ownership": "D"}, {"maxAge": 1, "shares": 75000, "filerUrl": "", "transactionText": "", "filerName": "Chowdhary (Parvatiben Shankarlal)", "filerRelation": "Promoter", "moneyText": "", "startDate": "2016-05-26", "ownership": "D"}, {"maxAge": 1, "shares": 250000, "filerUrl": "", "transactionText": "", "filerName": "Chowdhary (Ganpatraj Lalchand)", "filerRelation": "Promoter", "moneyText": "", "startDate": "2015-07-24", "ownership": "D"}, {"maxAge": 1, "shares": 300000, "filerUrl": "", "transactionText": "", "filerName": "Chowdhary (Ganpatraj Lalchand)", "filerRelation": "Promoter", "moneyText": "", "startDate": "2015-03-10", "ownership": "D"}, {"maxAge": 1, "shares": 600000, "filerUrl": "", "transactionText": "", "filerName": "Siwana Agri Marketing Ltd", "filerRelation": "Institution- Corporation", "moneyText": "", "startDate": "2014-09-23", "ownership": "D"}, {"maxAge": 1, "shares": 300000, "filerUrl": "", "transactionText": "", "filerName": "Marg Biotech Pvt Ltd", "filerRelation": "Institution- Corporation", "moneyText": "", "startDate": "2013-10-25", "ownership": "D"}], "maxAge": 1}, "quoteType": {"exchange": "BSE", "quoteType": "EQUITY", "symbol": "RIDDHI.BO", "underlyingSymbol": "RIDDHI.BO", "shortName": "RIDDHI SIDDHI GLUCO BIOLS LTD.", "longName": "Riddhi Siddhi Gluco Biols Limited", "firstTradeDateEpochUtc": "2002-02-01 09:15:00", "timeZoneFullName": "Asia/Kolkata", "timeZoneShortName": "IST", "uuid": "ac68f59b-4a9b-396b-a646-45a430d3d7d1", "gmtOffSetMilliseconds": 19800000, "maxAge": 1}, "incomeStatementHistory": {"incomeStatementHistory": [{"maxAge": 1, "endDate": "2020-03-31", "totalRevenue": 5762965000, "costOfRevenue": 3797967000, "grossProfit": 1964998000, "researchDevelopment": {}, "sellingGeneralAdministrative": 258686000, "nonRecurring": {}, "otherOperatingExpenses": 1189187000, "totalOperatingExpenses": 5611399000, "operatingIncome": 151566000, "totalOtherIncomeExpenseNet": 150804000, "ebit": 151566000, "interestExpense": -310300000, "incomeBeforeTax": 302370000, "incomeTaxExpense": 61565000, "minorityInterest": 1333974000, "netIncomeFromContinuingOps": 240805000, "discontinuedOperations": {}, "extraordinaryItems": {}, "effectOfAccountingCharges": {}, "otherItems": {}, "netIncome": 328768000, "netIncomeApplicableToCommonShares": 328768000}, {"maxAge": 1, "endDate": "2019-03-31", "totalRevenue": 6818133000, "costOfRevenue": 3928210000, "grossProfit": 2889923000, "researchDevelopment": {}, "sellingGeneralAdministrative": 266123000, "nonRecurring": {}, "otherOperatingExpenses": 1582569000, "totalOperatingExpenses": 6123741000, "operatingIncome": 694392000, "totalOtherIncomeExpenseNet": 34709000, "ebit": 694392000, "interestExpense": -393407000, "incomeBeforeTax": 729101000, "incomeTaxExpense": 56574000, "minorityInterest": 1646581000, "netIncomeFromContinuingOps": 672527000, "discontinuedOperations": {}, "extraordinaryItems": {}, "effectOfAccountingCharges": {}, "otherItems": {}, "netIncome": 487273000, "netIncomeApplicableToCommonShares": 487273000}, {"maxAge": 1, "endDate": "2018-03-31", "totalRevenue": 8039636000, "costOfRevenue": 6386672000, "grossProfit": 1652964000, "researchDevelopment": {}, "sellingGeneralAdministrative": 215434000, "nonRecurring": {}, "otherOperatingExpenses": 1516264000, "totalOperatingExpenses": 8460695000, "operatingIncome": -421059000, "totalOtherIncomeExpenseNet": 119907000, "ebit": -421059000, "interestExpense": -612752000, "incomeBeforeTax": -301152000, "incomeTaxExpense": -389885000, "minorityInterest": 1675394000, "netIncomeFromContinuingOps": 88733000, "discontinuedOperations": {}, "extraordinaryItems": {}, "effectOfAccountingCharges": {}, "otherItems": {}, "netIncome": 189607000, "netIncomeApplicableToCommonShares": 189607000}, {"maxAge": 1, "endDate": "2017-03-31", "totalRevenue": 5080810000, "costOfRevenue": 3313088000, "grossProfit": 1767722000, "researchDevelopment": {}, "sellingGeneralAdministrative": 215052000, "nonRecurring": {}, "otherOperatingExpenses": 2023646000, "totalOperatingExpenses": 5900213000, "operatingIncome": -819403000, "totalOtherIncomeExpenseNet": 613564000, "ebit": -819403000, "interestExpense": -513522000, "incomeBeforeTax": -205839000, "incomeTaxExpense": 247348000, "minorityInterest": 1775625000, "netIncomeFromContinuingOps": -453187000, "discontinuedOperations": {}, "extraordinaryItems": {}, "effectOfAccountingCharges": {}, "otherItems": {}, "netIncome": -427925000, "netIncomeApplicableToCommonShares": -427925000}], "maxAge": 86400}, "fundOwnership": {"ownershipList": [], "maxAge": 1}, "summaryDetail": {"maxAge": 1, "priceHint": 2, "previousClose": 257.0, "open": 251.0, "dayLow": 250.05, "dayHigh": 258.95, "regularMarketPreviousClose": 257.0, "regularMarketOpen": 251.0, "regularMarketDayLow": 250.05, "regularMarketDayHigh": 258.95, "trailingPE": 7.862367, "volume": 245, "regularMarketVolume": 245, "averageVolume": 1155, "averageVolume10days": 630, "averageDailyVolume10Day": 630, "bid": 257.0, "ask": 257.9, "bidSize": 0, "askSize": 0, "marketCap": 1833695488, "fiftyTwoWeekLow": 156.0, "fiftyTwoWeekHigh": 309.0, "fiftyDayAverage": 263.41666, "twoHundredDayAverage": 254.46397, "trailingAnnualDividendRate": 2.0, "trailingAnnualDividendYield": 0.007782101, "currency": "INR", "fromCurrency": null, "lastMarket": null, "algorithm": null, "tradeable": false}, "sectorTrend": {"maxAge": 1, "symbol": null, "estimates": []}, "incomeStatementHistoryQuarterly": {"incomeStatementHistory": [{"maxAge": 1, "endDate": "2020-06-30", "totalRevenue": 517564000, "costOfRevenue": 277208000, "grossProfit": 240356000, "researchDevelopment": {}, "sellingGeneralAdministrative": 60807000, "nonRecurring": {}, "otherOperatingExpenses": 208507000, "totalOperatingExpenses": 637619000, "operatingIncome": -120055000, "totalOtherIncomeExpenseNet": 50459000, "ebit": -120055000, "interestExpense": -61980000, "incomeBeforeTax": -69596000, "incomeTaxExpense": 33876000, "minorityInterest": {}, "netIncomeFromContinuingOps": -103472000, "discontinuedOperations": {}, "extraordinaryItems": {}, "effectOfAccountingCharges": {}, "otherItems": {}, "netIncome": -57567000, "netIncomeApplicableToCommonShares": -57567000}, {"maxAge": 1, "endDate": "2020-03-31", "totalRevenue": 1136312000, "costOfRevenue": 899114000, "grossProfit": 237198000, "researchDevelopment": {}, "sellingGeneralAdministrative": 64974000, "nonRecurring": {}, "otherOperatingExpenses": 137067000, "totalOperatingExpenses": 1194898000, "operatingIncome": -58586000, "totalOtherIncomeExpenseNet": 15405000, "ebit": -58586000, "interestExpense": -73991000, "incomeBeforeTax": -43181000, "incomeTaxExpense": -112263000, "minorityInterest": 1333974000, "netIncomeFromContinuingOps": 69082000, "discontinuedOperations": {}, "extraordinaryItems": {}, "effectOfAccountingCharges": {}, "otherItems": {}, "netIncome": 86369000, "netIncomeApplicableToCommonShares": 86369000}, {"maxAge": 1, "endDate": "2019-12-31", "totalRevenue": 2698145000, "costOfRevenue": 1941018000, "grossProfit": 757127000, "researchDevelopment": {}, "sellingGeneralAdministrative": 72698000, "nonRecurring": {}, "otherOperatingExpenses": 391937000, "totalOperatingExpenses": 2498898000, "operatingIncome": 199247000, "totalOtherIncomeExpenseNet": 29168000, "ebit": 199247000, "interestExpense": -83308000, "incomeBeforeTax": 228415000, "incomeTaxExpense": 79378000, "minorityInterest": 1333974000, "netIncomeFromContinuingOps": 149037000, "discontinuedOperations": {}, "extraordinaryItems": {}, "effectOfAccountingCharges": {}, "otherItems": {}, "netIncome": 160406000, "netIncomeApplicableToCommonShares": 160406000}, {"maxAge": 1, "endDate": "2019-09-30", "totalRevenue": 939694000, "costOfRevenue": 453949000, "grossProfit": 485745000, "researchDevelopment": {}, "sellingGeneralAdministrative": 60609000, "nonRecurring": {}, "otherOperatingExpenses": 341346000, "totalOperatingExpenses": 947736000, "operatingIncome": -8042000, "totalOtherIncomeExpenseNet": 64453000, "ebit": -8042000, "interestExpense": -70956000, "incomeBeforeTax": 56411000, "incomeTaxExpense": 42602000, "minorityInterest": 1363277000, "netIncomeFromContinuingOps": 13809000, "discontinuedOperations": {}, "extraordinaryItems": {}, "effectOfAccountingCharges": {}, "otherItems": {}, "netIncome": 43859000, "netIncomeApplicableToCommonShares": 43859000}], "maxAge": 86400}, "cashflowStatementHistoryQuarterly": {"cashflowStatements": [{"maxAge": 1, "endDate": "2020-06-30", "netIncome": -57567000, "changeToLiabilities": 0}, {"maxAge": 1, "endDate": "2020-03-31", "netIncome": 86369000, "changeToLiabilities": 0}, {"maxAge": 1, "endDate": "2019-12-31", "netIncome": 160406000, "changeToLiabilities": 0}, {"maxAge": 1, "endDate": "2019-09-30", "netIncome": 43859000, "changeToLiabilities": 0}], "maxAge": 86400}, "insiderHolders": {"holders": [{"maxAge": 1, "name": "Chowdhary (Ganpatraj Lalchand)", "relation": "Managing Director", "url": "", "transactionDescription": "Sale", "latestTransDate": "2017-03-31", "positionDirect": 1277513, "positionDirectDate": "2017-03-31"}, {"maxAge": 1, "name": "Chowdhary (Ganpatraj Lalchand) HUF", "relation": "Promoter", "url": "", "transactionDescription": "Sale", "latestTransDate": "2017-03-31", "positionDirect": 0, "positionDirectDate": "2017-03-31"}, {"maxAge": 1, "name": "Chowdhary (Mukesh)", "relation": "Promoter", "url": "", "transactionDescription": "Sale", "latestTransDate": "2016-06-11", "positionDirect": 110, "positionDirectDate": "2016-06-11"}, {"maxAge": 1, "name": "Chowdhary (Parvatiben Shankarlal)", "relation": "Promoter", "url": "", "transactionDescription": "Other", "latestTransDate": "2016-05-26", "positionDirect": 0, "positionDirectDate": "2016-05-26"}, {"maxAge": 1, "name": "Chowdhary (Pushpadevi Sampatraj)", "relation": "Promoter", "url": "", "transactionDescription": "Other", "latestTransDate": "2016-05-26", "positionDirect": 0, "positionDirectDate": "2016-05-26"}, {"maxAge": 1, "name": "Chowdhary (Sampatraj L.)", "relation": "Promoter", "url": "", "transactionDescription": "Gift", "latestTransDate": "2017-01-02", "positionDirectDate": "2017-01-02"}, {"maxAge": 1, "name": "Chowdhary (Shankarlal Lalchand)", "relation": "Promoter", "url": "", "transactionDescription": "Sale", "latestTransDate": "2016-06-21", "positionDirect": 0, "positionDirectDate": "2016-06-21"}, {"maxAge": 1, "name": "Chowdhary (Shrenik)", "relation": "Promoter", "url": "", "transactionDescription": "Gift", "latestTransDate": "2017-01-02", "positionDirect": 25000, "positionDirectDate": "2017-01-02"}, {"maxAge": 1, "name": "Chowdhary (Shripal)", "relation": "Promoter", "url": "", "transactionDescription": "Gift", "latestTransDate": "2017-01-02", "positionDirect": 0, "positionDirectDate": "2017-01-02"}, {"maxAge": 1, "name": "Safari Biotech Pvt Ltd", "relation": "Promoter", "url": "", "transactionDescription": "Sale", "latestTransDate": "2017-03-31", "positionDirect": 0, "positionDirectDate": "2017-03-31"}], "maxAge": 1}, "earnings": {"maxAge": 86400, "earningsChart": {"quarterly": [], "earningsDate": ["2020-08-29 05:30:S"]}, "financialsChart": {"yearly": [{"date": 2017, "revenue": 5080810000, "earnings": -427925000}, {"date": 2018, "revenue": 8039636000, "earnings": 189607000}, {"date": 2019, "revenue": 6818133000, "earnings": 487273000}, {"date": 2020, "revenue": 5762965000, "earnings": 328768000}], "quarterly": [{"date": "3Q2019", "revenue": 939694000, "earnings": 43859000}, {"date": "4Q2019", "revenue": 2698145000, "earnings": 160406000}, {"date": "1Q2020", "revenue": 1136312000, "earnings": 86369000}, {"date": "2Q2020", "revenue": 517564000, "earnings": -57567000}]}, "financialCurrency": "INR"}, "calendarEvents": {"maxAge": 1, "earnings": {"earningsDate": ["2020-08-29 05:30:S"]}}, "upgradeDowngradeHistory": {"history": [], "maxAge": 86400}, "price": {"maxAge": 1, "regularMarketChangePercent": -0.00019450503, "regularMarketChange": -0.049987793, "regularMarketTime": "2021-04-30 15:28:40", "priceHint": 2, "regularMarketPrice": 256.95, "regularMarketDayHigh": 258.95, "regularMarketDayLow": 250.05, "regularMarketVolume": 245, "averageDailyVolume10Day": 630, "averageDailyVolume3Month": 1155, "regularMarketPreviousClose": 257.0, "regularMarketSource": "FREE_REALTIME", "regularMarketOpen": 251.0, "exchange": "BSE", "exchangeName": "BSE", "exchangeDataDelayedBy": 0, "marketState": "CLOSED", "quoteType": "EQUITY", "symbol": "RIDDHI.BO", "underlyingSymbol": null, "shortName": "RIDDHI SIDDHI GLUCO BIOLS LTD.", "longName": "Riddhi Siddhi Gluco Biols Limited", "currency": "INR", "quoteSourceName": "Delayed Quote", "currencySymbol": "\u20b9", "fromCurrency": null, "lastMarket": null, "marketCap": 1833695488}, "balanceSheetHistory": {"balanceSheetStatements": [{"maxAge": 1, "endDate": "2020-03-31", "cash": 320478000, "shortTermInvestments": 1668000, "netReceivables": 6730276000, "inventory": 2060296000, "otherCurrentAssets": 575406000, "totalCurrentAssets": 9834495000, "longTermInvestments": 1444248000, "propertyPlantEquipment": 8129091000, "intangibleAssets": 3620000, "otherAssets": 496178000, "deferredLongTermAssetCharges": 317475000, "totalAssets": 19907632000, "accountsPayable": 758279000, "shortLongTermDebt": 380564000, "otherCurrentLiab": 715703000, "longTermDebt": 852574000, "otherLiab": 65499000, "minorityInterest": 1333974000, "totalCurrentLiabilities": 3397612000, "totalLiab": 4327641000, "commonStock": 71297000, "retainedEarnings": 11731059000, "treasuryStock": 2443661000, "otherStockholderEquity": 2443661000, "totalStockholderEquity": 14246017000, "netTangibleAssets": 14242397000}, {"maxAge": 1, "endDate": "2019-03-31", "cash": 12514000, "shortTermInvestments": 32675000, "netReceivables": 3986770000, "inventory": 4433230000, "otherCurrentAssets": 594444000, "totalCurrentAssets": 9347104000, "longTermInvestments": 3251295000, "propertyPlantEquipment": 7793257000, "intangibleAssets": 5710000, "otherAssets": 386312000, "deferredLongTermAssetCharges": 127156000, "totalAssets": 20783678000, "accountsPayable": 779354000, "shortLongTermDebt": 359358000, "otherCurrentLiab": 347902000, "longTermDebt": 1155152000, "otherLiab": 53529000, "minorityInterest": 1646581000, "totalCurrentLiabilities": 3569377000, "totalLiab": 4778058000, "commonStock": 71330000, "retainedEarnings": 11338986000, "treasuryStock": 2948723000, "otherStockholderEquity": 2948723000, "totalStockholderEquity": 14359039000, "netTangibleAssets": 14353329000}, {"maxAge": 1, "endDate": "2018-03-31", "cash": 12295000, "shortTermInvestments": 31612000, "netReceivables": 4733975000, "inventory": 3681960000, "otherCurrentAssets": 497748000, "totalCurrentAssets": 10695030000, "longTermInvestments": 2948602000, "propertyPlantEquipment": 7593577000, "intangibleAssets": 7772000, "otherAssets": 180811000, "deferredLongTermAssetCharges": 9368000, "totalAssets": 21425792000, "accountsPayable": 756499000, "shortLongTermDebt": 343046000, "otherCurrentLiab": 238462000, "longTermDebt": 1645451000, "otherLiab": 51145000, "minorityInterest": 1675394000, "totalCurrentLiabilities": 4161663000, "totalLiab": 5858259000, "commonStock": 71330000, "retainedEarnings": 10805471000, "treasuryStock": 3015338000, "otherStockholderEquity": 3015338000, "totalStockholderEquity": 13892139000, "netTangibleAssets": 13884367000}, {"maxAge": 1, "endDate": "2017-03-31", "cash": 42864000, "shortTermInvestments": 2746000, "netReceivables": 2110934000, "inventory": 3699236000, "otherCurrentAssets": 105416000, "totalCurrentAssets": 13465516000, "longTermInvestments": 2198677000, "propertyPlantEquipment": 7699205000, "intangibleAssets": 9791000, "otherAssets": 353530000, "totalAssets": 23726719000, "accountsPayable": 1144451000, "shortLongTermDebt": 380924000, "otherCurrentLiab": 268350000, "longTermDebt": 1892430000, "otherLiab": 427294000, "minorityInterest": 1775625000, "totalCurrentLiabilities": 6397268000, "totalLiab": 8716992000, "commonStock": 71329000, "retainedEarnings": 10633027000, "treasuryStock": 2529746000, "otherStockholderEquity": 2529746000, "totalStockholderEquity": 13234102000, "netTangibleAssets": 13224311000}], "maxAge": 86400}, "earningsTrend": {"trend": [{"maxAge": 1, "period": "0q", "endDate": null, "growth": {}, "earningsEstimate": {"avg": 0.0, "low": 0.0, "high": 0.0, "yearAgoEps": {}, "numberOfAnalysts": 0, "growth": {}}, "revenueEstimate": {"avg": 0, "low": 0, "high": 0, "numberOfAnalysts": 0, "yearAgoRevenue": {}, "growth": {}}, "epsTrend": {"current": 0.0, "7daysAgo": 0.0, "30daysAgo": 0.0, "60daysAgo": 0.0, "90daysAgo": 0.0}, "epsRevisions": {"upLast7days": 0, "upLast30days": 0, "downLast30days": 0, "downLast90days": {}}}, {"maxAge": 1, "period": "+1q", "endDate": null, "growth": {}, "earningsEstimate": {"avg": 0.0, "low": 0.0, "high": 0.0, "yearAgoEps": {}, "numberOfAnalysts": 0, "growth": {}}, "revenueEstimate": {"avg": 0, "low": 0, "high": 0, "numberOfAnalysts": 0, "yearAgoRevenue": {}, "growth": {}}, "epsTrend": {"current": 0.0, "7daysAgo": 0.0, "30daysAgo": 0.0, "60daysAgo": 0.0, "90daysAgo": 0.0}, "epsRevisions": {"upLast7days": 0, "upLast30days": 0, "downLast30days": 0, "downLast90days": {}}}, {"maxAge": 1, "period": "0y", "endDate": null, "growth": {}, "earningsEstimate": {"avg": 0.0, "low": 0.0, "high": 0.0, "yearAgoEps": {}, "numberOfAnalysts": 0, "growth": {}}, "revenueEstimate": {"avg": 0, "low": 0, "high": 0, "numberOfAnalysts": 0, "yearAgoRevenue": {}, "growth": {}}, "epsTrend": {"current": 0.0, "7daysAgo": 0.0, "30daysAgo": 0.0, "60daysAgo": 0.0, "90daysAgo": 0.0}, "epsRevisions": {"upLast7days": 0, "upLast30days": 0, "downLast30days": 0, "downLast90days": {}}}, {"maxAge": 1, "period": "+1y", "endDate": null, "growth": {}, "earningsEstimate": {"avg": 0.0, "low": 0.0, "high": 0.0, "yearAgoEps": {}, "numberOfAnalysts": 0, "growth": {}}, "revenueEstimate": {"avg": 0, "low": 0, "high": 0, "numberOfAnalysts": 0, "yearAgoRevenue": {}, "growth": {}}, "epsTrend": {"current": 0.0, "7daysAgo": 0.0, "30daysAgo": 0.0, "60daysAgo": 0.0, "90daysAgo": 0.0}, "epsRevisions": {"upLast7days": 0, "upLast30days": 0, "downLast30days": 0, "downLast90days": {}}}, {"maxAge": 1, "period": "+5y", "endDate": null, "growth": {}, "earningsEstimate": {"avg": {}, "low": {}, "high": {}, "yearAgoEps": {}, "numberOfAnalysts": {}, "growth": {}}, "revenueEstimate": {"avg": {}, "low": {}, "high": {}, "numberOfAnalysts": {}, "yearAgoRevenue": {}, "growth": {}}, "epsTrend": {"current": {}, "7daysAgo": {}, "30daysAgo": {}, "60daysAgo": {}, "90daysAgo": {}}, "epsRevisions": {"upLast7days": {}, "upLast30days": {}, "downLast30days": {}, "downLast90days": {}}}, {"maxAge": 1, "period": "-5y", "endDate": null, "growth": {}, "earningsEstimate": {"avg": {}, "low": {}, "high": {}, "yearAgoEps": {}, "numberOfAnalysts": {}, "growth": {}}, "revenueEstimate": {"avg": {}, "low": {}, "high": {}, "numberOfAnalysts": {}, "yearAgoRevenue": {}, "growth": {}}, "epsTrend": {"current": {}, "7daysAgo": {}, "30daysAgo": {}, "60daysAgo": {}, "90daysAgo": {}}, "epsRevisions": {"upLast7days": {}, "upLast30days": {}, "downLast30days": {}, "downLast90days": {}}}], "maxAge": 1}, "financialData": {"maxAge": 86400, "currentPrice": 256.95, "targetHighPrice": 350.0, "targetLowPrice": 350.0, "targetMeanPrice": 350.0, "targetMedianPrice": 350.0, "recommendationKey": "none", "numberOfAnalystOpinions": 1, "grossProfits": 1964998000, "financialCurrency": "INR"}}}