{"RIGASUG.BO": {"cashflowStatementHistory": {"cashflowStatements": [{"maxAge": 1, "endDate": "2020-03-31", "netIncome": -240996000, "depreciation": 52118000, "changeToNetincome": 141394000, "changeToAccountReceivables": 13082000, "changeToLiabilities": -39880000, "changeToInventory": 355625000, "changeToOperatingActivities": 37951000, "totalCashFromOperatingActivities": 319294000, "capitalExpenditures": -106970000, "investments": 1392000, "otherCashflowsFromInvestingActivities": 16295000, "totalCashflowsFromInvestingActivities": -87883000, "netBorrowings": -92793000, "otherCashflowsFromFinancingActivities": -150870000, "totalCashFromFinancingActivities": -243663000, "changeInCash": -12252000}, {"maxAge": 1, "endDate": "2019-03-31", "netIncome": -464312000, "depreciation": 48533000, "changeToNetincome": 195804000, "changeToAccountReceivables": 21683000, "changeToLiabilities": 53886000, "changeToInventory": 536311000, "changeToOperatingActivities": -56862000, "totalCashFromOperatingActivities": 335565000, "capitalExpenditures": -35080000, "investments": 1392000, "otherCashflowsFromInvestingActivities": -3038000, "totalCashflowsFromInvestingActivities": -38118000, "netBorrowings": -120202000, "otherCashflowsFromFinancingActivities": -161911000, "totalCashFromFinancingActivities": -282113000, "changeInCash": 15335000}, {"maxAge": 1, "endDate": "2018-03-31", "netIncome": -208557000, "depreciation": 46660000, "changeToNetincome": 170943000, "changeToAccountReceivables": -31108000, "changeToLiabilities": 764841000, "changeToInventory": -609248000, "changeToOperatingActivities": 92436000, "totalCashFromOperatingActivities": 226481000, "capitalExpenditures": -113348000, "investments": 1392000, "otherCashflowsFromInvestingActivities": 59275000, "totalCashflowsFromInvestingActivities": -54059000, "netBorrowings": -9986000, "otherCashflowsFromFinancingActivities": -164940000, "totalCashFromFinancingActivities": -174926000, "changeInCash": -2504000}, {"maxAge": 1, "endDate": "2017-03-31", "netIncome": -47370000, "depreciation": 42899000, "changeToNetincome": 155824000, "changeToAccountReceivables": -29379000, "changeToLiabilities": -279401000, "changeToInventory": 429515000, "changeToOperatingActivities": 24834000, "totalCashFromOperatingActivities": 297251000, "capitalExpenditures": -132493000, "investments": 1392000, "otherCashflowsFromInvestingActivities": -2995000, "totalCashflowsFromInvestingActivities": -135488000, "netBorrowings": -9877000, "otherCashflowsFromFinancingActivities": -172476000, "totalCashFromFinancingActivities": -164353000, "changeInCash": -2590000, "issuanceOfStock": 18000000}], "maxAge": 86400}, "institutionOwnership": {"maxAge": 1, "ownershipList": []}, "balanceSheetHistoryQuarterly": {"balanceSheetStatements": [{"maxAge": 1, "endDate": "2020-06-30", "totalStockholderEquity": -215785000, "netTangibleAssets": -219054000}, {"maxAge": 1, "endDate": "2020-03-31", "cash": 18977000, "netReceivables": 52774000, "inventory": 839905000, "otherCurrentAssets": 28954000, "totalCurrentAssets": 940610000, "longTermInvestments": 87499000, "propertyPlantEquipment": 1602360000, "intangibleAssets": 3269000, "otherAssets": 148749000, "deferredLongTermAssetCharges": 93552000, "totalAssets": 2782487000, "accountsPayable": 1579395000, "otherCurrentLiab": 162811000, "longTermDebt": 97409000, "otherLiab": 55770000, "totalCurrentLiabilities": 2845093000, "totalLiab": 2998272000, "commonStock": 144434000, "treasuryStock": -360219000, "otherStockholderEquity": -360219000, "totalStockholderEquity": -215785000, "netTangibleAssets": -219054000}, {"maxAge": 1, "endDate": "2019-12-31", "totalStockholderEquity": -54665000, "netTangibleAssets": -58254000}, {"maxAge": 1, "endDate": "2019-09-30", "cash": 8769000, "netReceivables": 62533000, "inventory": 889116000, "otherCurrentAssets": 84693000, "totalCurrentAssets": 1045111000, "longTermInvestments": 72099000, "propertyPlantEquipment": 1549150000, "intangibleAssets": 3589000, "otherAssets": 146505000, "deferredLongTermAssetCharges": 93552000, "totalAssets": 2816454000, "accountsPayable": 1428970000, "otherCurrentLiab": 162686000, "longTermDebt": 176000, "otherLiab": 55778000, "totalCurrentLiabilities": 2815165000, "totalLiab": 2871119000, "commonStock": 144434000, "treasuryStock": -199099000, "otherStockholderEquity": -199099000, "totalStockholderEquity": -54665000, "netTangibleAssets": -58254000}], "maxAge": 86400}, "indexTrend": {"maxAge": 1, "symbol": "SP5", "peRatio": 19.7411, "pegRatio": 1.34172, "estimates": [{"period": "0q", "growth": 0.549}, {"period": "+1q", "growth": 0.431}, {"period": "0y", "growth": 0.305}, {"period": "+1y", "growth": 0.109}, {"period": "+5y", "growth": 0.120859005}, {"period": "-5y"}]}, "insiderTransactions": {"transactions": [{"maxAge": 1, "shares": 575000, "filerUrl": "", "transactionText": "", "filerName": "DG Vitta Vinimay & Properties Ltd", "filerRelation": "Promoter", "moneyText": "", "startDate": "2013-06-26", "ownership": "D"}, {"maxAge": 1, "shares": 965000, "filerUrl": "", "transactionText": "", "filerName": "DG Vitta Vinimay & Properties Ltd", "filerRelation": "Promoter", "moneyText": "", "startDate": "2012-03-19", "ownership": "D"}], "maxAge": 1}, "quoteType": {"exchange": "BSE", "quoteType": "EQUITY", "symbol": "RIGASUG.BO", "underlyingSymbol": "RIGASUG.BO", "shortName": "RIGA SUGAR COMPANY LTD.", "longName": "Riga Sugar Company Limited", "firstTradeDateEpochUtc": "2001-12-31 09:15:00", "timeZoneFullName": "Asia/Kolkata", "timeZoneShortName": "IST", "uuid": "3bc1d31b-0931-3d34-9c21-d0780dcc23b7", "messageBoardId": null, "gmtOffSetMilliseconds": 19800000, "maxAge": 1}, "incomeStatementHistory": {"incomeStatementHistory": [{"maxAge": 1, "endDate": "2020-03-31", "totalRevenue": 1531322000, "costOfRevenue": 1291908000, "grossProfit": 239414000, "researchDevelopment": {}, "sellingGeneralAdministrative": 163361000, "nonRecurring": {}, "otherOperatingExpenses": 156259000, "totalOperatingExpenses": 1663646000, "operatingIncome": -132324000, "totalOtherIncomeExpenseNet": -108672000, "ebit": -132324000, "interestExpense": -148102000, "incomeBeforeTax": -240996000, "incomeTaxExpense": 0, "minorityInterest": {}, "netIncomeFromContinuingOps": -240996000, "discontinuedOperations": {}, "extraordinaryItems": {}, "effectOfAccountingCharges": {}, "otherItems": {}, "netIncome": -240996000, "netIncomeApplicableToCommonShares": -240996000}, {"maxAge": 1, "endDate": "2019-03-31", "totalRevenue": 1548731000, "costOfRevenue": 1561342000, "grossProfit": -12611000, "researchDevelopment": {}, "sellingGeneralAdministrative": 164168000, "nonRecurring": {}, "otherOperatingExpenses": 91995000, "totalOperatingExpenses": 1866560000, "operatingIncome": -317829000, "totalOtherIncomeExpenseNet": -146483000, "ebit": -317829000, "interestExpense": -195716000, "incomeBeforeTax": -464312000, "incomeTaxExpense": 0, "minorityInterest": {}, "netIncomeFromContinuingOps": -464312000, "discontinuedOperations": {}, "extraordinaryItems": {}, "effectOfAccountingCharges": {}, "otherItems": {}, "netIncome": -464312000, "netIncomeApplicableToCommonShares": -464312000}, {"maxAge": 1, "endDate": "2018-03-31", "totalRevenue": 957775000, "costOfRevenue": 665379000, "grossProfit": 292396000, "researchDevelopment": {}, "sellingGeneralAdministrative": 190139000, "nonRecurring": {}, "otherOperatingExpenses": 117469000, "totalOperatingExpenses": 1020161000, "operatingIncome": -62386000, "totalOtherIncomeExpenseNet": -145748000, "ebit": -62386000, "interestExpense": -152025000, "incomeBeforeTax": -208134000, "incomeTaxExpense": 423000, "minorityInterest": {}, "netIncomeFromContinuingOps": -208557000, "discontinuedOperations": {}, "extraordinaryItems": {}, "effectOfAccountingCharges": {}, "otherItems": {}, "netIncome": -208557000, "netIncomeApplicableToCommonShares": -208557000}, {"maxAge": 1, "endDate": "2017-03-31", "totalRevenue": 1819945000, "costOfRevenue": 1447785000, "grossProfit": 372160000, "researchDevelopment": {}, "sellingGeneralAdministrative": 147086000, "nonRecurring": {}, "otherOperatingExpenses": 107601000, "totalOperatingExpenses": 1745701000, "operatingIncome": 74244000, "totalOtherIncomeExpenseNet": -115175000, "ebit": 74244000, "interestExpense": -111784000, "incomeBeforeTax": -40931000, "incomeTaxExpense": 6439000, "minorityInterest": {}, "netIncomeFromContinuingOps": -47370000, "discontinuedOperations": {}, "extraordinaryItems": {}, "effectOfAccountingCharges": {}, "otherItems": {}, "netIncome": -47370000, "netIncomeApplicableToCommonShares": -47370000}], "maxAge": 86400}, "fundOwnership": {"maxAge": 1, "ownershipList": []}, "summaryDetail": {"maxAge": 1, "priceHint": 4, "previousClose": 4.08, "open": 4.0, "dayLow": 4.0, "dayHigh": 4.4, "regularMarketPreviousClose": 4.08, "regularMarketOpen": 4.0, "regularMarketDayLow": 4.0, "regularMarketDayHigh": 4.4, "volume": 12599, "regularMarketVolume": 12599, "averageVolume": 8513, "averageVolume10days": 11380, "averageDailyVolume10Day": 11380, "bid": 4.39, "ask": 4.4, "bidSize": 0, "askSize": 0, "marketCap": 63550960, "fiftyTwoWeekLow": 2.62, "fiftyTwoWeekHigh": 5.49, "fiftyDayAverage": 4.624, "twoHundredDayAverage": 4.272555, "currency": "INR", "fromCurrency": null, "toCurrency": null, "lastMarket": null, "algorithm": null, "tradeable": false}, "incomeStatementHistoryQuarterly": {"incomeStatementHistory": [{"maxAge": 1, "endDate": "2020-06-30", "totalRevenue": 376304000, "costOfRevenue": 347892000, "grossProfit": 28412000, "researchDevelopment": {}, "sellingGeneralAdministrative": 12784000, "nonRecurring": {}, "otherOperatingExpenses": 2646000, "totalOperatingExpenses": 376351000, "operatingIncome": -47000, "totalOtherIncomeExpenseNet": -28174000, "ebit": -47000, "interestExpense": -32738000, "incomeBeforeTax": -28221000, "incomeTaxExpense": 0, "minorityInterest": {}, "netIncomeFromContinuingOps": -28221000, "discontinuedOperations": {}, "extraordinaryItems": {}, "effectOfAccountingCharges": {}, "otherItems": {}, "netIncome": -28221000, "netIncomeApplicableToCommonShares": -28221000}, {"maxAge": 1, "endDate": "2020-03-31", "totalRevenue": 431352000, "costOfRevenue": 296503000, "grossProfit": 134849000, "researchDevelopment": {}, "sellingGeneralAdministrative": 84408000, "nonRecurring": {}, "otherOperatingExpenses": 88326000, "totalOperatingExpenses": 484703000, "operatingIncome": -53351000, "totalOtherIncomeExpenseNet": 19106000, "ebit": -53351000, "interestExpense": -1182000, "incomeBeforeTax": -34245000, "incomeTaxExpense": 0, "minorityInterest": {}, "netIncomeFromContinuingOps": -34245000, "discontinuedOperations": {}, "extraordinaryItems": {}, "effectOfAccountingCharges": {}, "otherItems": {}, "netIncome": -34245000, "netIncomeApplicableToCommonShares": -34245000}, {"maxAge": 1, "endDate": "2019-12-31", "totalRevenue": 360399000, "costOfRevenue": 368746000, "grossProfit": -8347000, "researchDevelopment": {}, "sellingGeneralAdministrative": 29013000, "nonRecurring": {}, "otherOperatingExpenses": 30347000, "totalOperatingExpenses": 440293000, "operatingIncome": -79894000, "totalOtherIncomeExpenseNet": -45507000, "ebit": -79894000, "interestExpense": -47462000, "incomeBeforeTax": -125401000, "incomeTaxExpense": 0, "minorityInterest": {}, "netIncomeFromContinuingOps": -125401000, "discontinuedOperations": {}, "extraordinaryItems": {}, "effectOfAccountingCharges": {}, "otherItems": {}, "netIncome": -125401000, "netIncomeApplicableToCommonShares": -125401000}, {"maxAge": 1, "endDate": "2019-09-30", "totalRevenue": 248639000, "costOfRevenue": 238902000, "grossProfit": 9737000, "researchDevelopment": {}, "sellingGeneralAdministrative": 17065000, "nonRecurring": {}, "otherOperatingExpenses": 14026000, "totalOperatingExpenses": 281758000, "operatingIncome": -33119000, "totalOtherIncomeExpenseNet": -48794000, "ebit": -33119000, "interestExpense": -53129000, "incomeBeforeTax": -81913000, "incomeTaxExpense": 0, "minorityInterest": {}, "netIncomeFromContinuingOps": -81913000, "discontinuedOperations": {}, "extraordinaryItems": {}, "effectOfAccountingCharges": {}, "otherItems": {}, "netIncome": -81913000, "netIncomeApplicableToCommonShares": -81913000}], "maxAge": 86400}, "cashflowStatementHistoryQuarterly": {"cashflowStatements": [{"maxAge": 1, "endDate": "2020-06-30", "netIncome": -28221000, "changeToLiabilities": 0}, {"maxAge": 1, "endDate": "2020-03-31", "netIncome": -34245000, "changeToLiabilities": 0}, {"maxAge": 1, "endDate": "2019-12-31", "netIncome": -125401000, "changeToLiabilities": 0}, {"maxAge": 1, "endDate": "2019-09-30", "netIncome": -81913000, "changeToLiabilities": 0}], "maxAge": 86400}, "insiderHolders": {"holders": [{"maxAge": 1, "name": "DG Vitta Vinimay & Properties Ltd", "relation": "Promoter", "url": "", "transactionDescription": "Other", "latestTransDate": "2013-06-26", "positionDirect": 4523484, "positionDirectDate": "2013-06-26"}], "maxAge": 1}, "calendarEvents": {"maxAge": 1, "earnings": {"earningsDate": ["2020-08-26 05:30:S"]}}, "price": {"maxAge": 1, "regularMarketChangePercent": 0.07843141, "regularMarketChange": 0.32000017, "regularMarketTime": "2021-04-30 15:15:00", "priceHint": 4, "regularMarketPrice": 4.4, "regularMarketDayHigh": 4.4, "regularMarketDayLow": 4.0, "regularMarketVolume": 12599, "averageDailyVolume10Day": 11380, "averageDailyVolume3Month": 8513, "regularMarketPreviousClose": 4.08, "regularMarketSource": "FREE_REALTIME", "regularMarketOpen": 4.0, "exchange": "BSE", "exchangeName": "BSE", "exchangeDataDelayedBy": 0, "marketState": "CLOSED", "quoteType": "EQUITY", "symbol": "RIGASUG.BO", "underlyingSymbol": null, "shortName": "RIGA SUGAR COMPANY LTD.", "longName": "Riga Sugar Company Limited", "currency": "INR", "quoteSourceName": "Delayed Quote", "currencySymbol": "\u20b9", "fromCurrency": null, "toCurrency": null, "lastMarket": null, "marketCap": 63550960}, "balanceSheetHistory": {"balanceSheetStatements": [{"maxAge": 1, "endDate": "2020-03-31", "cash": 18977000, "netReceivables": 52774000, "inventory": 839905000, "otherCurrentAssets": 28954000, "totalCurrentAssets": 940610000, "longTermInvestments": 87499000, "propertyPlantEquipment": 1602360000, "intangibleAssets": 3269000, "otherAssets": 148749000, "deferredLongTermAssetCharges": 93552000, "totalAssets": 2782487000, "accountsPayable": 1579395000, "otherCurrentLiab": 162811000, "longTermDebt": 97409000, "otherLiab": 55770000, "totalCurrentLiabilities": 2845093000, "totalLiab": 2998272000, "commonStock": 144434000, "treasuryStock": -360219000, "otherStockholderEquity": -360219000, "totalStockholderEquity": -215785000, "netTangibleAssets": -219054000}, {"maxAge": 1, "endDate": "2019-03-31", "cash": 18475000, "netReceivables": 65856000, "inventory": 1195530000, "otherCurrentAssets": 69601000, "totalCurrentAssets": 1349462000, "propertyPlantEquipment": 1564179000, "intangibleAssets": 3850000, "otherAssets": 196224000, "deferredLongTermAssetCharges": 93552000, "totalAssets": 3113715000, "accountsPayable": 1619275000, "shortLongTermDebt": 298000, "otherCurrentLiab": 18448000, "longTermDebt": 95287000, "otherLiab": 55229000, "totalCurrentLiabilities": 2932064000, "totalLiab": 3082580000, "commonStock": 144434000, "retainedEarnings": -1075553000, "treasuryStock": 791949000, "capitalSurplus": 170305000, "otherStockholderEquity": 791949000, "totalStockholderEquity": 31135000, "netTangibleAssets": 27285000}, {"maxAge": 1, "endDate": "2018-03-31", "cash": 3140000, "netReceivables": 88789000, "inventory": 1731841000, "otherCurrentAssets": 57469000, "totalCurrentAssets": 1881239000, "propertyPlantEquipment": 1578964000, "intangibleAssets": 3510000, "otherAssets": 171982000, "deferredLongTermAssetCharges": 93552000, "totalAssets": 3635695000, "accountsPayable": 1565389000, "shortLongTermDebt": 110311000, "otherCurrentLiab": 26702000, "longTermDebt": 232730000, "otherLiab": 57698000, "totalCurrentLiabilities": 2849654000, "totalLiab": 3140082000, "commonStock": 144434000, "retainedEarnings": -611241000, "treasuryStock": 792115000, "capitalSurplus": 170305000, "otherStockholderEquity": 792115000, "totalStockholderEquity": 495613000, "netTangibleAssets": 492103000}, {"maxAge": 1, "endDate": "2017-03-31", "cash": 5468000, "netReceivables": 56831000, "inventory": 1122592000, "otherCurrentAssets": 86976000, "totalCurrentAssets": 1271867000, "propertyPlantEquipment": 1573720000, "intangibleAssets": 2141000, "otherAssets": 239430000, "deferredLongTermAssetCharges": 93552000, "totalAssets": 3087158000, "accountsPayable": 723215000, "shortLongTermDebt": 159086000, "otherCurrentLiab": 37090000, "longTermDebt": 314948000, "otherLiab": 52641000, "totalCurrentLiabilities": 2010088000, "totalLiab": 2377677000, "commonStock": 144434000, "retainedEarnings": -402684000, "treasuryStock": 797426000, "capitalSurplus": 170305000, "otherStockholderEquity": 797426000, "totalStockholderEquity": 709481000, "netTangibleAssets": 707340000}], "maxAge": 86400}, "financialData": {"maxAge": 86400, "currentPrice": 4.4, "recommendationKey": "none", "grossProfits": 239414000, "financialCurrency": "INR"}}}