{"RIIL.BO": {"cashflowStatementHistory": {"cashflowStatements": [{"maxAge": 1, "endDate": "2020-03-31", "netIncome": 97084000, "depreciation": 40775000, "changeToNetincome": -199790000, "changeToAccountReceivables": -109236000, "changeToLiabilities": 81273000, "changeToInventory": 3103000, "totalCashFromOperatingActivities": 12828000, "investments": -89238000, "otherCashflowsFromInvestingActivities": 143111000, "totalCashflowsFromInvestingActivities": 54216000, "dividendsPaid": -55689000, "totalCashFromFinancingActivities": -55689000, "changeInCash": 11355000}, {"maxAge": 1, "endDate": "2019-03-31", "netIncome": 93165000, "depreciation": 142032000, "changeToNetincome": -209459000, "changeToAccountReceivables": 146583000, "changeToLiabilities": -33867000, "changeToInventory": -7442000, "totalCashFromOperatingActivities": 131012000, "capitalExpenditures": -21127000, "investments": -129000000, "otherCashflowsFromInvestingActivities": 75103000, "totalCashflowsFromInvestingActivities": -71364000, "dividendsPaid": -64212000, "totalCashFromFinancingActivities": -64212000, "changeInCash": -4564000}, {"maxAge": 1, "endDate": "2018-03-31", "netIncome": 108727000, "depreciation": 139072000, "changeToNetincome": -160000000, "changeToAccountReceivables": -9794000, "changeToLiabilities": 44860000, "changeToInventory": 988000, "totalCashFromOperatingActivities": 123853000, "capitalExpenditures": -24302000, "investments": -70424000, "otherCashflowsFromInvestingActivities": 14819000, "totalCashflowsFromInvestingActivities": -72913000, "dividendsPaid": -63106000, "totalCashFromFinancingActivities": -63106000, "changeInCash": -12166000}, {"maxAge": 1, "endDate": "2017-03-31", "netIncome": 170187000, "depreciation": 144325000, "changeToNetincome": -201314000, "changeToAccountReceivables": 120784000, "changeToLiabilities": 30015000, "changeToInventory": -875000, "totalCashFromOperatingActivities": 263122000, "capitalExpenditures": -157389000, "investments": -83178000, "otherCashflowsFromInvestingActivities": 46240000, "totalCashflowsFromInvestingActivities": -191670000, "dividendsPaid": -63220000, "totalCashFromFinancingActivities": -63220000, "changeInCash": 8232000}], "maxAge": 86400}, "institutionOwnership": {"ownershipList": [], "maxAge": 1}, "balanceSheetHistoryQuarterly": {"balanceSheetStatements": [{"maxAge": 1, "endDate": "2020-09-30", "cash": 31985000, "shortTermInvestments": 408910000, "netReceivables": 245721000, "inventory": 22632000, "otherCurrentAssets": 32322000, "totalCurrentAssets": 741570000, "longTermInvestments": 3143274000, "propertyPlantEquipment": 481719000, "intangibleAssets": 125498000, "otherAssets": 22100000, "totalAssets": 4514161000, "accountsPayable": 162461000, "otherCurrentLiab": 56337000, "otherLiab": 182210000, "totalCurrentLiabilities": 232518000, "totalLiab": 414728000, "commonStock": 151000000, "treasuryStock": 3948433000, "otherStockholderEquity": 3948433000, "totalStockholderEquity": 4099433000, "netTangibleAssets": 3973935000}, {"maxAge": 1, "endDate": "2020-06-30", "totalStockholderEquity": 3702815000, "netTangibleAssets": 3528642000}, {"maxAge": 1, "endDate": "2020-03-31", "cash": 26733000, "netReceivables": 358312000, "inventory": 22065000, "otherCurrentAssets": 37739000, "totalCurrentAssets": 776180000, "longTermInvestments": 2670372000, "propertyPlantEquipment": 500873000, "intangibleAssets": 174173000, "otherAssets": 22100000, "totalAssets": 4143698000, "accountsPayable": 225900000, "otherCurrentLiab": 57845000, "otherLiab": 141894000, "totalCurrentLiabilities": 298989000, "totalLiab": 440883000, "commonStock": 151000000, "retainedEarnings": 2769304000, "treasuryStock": 686511000, "capitalSurplus": 96000000, "otherStockholderEquity": 686511000, "totalStockholderEquity": 3702815000, "netTangibleAssets": 3528642000}, {"maxAge": 1, "endDate": "2019-12-31", "totalStockholderEquity": 3705681000, "netTangibleAssets": 3456657000}], "maxAge": 86400}, "indexTrend": {"maxAge": 1, "symbol": "SP5", "peRatio": 19.7411, "pegRatio": 1.34172, "estimates": [{"period": "0q", "growth": 0.549}, {"period": "+1q", "growth": 0.431}, {"period": "0y", "growth": 0.305}, {"period": "+1y", "growth": 0.109}, {"period": "+5y", "growth": 0.120865}, {"period": "-5y"}]}, "quoteType": {"exchange": "BSE", "quoteType": "EQUITY", "symbol": "RIIL.BO", "underlyingSymbol": "RIIL.BO", "shortName": "RELIANCE INDUSTRIAL INFRASTRUC", "longName": "Reliance Industrial Infrastructure Limited", "firstTradeDateEpochUtc": "1991-11-26 09:15:00", "timeZoneFullName": "Asia/Kolkata", "timeZoneShortName": "IST", "uuid": "ad83a89c-bbcd-3731-8b4d-2abf5d04b35e", "gmtOffSetMilliseconds": 19800000, "maxAge": 1}, "incomeStatementHistory": {"incomeStatementHistory": [{"maxAge": 1, "endDate": "2020-03-31", "totalRevenue": 797964000, "costOfRevenue": 74582000, "grossProfit": 723382000, "researchDevelopment": {}, "sellingGeneralAdministrative": 335669000, "nonRecurring": {}, "otherOperatingExpenses": 314221000, "totalOperatingExpenses": 864866000, "operatingIncome": -66902000, "totalOtherIncomeExpenseNet": 177317000, "ebit": -66902000, "interestExpense": {}, "incomeBeforeTax": 110415000, "incomeTaxExpense": 13331000, "minorityInterest": {}, "netIncomeFromContinuingOps": 97084000, "discontinuedOperations": {}, "extraordinaryItems": {}, "effectOfAccountingCharges": {}, "otherItems": {}, "netIncome": 97084000, "netIncomeApplicableToCommonShares": 97084000}, {"maxAge": 1, "endDate": "2019-03-31", "totalRevenue": 845858000, "costOfRevenue": 53471000, "grossProfit": 792387000, "researchDevelopment": {}, "sellingGeneralAdministrative": 351801000, "nonRecurring": {}, "otherOperatingExpenses": 330995000, "totalOperatingExpenses": 878299000, "operatingIncome": -32441000, "totalOtherIncomeExpenseNet": 167660000, "ebit": -32441000, "interestExpense": {}, "incomeBeforeTax": 135219000, "incomeTaxExpense": 42054000, "minorityInterest": {}, "netIncomeFromContinuingOps": 93165000, "discontinuedOperations": {}, "extraordinaryItems": {}, "effectOfAccountingCharges": {}, "otherItems": {}, "netIncome": 93165000, "netIncomeApplicableToCommonShares": 93165000}, {"maxAge": 1, "endDate": "2018-03-31", "totalRevenue": 888707000, "costOfRevenue": 68854000, "grossProfit": 819853000, "researchDevelopment": {}, "sellingGeneralAdministrative": 332896000, "nonRecurring": {}, "otherOperatingExpenses": 323287000, "totalOperatingExpenses": 864109000, "operatingIncome": 24598000, "totalOtherIncomeExpenseNet": 138068000, "ebit": 24598000, "interestExpense": {}, "incomeBeforeTax": 162666000, "incomeTaxExpense": 53939000, "minorityInterest": {}, "netIncomeFromContinuingOps": 108727000, "discontinuedOperations": {}, "extraordinaryItems": {}, "effectOfAccountingCharges": {}, "otherItems": {}, "netIncome": 108727000, "netIncomeApplicableToCommonShares": 108727000}, {"maxAge": 1, "endDate": "2017-03-31", "totalRevenue": 932086000, "costOfRevenue": 98840000, "grossProfit": 833246000, "researchDevelopment": {}, "sellingGeneralAdministrative": 331262000, "nonRecurring": {}, "otherOperatingExpenses": 311163000, "totalOperatingExpenses": 885590000, "operatingIncome": 46496000, "totalOtherIncomeExpenseNet": 161979000, "ebit": 46496000, "interestExpense": {}, "incomeBeforeTax": 208475000, "incomeTaxExpense": 38288000, "minorityInterest": {}, "netIncomeFromContinuingOps": 170187000, "discontinuedOperations": {}, "extraordinaryItems": {}, "effectOfAccountingCharges": {}, "otherItems": {}, "netIncome": 170187000, "netIncomeApplicableToCommonShares": 170187000}], "maxAge": 86400}, "fundOwnership": {"ownershipList": [], "maxAge": 1}, "summaryDetail": {"maxAge": 1, "priceHint": 2, "previousClose": 369.5, "open": 369.5, "dayLow": 366.7, "dayHigh": 381.45, "regularMarketPreviousClose": 369.5, "regularMarketOpen": 369.5, "regularMarketDayLow": 366.7, "regularMarketDayHigh": 381.45, "trailingPE": 59.11722, "volume": 9061, "regularMarketVolume": 9061, "averageVolume": 22068, "averageVolume10days": 14458, "averageDailyVolume10Day": 14458, "bid": 365.5, "ask": 367.65, "bidSize": 0, "askSize": 0, "marketCap": 5568169472, "fiftyTwoWeekLow": 163.95, "fiftyTwoWeekHigh": 479.7, "fiftyDayAverage": 395.6591, "twoHundredDayAverage": 395.53677, "trailingAnnualDividendRate": 3.0, "trailingAnnualDividendYield": 0.00811908, "currency": "INR", "fromCurrency": null, "lastMarket": null, "algorithm": null, "tradeable": false}, "incomeStatementHistoryQuarterly": {"incomeStatementHistory": [{"maxAge": 1, "endDate": "2020-09-30", "totalRevenue": 136282000, "costOfRevenue": 0, "grossProfit": 136282000, "researchDevelopment": {}, "sellingGeneralAdministrative": 94257000, "nonRecurring": {}, "otherOperatingExpenses": 29959000, "totalOperatingExpenses": 157536000, "operatingIncome": -21254000, "totalOtherIncomeExpenseNet": 45357000, "ebit": -21254000, "interestExpense": {}, "incomeBeforeTax": 24103000, "incomeTaxExpense": 2183000, "minorityInterest": {}, "netIncomeFromContinuingOps": 21920000, "discontinuedOperations": {}, "extraordinaryItems": {}, "effectOfAccountingCharges": {}, "otherItems": {}, "netIncome": 21920000, "netIncomeApplicableToCommonShares": 21920000}, {"maxAge": 1, "endDate": "2020-06-30", "totalRevenue": 129407000, "costOfRevenue": 0, "grossProfit": 129407000, "researchDevelopment": {}, "sellingGeneralAdministrative": 80552000, "nonRecurring": {}, "otherOperatingExpenses": 36259000, "totalOperatingExpenses": 151321000, "operatingIncome": -21914000, "totalOtherIncomeExpenseNet": 44549000, "ebit": -21914000, "interestExpense": {}, "incomeBeforeTax": 22635000, "incomeTaxExpense": 2097000, "minorityInterest": {}, "netIncomeFromContinuingOps": 20538000, "discontinuedOperations": {}, "extraordinaryItems": {}, "effectOfAccountingCharges": {}, "otherItems": {}, "netIncome": 20538000, "netIncomeApplicableToCommonShares": 20538000}, {"maxAge": 1, "endDate": "2020-03-31", "totalRevenue": 194748000, "costOfRevenue": 74582000, "grossProfit": 120166000, "researchDevelopment": {}, "sellingGeneralAdministrative": -95583000, "nonRecurring": {}, "otherOperatingExpenses": 199338000, "totalOperatingExpenses": 212833000, "operatingIncome": -18085000, "totalOtherIncomeExpenseNet": 45010000, "ebit": -18085000, "interestExpense": {}, "incomeBeforeTax": 26925000, "incomeTaxExpense": 53000, "minorityInterest": {}, "netIncomeFromContinuingOps": 26872000, "discontinuedOperations": {}, "extraordinaryItems": {}, "effectOfAccountingCharges": {}, "otherItems": {}, "netIncome": 26872000, "netIncomeApplicableToCommonShares": 26872000}, {"maxAge": 1, "endDate": "2019-12-31", "totalRevenue": 199836000, "costOfRevenue": 0, "grossProfit": 199836000, "researchDevelopment": {}, "sellingGeneralAdministrative": 144897000, "nonRecurring": {}, "otherOperatingExpenses": 41283000, "totalOperatingExpenses": 221214000, "operatingIncome": -21378000, "totalOtherIncomeExpenseNet": 48201000, "ebit": -21378000, "interestExpense": {}, "incomeBeforeTax": 26823000, "incomeTaxExpense": 2240000, "minorityInterest": {}, "netIncomeFromContinuingOps": 24583000, "discontinuedOperations": {}, "extraordinaryItems": {}, "effectOfAccountingCharges": {}, "otherItems": {}, "netIncome": 24583000, "netIncomeApplicableToCommonShares": 24583000}], "maxAge": 86400}, "cashflowStatementHistoryQuarterly": {"cashflowStatements": [{"maxAge": 1, "endDate": "2020-09-30", "netIncome": 21920000, "changeToLiabilities": 0}, {"maxAge": 1, "endDate": "2020-06-30", "netIncome": 20538000, "changeToLiabilities": 0}, {"maxAge": 1, "endDate": "2020-03-31", "netIncome": 26872000, "changeToLiabilities": 0}, {"maxAge": 1, "endDate": "2019-12-31", "netIncome": 24583000, "changeToLiabilities": 0}], "maxAge": 86400}, "insiderHolders": {"holders": [], "maxAge": 1}, "calendarEvents": {"maxAge": 1, "earnings": {"earningsDate": ["2019-01-11 05:30:S"]}}, "upgradeDowngradeHistory": {"history": [], "maxAge": 86400}, "price": {"maxAge": 1, "regularMarketChangePercent": -0.0050067822, "regularMarketChange": -1.8500061, "regularMarketTime": "2021-04-30 15:29:43", "priceHint": 2, "regularMarketPrice": 367.65, "regularMarketDayHigh": 381.45, "regularMarketDayLow": 366.7, "regularMarketVolume": 9061, "averageDailyVolume10Day": 14458, "averageDailyVolume3Month": 22068, "regularMarketPreviousClose": 369.5, "regularMarketSource": "FREE_REALTIME", "regularMarketOpen": 369.5, "exchange": "BSE", "exchangeName": "BSE", "exchangeDataDelayedBy": 0, "marketState": "CLOSED", "quoteType": "EQUITY", "symbol": "RIIL.BO", "underlyingSymbol": null, "shortName": "RELIANCE INDUSTRIAL INFRASTRUC", "longName": "Reliance Industrial Infrastructure Limited", "currency": "INR", "quoteSourceName": "Delayed Quote", "currencySymbol": "\u20b9", "fromCurrency": null, "lastMarket": null, "marketCap": 5568169472}, "balanceSheetHistory": {"balanceSheetStatements": [{"maxAge": 1, "endDate": "2020-03-31", "cash": 26733000, "netReceivables": 358312000, "inventory": 22065000, "otherCurrentAssets": 37739000, "totalCurrentAssets": 776180000, "longTermInvestments": 2670372000, "propertyPlantEquipment": 500873000, "intangibleAssets": 174173000, "otherAssets": 22100000, "totalAssets": 4143698000, "accountsPayable": 225900000, "otherCurrentLiab": 57845000, "otherLiab": 141894000, "totalCurrentLiabilities": 298989000, "totalLiab": 440883000, "commonStock": 151000000, "retainedEarnings": 2769304000, "treasuryStock": 686511000, "capitalSurplus": 96000000, "otherStockholderEquity": 686511000, "totalStockholderEquity": 3702815000, "netTangibleAssets": 3528642000}, {"maxAge": 1, "endDate": "2019-03-31", "cash": 15378000, "netReceivables": 266105000, "inventory": 25168000, "otherCurrentAssets": 30449000, "totalCurrentAssets": 563382000, "longTermInvestments": 2697606000, "propertyPlantEquipment": 542948000, "intangibleAssets": 273792000, "otherAssets": 22500000, "totalAssets": 4100228000, "accountsPayable": 150701000, "otherCurrentLiab": 52065000, "otherLiab": 174016000, "totalCurrentLiabilities": 219358000, "totalLiab": 393374000, "commonStock": 151000000, "retainedEarnings": 2726830000, "treasuryStock": 733024000, "capitalSurplus": 96000000, "otherStockholderEquity": 733024000, "totalStockholderEquity": 3706854000, "netTangibleAssets": 3433062000}, {"maxAge": 1, "endDate": "2018-03-31", "cash": 19942000, "netReceivables": 293625000, "inventory": 17726000, "otherCurrentAssets": 58514000, "totalCurrentAssets": 477903000, "longTermInvestments": 2532111000, "propertyPlantEquipment": 597331000, "intangibleAssets": 350513000, "otherAssets": 22500000, "totalAssets": 3980358000, "accountsPayable": 186478000, "otherCurrentLiab": 49150000, "otherLiab": 188427000, "totalCurrentLiabilities": 251535000, "totalLiab": 439962000, "commonStock": 151000000, "retainedEarnings": 2697378000, "treasuryStock": 596018000, "capitalSurplus": 96000000, "otherStockholderEquity": 596018000, "totalStockholderEquity": 3540396000, "netTangibleAssets": 3189883000}, {"maxAge": 1, "endDate": "2017-03-31", "cash": 32358000, "netReceivables": 226789000, "inventory": 18714000, "otherCurrentAssets": 40066000, "totalCurrentAssets": 438824000, "longTermInvestments": 2312718000, "propertyPlantEquipment": 639891000, "intangibleAssets": 427533000, "otherAssets": 23500000, "totalAssets": 3842466000, "accountsPayable": 146681000, "otherCurrentLiab": 44261000, "otherLiab": 213559000, "totalCurrentLiabilities": 206022000, "totalLiab": 419581000, "commonStock": 151000000, "retainedEarnings": 2652261000, "treasuryStock": 523624000, "capitalSurplus": 96000000, "otherStockholderEquity": 523624000, "totalStockholderEquity": 3422885000, "netTangibleAssets": 2995352000}], "maxAge": 86400}, "financialData": {"maxAge": 86400, "currentPrice": 367.65, "recommendationKey": "none", "grossProfits": 723382000, "financialCurrency": "INR"}}}