{"RIR.BO": {"cashflowStatementHistory": {"cashflowStatements": [{"maxAge": 1, "endDate": "2020-03-31", "netIncome": 14219177, "depreciation": 11261373, "changeToNetincome": 3483954, "changeToAccountReceivables": 41222592, "changeToLiabilities": -22358347, "changeToInventory": -6691544, "changeToOperatingActivities": 3924723, "totalCashFromOperatingActivities": 45061928, "capitalExpenditures": -6816869, "otherCashflowsFromInvestingActivities": 438117, "totalCashflowsFromInvestingActivities": -6378752, "dividendsPaid": -6957240, "netBorrowings": -21528033, "otherCashflowsFromFinancingActivities": -9840876, "totalCashFromFinancingActivities": -38326149, "changeInCash": 357027}, {"maxAge": 1, "endDate": "2019-03-31", "netIncome": 25998261, "depreciation": 10753751, "changeToNetincome": 9003675, "changeToAccountReceivables": -783512, "changeToLiabilities": -20661371, "changeToInventory": 21098420, "changeToOperatingActivities": -6846408, "totalCashFromOperatingActivities": 38562816, "capitalExpenditures": -3712761, "otherCashflowsFromInvestingActivities": 500493, "totalCashflowsFromInvestingActivities": -3212268, "dividendsPaid": -6957240, "netBorrowings": -25823451, "otherCashflowsFromFinancingActivities": -9961711, "totalCashFromFinancingActivities": -35785162, "changeInCash": -434614}, {"maxAge": 1, "endDate": "2018-03-31", "netIncome": 7938717, "depreciation": 11543059, "changeToNetincome": 6775896, "changeToAccountReceivables": -2125799, "changeToLiabilities": 27862426, "changeToInventory": -43884100, "changeToOperatingActivities": 1937722, "totalCashFromOperatingActivities": 10047921, "capitalExpenditures": -2579065, "otherCashflowsFromInvestingActivities": 2259102, "totalCashflowsFromInvestingActivities": -319963, "dividendsPaid": -6957240, "netBorrowings": 816893, "otherCashflowsFromFinancingActivities": -11521102, "totalCashFromFinancingActivities": -9457489, "changeInCash": 270469, "issuanceOfStock": 1246720}, {"maxAge": 1, "endDate": "2017-03-31", "netIncome": 6730744, "depreciation": 11461607, "changeToNetincome": 12770336, "changeToAccountReceivables": -22028888, "changeToLiabilities": -17812004, "changeToInventory": 21991402, "changeToOperatingActivities": 8037808, "totalCashFromOperatingActivities": 21151005, "capitalExpenditures": -4830469, "otherCashflowsFromInvestingActivities": 1382178, "totalCashflowsFromInvestingActivities": -3448291, "dividendsPaid": -6957240, "netBorrowings": -3747260, "otherCashflowsFromFinancingActivities": -14832676, "totalCashFromFinancingActivities": -18428640, "changeInCash": -725926, "issuanceOfStock": 151296}], "maxAge": 86400}, "institutionOwnership": {"ownershipList": [], "maxAge": 1}, "balanceSheetHistoryQuarterly": {"balanceSheetStatements": [{"maxAge": 1, "endDate": "2020-06-30", "totalStockholderEquity": 206502235, "netTangibleAssets": 206502235}, {"maxAge": 1, "endDate": "2020-03-31", "cash": 508625, "shortTermInvestments": 915000, "netReceivables": 100774651, "inventory": 133526947, "otherCurrentAssets": 5741033, "totalCurrentAssets": 242735454, "propertyPlantEquipment": 70557083, "otherAssets": 4526221, "totalAssets": 317818758, "accountsPayable": 28581102, "otherCurrentLiab": 6670699, "longTermDebt": 25430325, "otherLiab": 17529490, "totalCurrentLiabilities": 68356708, "totalLiab": 111316523, "commonStock": 69572400, "retainedEarnings": 129029485, "treasuryStock": 6334355, "capitalSurplus": 1565995, "otherStockholderEquity": 7079892, "totalStockholderEquity": 206502235, "netTangibleAssets": 206502235}, {"maxAge": 1, "endDate": "2019-12-31", "totalStockholderEquity": 203721000, "netTangibleAssets": 203721000}, {"maxAge": 1, "endDate": "2019-09-30", "cash": 6534000, "netReceivables": 140449000, "inventory": 158990000, "otherCurrentAssets": 14000, "totalCurrentAssets": 305987000, "longTermInvestments": 4604000, "propertyPlantEquipment": 74975000, "totalAssets": 385566000, "accountsPayable": 73896000, "otherCurrentLiab": 8043000, "longTermDebt": 31815000, "otherLiab": 21607000, "totalCurrentLiabilities": 128423000, "totalLiab": 181845000, "commonStock": 68827000, "treasuryStock": 134894000, "otherStockholderEquity": 134894000, "totalStockholderEquity": 203721000, "netTangibleAssets": 203721000}], "maxAge": 86400}, "indexTrend": {"maxAge": 1, "symbol": "SP5", "peRatio": 19.7411, "pegRatio": 1.34172, "estimates": [{"period": "0q", "growth": 0.549}, {"period": "+1q", "growth": 0.431}, {"period": "0y", "growth": 0.305}, {"period": "+1y", "growth": 0.109}, {"period": "+5y", "growth": 0.120859005}, {"period": "-5y"}]}, "insiderTransactions": {"transactions": [{"maxAge": 1, "shares": 46250, "filerUrl": "", "transactionText": "", "filerName": "Mehta (Vaishali Utpal)", "filerRelation": "Promoter", "moneyText": "", "startDate": "2018-01-31", "ownership": "D"}, {"maxAge": 1, "shares": 10000, "filerUrl": "", "transactionText": "", "filerName": "Mehta (Bhavna Harshad)", "filerRelation": "Director", "moneyText": "", "startDate": "2010-01-20", "ownership": "D"}, {"maxAge": 1, "shares": 10000, "filerUrl": "", "transactionText": "", "filerName": "Trasi (Ramesh G)", "filerRelation": "UNREPORTED", "moneyText": "", "startDate": "2010-01-20", "ownership": "D"}, {"maxAge": 1, "shares": 3374500, "filerUrl": "", "transactionText": "", "filerName": "Mehta (Bhavna Harshad)", "filerRelation": "Director", "moneyText": "", "startDate": "2009-09-09", "ownership": "D"}, {"maxAge": 1, "shares": 6250, "filerUrl": "", "transactionText": "", "filerName": "Shah (Hasmukh Jamnadas)", "filerRelation": "UNREPORTED", "moneyText": "", "startDate": "2009-09-09", "ownership": "D"}, {"maxAge": 1, "shares": 2500, "filerUrl": "", "transactionText": "", "filerName": "Choksey (Kisan R)", "filerRelation": "Director", "moneyText": "", "startDate": "2009-09-07", "ownership": "D"}, {"maxAge": 1, "shares": 107500, "filerUrl": "", "transactionText": "", "filerName": "Mehta (Bhavna Harshad)", "filerRelation": "Director", "moneyText": "", "startDate": "2009-09-07", "ownership": "D"}, {"maxAge": 1, "shares": 10000, "filerUrl": "", "transactionText": "", "filerName": "Mehta (Bhavna Harshad)", "filerRelation": "Director", "moneyText": "", "startDate": "2009-09-07", "ownership": "D"}, {"maxAge": 1, "shares": 100000, "filerUrl": "", "transactionText": "", "filerName": "Mehta (Veena M)", "filerRelation": "UNREPORTED", "moneyText": "", "startDate": "2009-09-07", "ownership": "D"}, {"maxAge": 1, "shares": 2500, "filerUrl": "", "transactionText": "", "filerName": "Shah (Hasmukh Jamnadas)", "filerRelation": "UNREPORTED", "moneyText": "", "startDate": "2009-09-07", "ownership": "D"}, {"maxAge": 1, "shares": 2500, "filerUrl": "", "transactionText": "", "filerName": "Shah (P G)", "filerRelation": "Director", "moneyText": "", "startDate": "2009-09-07", "ownership": "D"}], "maxAge": 1}, "quoteType": {"exchange": "BSE", "quoteType": "EQUITY", "symbol": "RIR.BO", "underlyingSymbol": "RIR.BO", "shortName": "RUTTONSHA INTERNATIONAL RECTIF", "longName": "Ruttonsha International Rectifier Ltd.", "firstTradeDateEpochUtc": "2006-09-05 09:15:00", "timeZoneFullName": "Asia/Kolkata", "timeZoneShortName": "IST", "uuid": "c9a34cea-e37d-3525-a4b2-cc9ce1e2799c", "gmtOffSetMilliseconds": 19800000, "maxAge": 1}, "incomeStatementHistory": {"incomeStatementHistory": [{"maxAge": 1, "endDate": "2020-03-31", "totalRevenue": 335803482, "costOfRevenue": 218447772, "grossProfit": 117355710, "researchDevelopment": {}, "sellingGeneralAdministrative": 48419056, "nonRecurring": {}, "otherOperatingExpenses": 37216225, "totalOperatingExpenses": 315344426, "operatingIncome": 20459056, "totalOtherIncomeExpenseNet": -3780988, "ebit": 20459056, "interestExpense": -4098741, "incomeBeforeTax": 16678068, "incomeTaxExpense": 2458891, "minorityInterest": {}, "netIncomeFromContinuingOps": 14219177, "discontinuedOperations": {}, "extraordinaryItems": {}, "effectOfAccountingCharges": {}, "otherItems": {}, "netIncome": 14219177, "netIncomeApplicableToCommonShares": 14219177}, {"maxAge": 1, "endDate": "2019-03-31", "totalRevenue": 430453020, "costOfRevenue": 292624423, "grossProfit": 137828597, "researchDevelopment": {}, "sellingGeneralAdministrative": 49005999, "nonRecurring": {}, "otherOperatingExpenses": 37264357, "totalOperatingExpenses": 389648530, "operatingIncome": 40804490, "totalOtherIncomeExpenseNet": -5163322, "ebit": 40804490, "interestExpense": -5721631, "incomeBeforeTax": 35641168, "incomeTaxExpense": 9642907, "minorityInterest": {}, "netIncomeFromContinuingOps": 25998261, "discontinuedOperations": {}, "extraordinaryItems": {}, "effectOfAccountingCharges": {}, "otherItems": {}, "netIncome": 25998261, "netIncomeApplicableToCommonShares": 25998261}, {"maxAge": 1, "endDate": "2018-03-31", "totalRevenue": 317965123, "costOfRevenue": 213403873, "grossProfit": 104561250, "researchDevelopment": {}, "sellingGeneralAdministrative": 39014244, "nonRecurring": {}, "otherOperatingExpenses": 31590542, "totalOperatingExpenses": 295551718, "operatingIncome": 22413405, "totalOtherIncomeExpenseNet": -10982941, "ebit": 22413405, "interestExpense": -9699643, "incomeBeforeTax": 11430464, "incomeTaxExpense": 3491747, "minorityInterest": {}, "netIncomeFromContinuingOps": 7938717, "discontinuedOperations": {}, "extraordinaryItems": {}, "effectOfAccountingCharges": {}, "otherItems": {}, "netIncome": 7938717, "netIncomeApplicableToCommonShares": 7938717}, {"maxAge": 1, "endDate": "2017-03-31", "totalRevenue": 282593091, "costOfRevenue": 183743988, "grossProfit": 98849103, "researchDevelopment": {}, "sellingGeneralAdministrative": 38845406, "nonRecurring": {}, "otherOperatingExpenses": 27480207, "totalOperatingExpenses": 261531208, "operatingIncome": 21061883, "totalOtherIncomeExpenseNet": -12066316, "ebit": 21061883, "interestExpense": -11217966, "incomeBeforeTax": 8995567, "incomeTaxExpense": 2264823, "minorityInterest": {}, "netIncomeFromContinuingOps": 6730744, "discontinuedOperations": {}, "extraordinaryItems": {}, "effectOfAccountingCharges": {}, "otherItems": {}, "netIncome": 6730744, "netIncomeApplicableToCommonShares": 6730744}], "maxAge": 86400}, "fundOwnership": {"ownershipList": [], "maxAge": 1}, "summaryDetail": {"maxAge": 1, "priceHint": 2, "previousClose": 55.7, "open": 58.25, "dayLow": 54.0, "dayHigh": 58.45, "regularMarketPreviousClose": 55.7, "regularMarketOpen": 58.25, "regularMarketDayLow": 54.0, "regularMarketDayHigh": 58.45, "trailingPE": 252.06422, "volume": 4396, "regularMarketVolume": 4396, "averageVolume": 1048, "averageVolume10days": 523, "averageDailyVolume10Day": 523, "bid": 54.25, "ask": 56.0, "bidSize": 0, "askSize": 0, "marketCap": 372123040, "fiftyTwoWeekLow": 26.3, "fiftyTwoWeekHigh": 58.45, "fiftyDayAverage": 37.719696, "twoHundredDayAverage": 33.901104, "currency": "INR", "fromCurrency": null, "lastMarket": null, "algorithm": null, "tradeable": false}, "incomeStatementHistoryQuarterly": {"incomeStatementHistory": [{"maxAge": 1, "endDate": "2020-06-30", "totalRevenue": 28825000, "costOfRevenue": 16575000, "grossProfit": 12250000, "researchDevelopment": {}, "sellingGeneralAdministrative": 10496000, "nonRecurring": {}, "otherOperatingExpenses": 5591000, "totalOperatingExpenses": 35433000, "operatingIncome": -6608000, "totalOtherIncomeExpenseNet": -1152000, "ebit": -6608000, "interestExpense": -1502000, "incomeBeforeTax": -7760000, "incomeTaxExpense": -816000, "minorityInterest": {}, "netIncomeFromContinuingOps": -6944000, "discontinuedOperations": {}, "extraordinaryItems": {}, "effectOfAccountingCharges": {}, "otherItems": {}, "netIncome": -6944000, "netIncomeApplicableToCommonShares": -6944000}, {"maxAge": 1, "endDate": "2020-03-31", "totalRevenue": 60637482, "costOfRevenue": 41260772, "grossProfit": 19376710, "researchDevelopment": {}, "sellingGeneralAdministrative": 12391056, "nonRecurring": {}, "otherOperatingExpenses": 5563225, "totalOperatingExpenses": 62041426, "operatingIncome": -1403944, "totalOtherIncomeExpenseNet": -1264988, "ebit": -1403944, "interestExpense": -1502000, "incomeBeforeTax": -2668932, "incomeTaxExpense": 244891, "minorityInterest": {}, "netIncomeFromContinuingOps": -2913823, "discontinuedOperations": {}, "extraordinaryItems": {}, "effectOfAccountingCharges": {}, "otherItems": {}, "netIncome": -2913823, "netIncomeApplicableToCommonShares": -2913823}, {"maxAge": 1, "endDate": "2019-12-31", "totalRevenue": 88212000, "costOfRevenue": 55177000, "grossProfit": 33035000, "researchDevelopment": {}, "sellingGeneralAdministrative": 12256000, "nonRecurring": {}, "otherOperatingExpenses": 12781000, "totalOperatingExpenses": 83030000, "operatingIncome": 5182000, "totalOtherIncomeExpenseNet": -437000, "ebit": 5182000, "interestExpense": -2059000, "incomeBeforeTax": 4745000, "incomeTaxExpense": -1319000, "minorityInterest": {}, "netIncomeFromContinuingOps": 6064000, "discontinuedOperations": {}, "extraordinaryItems": {}, "effectOfAccountingCharges": {}, "otherItems": {}, "netIncome": 6064000, "netIncomeApplicableToCommonShares": 6064000}, {"maxAge": 1, "endDate": "2019-09-30", "totalRevenue": 87994000, "costOfRevenue": 55950000, "grossProfit": 32044000, "researchDevelopment": {}, "sellingGeneralAdministrative": 12028000, "nonRecurring": {}, "otherOperatingExpenses": 9116000, "totalOperatingExpenses": 79901000, "operatingIncome": 8093000, "totalOtherIncomeExpenseNet": -1171000, "ebit": 8093000, "interestExpense": -2176000, "incomeBeforeTax": 6922000, "incomeTaxExpense": 1649000, "minorityInterest": {}, "netIncomeFromContinuingOps": 5273000, "discontinuedOperations": {}, "extraordinaryItems": {}, "effectOfAccountingCharges": {}, "otherItems": {}, "netIncome": 5273000, "netIncomeApplicableToCommonShares": 5273000}], "maxAge": 86400}, "cashflowStatementHistoryQuarterly": {"cashflowStatements": [{"maxAge": 1, "endDate": "2020-06-30", "netIncome": -6944000, "changeToLiabilities": 0}, {"maxAge": 1, "endDate": "2020-03-31", "netIncome": -2913823, "changeToLiabilities": 0}, {"maxAge": 1, "endDate": "2019-12-31", "netIncome": 6064000, "changeToLiabilities": 0}, {"maxAge": 1, "endDate": "2019-09-30", "netIncome": 5273000, "changeToLiabilities": 0}], "maxAge": 86400}, "insiderHolders": {"holders": [{"maxAge": 1, "name": "Choksey (Kisan R)", "relation": "Director", "url": "", "transactionDescription": "Acquisition", "latestTransDate": "2009-09-07", "positionDirect": 4100, "positionDirectDate": "2009-09-07"}, {"maxAge": 1, "name": "Mehta (Bhavna Harshad)", "relation": "Director", "url": "", "transactionDescription": "Sale", "latestTransDate": "2010-01-20", "positionDirect": 4709958, "positionDirectDate": "2010-01-20"}, {"maxAge": 1, "name": "Mehta (Vaishali Utpal)", "relation": "Promoter", "url": "", "transactionDescription": "Gift", "latestTransDate": "2018-01-31", "positionDirect": 0, "positionDirectDate": "2018-01-31"}, {"maxAge": 1, "name": "Mehta (Veena M)", "relation": "UNREPORTED", "url": "", "transactionDescription": "Acquisition", "latestTransDate": "2009-09-07", "positionDirect": 100000, "positionDirectDate": "2009-09-07"}, {"maxAge": 1, "name": "Shah (Hasmukh Jamnadas)", "relation": "UNREPORTED", "url": "", "transactionDescription": "Acquisition", "latestTransDate": "2009-09-09", "positionDirect": 8750, "positionDirectDate": "2009-09-09"}, {"maxAge": 1, "name": "Shah (P G)", "relation": "Director", "url": "", "transactionDescription": "Acquisition", "latestTransDate": "2009-09-07", "positionDirect": 2500, "positionDirectDate": "2009-09-07"}, {"maxAge": 1, "name": "Trasi (Ramesh G)", "relation": "UNREPORTED", "url": "", "transactionDescription": "Acquisition", "latestTransDate": "2010-01-20", "positionDirect": 10000, "positionDirectDate": "2010-01-20"}], "maxAge": 1}, "calendarEvents": {"maxAge": 1, "earnings": {"earningsDate": ["2020-09-14 05:30:S"]}}, "upgradeDowngradeHistory": {"history": [], "maxAge": 86400}, "price": {"maxAge": 1, "regularMarketChangePercent": -0.013464991, "regularMarketChange": -0.75, "regularMarketTime": "2021-04-30 15:29:50", "priceHint": 2, "regularMarketPrice": 54.95, "regularMarketDayHigh": 58.45, "regularMarketDayLow": 54.0, "regularMarketVolume": 4396, "averageDailyVolume10Day": 523, "averageDailyVolume3Month": 1048, "regularMarketPreviousClose": 55.7, "regularMarketSource": "FREE_REALTIME", "regularMarketOpen": 58.25, "exchange": "BSE", "exchangeName": "BSE", "exchangeDataDelayedBy": 0, "marketState": "CLOSED", "quoteType": "EQUITY", "symbol": "RIR.BO", "underlyingSymbol": null, "shortName": "RUTTONSHA INTERNATIONAL RECTIF", "longName": "Ruttonsha International Rectifier Ltd.", "currency": "INR", "quoteSourceName": "Delayed Quote", "currencySymbol": "\u20b9", "fromCurrency": null, "lastMarket": null, "marketCap": 372123040}, "balanceSheetHistory": {"balanceSheetStatements": [{"maxAge": 1, "endDate": "2020-03-31", "cash": 508625, "shortTermInvestments": 915000, "netReceivables": 100774651, "inventory": 133526947, "otherCurrentAssets": 5741033, "totalCurrentAssets": 242735454, "propertyPlantEquipment": 70557083, "otherAssets": 4526221, "totalAssets": 317818758, "accountsPayable": 28581102, "otherCurrentLiab": 6670699, "longTermDebt": 25430325, "otherLiab": 17529490, "totalCurrentLiabilities": 68356708, "totalLiab": 111316523, "commonStock": 69572400, "retainedEarnings": 129029485, "treasuryStock": 6334355, "capitalSurplus": 1565995, "otherStockholderEquity": 7079892, "totalStockholderEquity": 206502235, "netTangibleAssets": 206502235}, {"maxAge": 1, "endDate": "2019-03-31", "cash": 151598, "shortTermInvestments": 6000000, "netReceivables": 141997243, "inventory": 126835403, "otherCurrentAssets": 6347105, "totalCurrentAssets": 282556637, "propertyPlantEquipment": 75001588, "otherAssets": 4476396, "totalAssets": 362034621, "accountsPayable": 50939448, "otherCurrentLiab": 8058409, "longTermDebt": 35807207, "otherLiab": 21808532, "totalCurrentLiabilities": 103220238, "totalLiab": 160835977, "commonStock": 69572400, "retainedEarnings": 123725894, "treasuryStock": 6334355, "capitalSurplus": 1565995, "otherStockholderEquity": 7079892, "totalStockholderEquity": 201198644, "netTangibleAssets": 201198644}, {"maxAge": 1, "endDate": "2018-03-31", "cash": 586212, "shortTermInvestments": 6000000, "netReceivables": 141641320, "inventory": 147933823, "otherCurrentAssets": 2708801, "totalCurrentAssets": 300078667, "propertyPlantEquipment": 82042578, "otherAssets": 3808557, "totalAssets": 385929802, "accountsPayable": 71600819, "otherCurrentLiab": 7169769, "longTermDebt": 39243502, "otherLiab": 27280083, "totalCurrentLiabilities": 144239141, "totalLiab": 210762726, "commonStock": 69572400, "retainedEarnings": 97694326, "treasuryStock": 6334355, "capitalSurplus": 1565995, "otherStockholderEquity": 7079892, "totalStockholderEquity": 175167076, "netTangibleAssets": 175167076}, {"maxAge": 1, "endDate": "2017-03-31", "cash": 315743, "netReceivables": 140606372, "inventory": 104049723, "otherCurrentAssets": 8226634, "totalCurrentAssets": 254110595, "propertyPlantEquipment": 91006572, "otherAssets": 4340149, "totalAssets": 349457316, "accountsPayable": 43738393, "otherCurrentLiab": 9011120, "longTermDebt": 37517783, "otherLiab": 30324209, "totalCurrentLiabilities": 116243365, "totalLiab": 184085357, "commonStock": 69572400, "retainedEarnings": 89416036, "treasuryStock": 6246315, "capitalSurplus": 137208, "otherStockholderEquity": 7079892, "totalStockholderEquity": 165371959, "netTangibleAssets": 165371959}], "maxAge": 86400}, "financialData": {"maxAge": 86400, "currentPrice": 54.95, "recommendationKey": "none", "grossProfits": 117355710, "financialCurrency": "INR"}}}