{"RITESHIN.BO": {"cashflowStatementHistory": {"cashflowStatements": [{"maxAge": 1, "endDate": "2020-03-31", "netIncome": 3116950, "depreciation": 3937364, "changeToNetincome": 2454047, "changeToAccountReceivables": -5976499, "changeToLiabilities": 20435183, "changeToInventory": -9225618, "changeToOperatingActivities": -5298161, "totalCashFromOperatingActivities": 9443263, "capitalExpenditures": -11078462, "otherCashflowsFromInvestingActivities": 4711805, "totalCashflowsFromInvestingActivities": -6138657, "otherCashflowsFromFinancingActivities": -2289581, "totalCashFromFinancingActivities": -2289581, "changeInCash": 1015025}, {"maxAge": 1, "endDate": "2019-03-31", "netIncome": 531664, "depreciation": 3561416, "changeToNetincome": 2371559, "changeToAccountReceivables": -2228592, "changeToLiabilities": -6419285, "changeToInventory": -2375122, "changeToOperatingActivities": 2269023, "totalCashFromOperatingActivities": -2289338, "capitalExpenditures": -7328177, "investments": 3660016, "otherCashflowsFromInvestingActivities": 5217390, "totalCashflowsFromInvestingActivities": 1719229, "otherCashflowsFromFinancingActivities": -1848370, "totalCashFromFinancingActivities": -1848370, "changeInCash": -2418482}, {"maxAge": 1, "endDate": "2018-03-31", "netIncome": 1318701, "depreciation": 3211148, "changeToNetincome": 4539747, "changeToAccountReceivables": -8203010, "changeToLiabilities": 8893832, "changeToInventory": -5761340, "changeToOperatingActivities": 3704018, "totalCashFromOperatingActivities": 7703092, "capitalExpenditures": -6946236, "investments": 4343598, "otherCashflowsFromInvestingActivities": 2837938, "totalCashflowsFromInvestingActivities": 543300, "netBorrowings": -2739245, "otherCashflowsFromFinancingActivities": -3595820, "totalCashFromFinancingActivities": -6335065, "changeInCash": 1911327}, {"maxAge": 1, "endDate": "2017-03-31", "netIncome": 3183777, "depreciation": 3016483, "changeToNetincome": 1143008, "changeToAccountReceivables": 750765, "changeToLiabilities": -201360, "changeToInventory": -4242414, "changeToOperatingActivities": 2741253, "totalCashFromOperatingActivities": 6391510, "capitalExpenditures": -8703493, "investments": -483148, "otherCashflowsFromInvestingActivities": -1173656, "totalCashflowsFromInvestingActivities": -2433901, "netBorrowings": -3974965, "otherCashflowsFromFinancingActivities": -3595820, "totalCashFromFinancingActivities": -3974965, "changeInCash": -17355}], "maxAge": 86400}, "institutionOwnership": {"ownershipList": [], "maxAge": 1}, "balanceSheetHistoryQuarterly": {"balanceSheetStatements": [{"maxAge": 1, "endDate": "2020-06-30", "totalStockholderEquity": 124448000, "netTangibleAssets": 124448000}, {"maxAge": 1, "endDate": "2020-03-31", "cash": 2568911, "netReceivables": 34823403, "inventory": 66519023, "otherCurrentAssets": 2690812, "totalCurrentAssets": 106602149, "propertyPlantEquipment": 76641326, "otherAssets": 4123161, "totalAssets": 187366636, "accountsPayable": 31895974, "otherCurrentLiab": 11879184, "otherLiab": 429448, "totalCurrentLiabilities": 62489430, "totalLiab": 62918878, "commonStock": 85528220, "retainedEarnings": -59171188, "treasuryStock": 51882509, "capitalSurplus": 46208220, "otherStockholderEquity": 51882509, "totalStockholderEquity": 124447761, "netTangibleAssets": 124447761}, {"maxAge": 1, "endDate": "2019-12-31", "totalStockholderEquity": 104633000, "netTangibleAssets": 104633000}, {"maxAge": 1, "endDate": "2019-09-30", "cash": 1557000, "netReceivables": 39864000, "inventory": 51303000, "otherCurrentAssets": 1406000, "totalCurrentAssets": 94130000, "propertyPlantEquipment": 74120000, "otherAssets": 8477000, "totalAssets": 176727000, "accountsPayable": 30922000, "otherCurrentLiab": 8472000, "longTermDebt": 1640000, "otherLiab": 386000, "totalCurrentLiabilities": 70068000, "totalLiab": 72094000, "commonStock": 85528000, "treasuryStock": 19105000, "otherStockholderEquity": 19105000, "totalStockholderEquity": 104633000, "netTangibleAssets": 104633000}], "maxAge": 86400}, "indexTrend": {"maxAge": 1, "symbol": "SP5", "peRatio": 19.7411, "pegRatio": 1.34172, "estimates": [{"period": "0q", "growth": 0.549}, {"period": "+1q", "growth": 0.431}, {"period": "0y", "growth": 0.305}, {"period": "+1y", "growth": 0.109}, {"period": "+5y", "growth": 0.120859005}, {"period": "-5y"}]}, "insiderTransactions": {"transactions": [{"maxAge": 1, "shares": 290522, "filerUrl": "", "transactionText": "", "filerName": "Arora (Anita)", "filerRelation": "Promoter", "moneyText": "", "startDate": "2017-09-26", "ownership": "D"}, {"maxAge": 1, "shares": 475300, "filerUrl": "", "transactionText": "", "filerName": "Arora (Rijul)", "filerRelation": "Promoter", "moneyText": "", "startDate": "2017-09-26", "ownership": "D"}, {"maxAge": 1, "shares": 59190, "filerUrl": "", "transactionText": "", "filerName": "Arora (Rajiv)", "filerRelation": "Executive Chairman", "moneyText": "", "startDate": "2013-08-05", "ownership": "D"}, {"maxAge": 1, "shares": 59190, "filerUrl": "", "transactionText": "", "filerName": "Arora (Sanjeev)", "filerRelation": "Promoter", "moneyText": "", "startDate": "2013-08-05", "ownership": "D"}, {"maxAge": 1, "shares": 297303, "filerUrl": "", "transactionText": "", "filerName": "Arora (Ritesh)", "filerRelation": "Director (Executive)", "moneyText": "", "startDate": "2013-07-29", "ownership": "D"}, {"maxAge": 1, "shares": 100099, "filerUrl": "", "transactionText": "", "filerName": "Arora (Anita)", "filerRelation": "Promoter", "moneyText": "", "startDate": "2013-07-26", "ownership": "D"}, {"maxAge": 1, "shares": 105000, "filerUrl": "", "transactionText": "", "filerName": "Arora (Kavya)", "filerRelation": "Promoter", "moneyText": "", "startDate": "2013-07-26", "ownership": "D"}, {"maxAge": 1, "shares": 440810, "filerUrl": "", "transactionText": "", "filerName": "Arora (Rajiv)", "filerRelation": "Executive Chairman", "moneyText": "", "startDate": "2013-07-26", "ownership": "D"}, {"maxAge": 1, "shares": 300000, "filerUrl": "", "transactionText": "", "filerName": "Arora (Rijul)", "filerRelation": "Promoter", "moneyText": "", "startDate": "2013-07-26", "ownership": "D"}, {"maxAge": 1, "shares": 200000, "filerUrl": "", "transactionText": "", "filerName": "Arora (Roopika)", "filerRelation": "Promoter", "moneyText": "", "startDate": "2013-07-26", "ownership": "D"}, {"maxAge": 1, "shares": 66900, "filerUrl": "", "transactionText": "", "filerName": "Arora (Sandhya)", "filerRelation": "Promoter", "moneyText": "", "startDate": "2013-07-26", "ownership": "D"}, {"maxAge": 1, "shares": 1166213, "filerUrl": "", "transactionText": "", "filerName": "Arora (Sanjeev)", "filerRelation": "Promoter", "moneyText": "", "startDate": "2013-07-26", "ownership": "D"}, {"maxAge": 1, "shares": 15705, "filerUrl": "", "transactionText": "", "filerName": "Arora (Anita)", "filerRelation": "Promoter", "moneyText": "", "startDate": "2011-09-30", "ownership": "D"}, {"maxAge": 1, "shares": 21025, "filerUrl": "", "transactionText": "", "filerName": "Arora (Rajiv) HUF", "filerRelation": "Promoter", "moneyText": "", "startDate": "2011-09-30", "ownership": "D"}, {"maxAge": 1, "shares": 22475, "filerUrl": "", "transactionText": "", "filerName": "Arora (Anita)", "filerRelation": "Promoter", "moneyText": "", "startDate": "2011-03-29", "ownership": "D"}, {"maxAge": 1, "shares": 26045, "filerUrl": "", "transactionText": "", "filerName": "Arora (Rajiv) HUF", "filerRelation": "Promoter", "moneyText": "", "startDate": "2010-11-30", "ownership": "D"}], "maxAge": 1}, "quoteType": {"exchange": "BSE", "quoteType": "EQUITY", "symbol": "RITESHIN.BO", "underlyingSymbol": "RITESHIN.BO", "shortName": "RITESH INTERNATIONAL LTD.", "longName": "Ritesh International Ltd", "firstTradeDateEpochUtc": "2002-02-19 09:15:00", "timeZoneFullName": "Asia/Kolkata", "timeZoneShortName": "IST", "uuid": "a5633100-bd07-3fc1-a2af-b34ad20136b9", "gmtOffSetMilliseconds": 19800000, "maxAge": 1}, "incomeStatementHistory": {"incomeStatementHistory": [{"maxAge": 1, "endDate": "2020-03-31", "totalRevenue": 436540658, "costOfRevenue": 297835460, "grossProfit": 138705198, "researchDevelopment": {}, "sellingGeneralAdministrative": 46876841, "nonRecurring": {}, "otherOperatingExpenses": 83477678, "totalOperatingExpenses": 432127343, "operatingIncome": 4413315, "totalOtherIncomeExpenseNet": -1296365, "ebit": 4413315, "interestExpense": -2010252, "incomeBeforeTax": 3116950, "incomeTaxExpense": 0, "minorityInterest": {}, "netIncomeFromContinuingOps": 3116950, "discontinuedOperations": {}, "extraordinaryItems": {}, "effectOfAccountingCharges": {}, "otherItems": {}, "netIncome": 3116950, "netIncomeApplicableToCommonShares": 3116950}, {"maxAge": 1, "endDate": "2019-03-31", "totalRevenue": 398166825, "costOfRevenue": 291127163, "grossProfit": 107039662, "researchDevelopment": {}, "sellingGeneralAdministrative": 34214696, "nonRecurring": {}, "otherOperatingExpenses": 69698215, "totalOperatingExpenses": 398601490, "operatingIncome": -434665, "totalOtherIncomeExpenseNet": 966329, "ebit": -434665, "interestExpense": -1716522, "incomeBeforeTax": 531664, "incomeTaxExpense": 0, "minorityInterest": {}, "netIncomeFromContinuingOps": 531664, "discontinuedOperations": {}, "extraordinaryItems": {}, "effectOfAccountingCharges": {}, "otherItems": {}, "netIncome": 531664, "netIncomeApplicableToCommonShares": 531664}, {"maxAge": 1, "endDate": "2018-03-31", "totalRevenue": 351422950, "costOfRevenue": 235476751, "grossProfit": 115946199, "researchDevelopment": {}, "sellingGeneralAdministrative": 29221741, "nonRecurring": {}, "otherOperatingExpenses": 79917055, "totalOperatingExpenses": 347826695, "operatingIncome": 3596255, "totalOtherIncomeExpenseNet": -2277554, "ebit": 3596255, "interestExpense": -3399022, "incomeBeforeTax": 1318701, "incomeTaxExpense": 0, "minorityInterest": {}, "netIncomeFromContinuingOps": 1318701, "discontinuedOperations": {}, "extraordinaryItems": {}, "effectOfAccountingCharges": {}, "otherItems": {}, "netIncome": 1318701, "netIncomeApplicableToCommonShares": 1318701}, {"maxAge": 1, "endDate": "2017-03-31", "totalRevenue": 212271999, "costOfRevenue": 133101279, "grossProfit": 79170720, "researchDevelopment": {}, "sellingGeneralAdministrative": 20974256, "nonRecurring": {}, "otherOperatingExpenses": 51445510, "totalOperatingExpenses": 208537528, "operatingIncome": 3734471, "totalOtherIncomeExpenseNet": -550694, "ebit": 3734471, "interestExpense": -4247707, "incomeBeforeTax": 3183777, "incomeTaxExpense": 0, "minorityInterest": {}, "netIncomeFromContinuingOps": 3183777, "discontinuedOperations": {}, "extraordinaryItems": {}, "effectOfAccountingCharges": {}, "otherItems": {}, "netIncome": 3183777, "netIncomeApplicableToCommonShares": 3183777}], "maxAge": 86400}, "fundOwnership": {"ownershipList": [], "maxAge": 1}, "summaryDetail": {"maxAge": 1, "priceHint": 2, "previousClose": 32.3, "open": 32.2, "dayLow": 31.55, "dayHigh": 33.9, "regularMarketPreviousClose": 32.3, "regularMarketOpen": 32.2, "regularMarketDayLow": 31.55, "regularMarketDayHigh": 33.9, "trailingPE": 37.10033, "volume": 14246, "regularMarketVolume": 14246, "averageVolume": 1704, "averageVolume10days": 1180, "averageDailyVolume10Day": 1180, "bid": 33.85, "ask": 0.0, "bidSize": 0, "askSize": 0, "marketCap": 287802400, "fiftyTwoWeekLow": 3.1, "fiftyTwoWeekHigh": 33.9, "fiftyDayAverage": 13.3457575, "twoHundredDayAverage": 11.635294, "currency": "INR", "fromCurrency": null, "lastMarket": null, "algorithm": null, "tradeable": false}, "incomeStatementHistoryQuarterly": {"incomeStatementHistory": [{"maxAge": 1, "endDate": "2020-06-30", "totalRevenue": 78010000, "costOfRevenue": 62494000, "grossProfit": 15516000, "researchDevelopment": {}, "sellingGeneralAdministrative": 6681000, "nonRecurring": {}, "otherOperatingExpenses": 14886000, "totalOperatingExpenses": 85101000, "operatingIncome": -7091000, "totalOtherIncomeExpenseNet": -446000, "ebit": -7091000, "interestExpense": -461000, "incomeBeforeTax": -7537000, "incomeTaxExpense": 0, "minorityInterest": {}, "netIncomeFromContinuingOps": -7537000, "discontinuedOperations": {}, "extraordinaryItems": {}, "effectOfAccountingCharges": {}, "otherItems": {}, "netIncome": -7537000, "netIncomeApplicableToCommonShares": -7537000}, {"maxAge": 1, "endDate": "2020-03-31", "totalRevenue": 130828658, "costOfRevenue": 88701460, "grossProfit": 42127198, "researchDevelopment": {}, "sellingGeneralAdministrative": 16396841, "nonRecurring": {}, "otherOperatingExpenses": 13850678, "totalOperatingExpenses": 119980343, "operatingIncome": 10848315, "totalOtherIncomeExpenseNet": 388635, "ebit": 10848315, "interestExpense": -180252, "incomeBeforeTax": 11236950, "incomeTaxExpense": 0, "minorityInterest": {}, "netIncomeFromContinuingOps": 11236950, "discontinuedOperations": {}, "extraordinaryItems": {}, "effectOfAccountingCharges": {}, "otherItems": {}, "netIncome": 11236950, "netIncomeApplicableToCommonShares": 11236950}, {"maxAge": 1, "endDate": "2019-12-31", "totalRevenue": 122508000, "costOfRevenue": 74821000, "grossProfit": 47687000, "researchDevelopment": {}, "sellingGeneralAdministrative": 12195000, "nonRecurring": {}, "otherOperatingExpenses": 24853000, "totalOperatingExpenses": 112850000, "operatingIncome": 9658000, "totalOtherIncomeExpenseNet": -518000, "ebit": 9658000, "interestExpense": -518000, "incomeBeforeTax": 9140000, "incomeTaxExpense": 0, "minorityInterest": {}, "netIncomeFromContinuingOps": 9140000, "discontinuedOperations": {}, "extraordinaryItems": {}, "effectOfAccountingCharges": {}, "otherItems": {}, "netIncome": 9140000, "netIncomeApplicableToCommonShares": 9140000}, {"maxAge": 1, "endDate": "2019-09-30", "totalRevenue": 107090000, "costOfRevenue": 74694000, "grossProfit": 32396000, "researchDevelopment": {}, "sellingGeneralAdministrative": 10401000, "nonRecurring": {}, "otherOperatingExpenses": 25507000, "totalOperatingExpenses": 111581000, "operatingIncome": -4491000, "totalOtherIncomeExpenseNet": -501000, "ebit": -4491000, "interestExpense": -630000, "incomeBeforeTax": -4992000, "incomeTaxExpense": 0, "minorityInterest": {}, "netIncomeFromContinuingOps": -4992000, "discontinuedOperations": {}, "extraordinaryItems": {}, "effectOfAccountingCharges": {}, "otherItems": {}, "netIncome": -4992000, "netIncomeApplicableToCommonShares": -4992000}], "maxAge": 86400}, "cashflowStatementHistoryQuarterly": {"cashflowStatements": [{"maxAge": 1, "endDate": "2020-06-30", "netIncome": -7537000, "changeToLiabilities": 0}, {"maxAge": 1, "endDate": "2020-03-31", "netIncome": 11236950, "changeToLiabilities": 0}, {"maxAge": 1, "endDate": "2019-12-31", "netIncome": 9140000, "changeToLiabilities": 0}, {"maxAge": 1, "endDate": "2019-09-30", "netIncome": -4992000, "changeToLiabilities": 0}], "maxAge": 86400}, "insiderHolders": {"holders": [{"maxAge": 1, "name": "Arora (Anita)", "relation": "Promoter", "url": "", "transactionDescription": "Other", "latestTransDate": "2017-09-26", "positionDirect": 474861, "positionDirectDate": "2017-09-26"}, {"maxAge": 1, "name": "Arora (Kavya)", "relation": "Promoter", "url": "", "transactionDescription": "Other", "latestTransDate": "2013-07-26", "positionDirect": 0, "positionDirectDate": "2013-07-26"}, {"maxAge": 1, "name": "Arora (Rajiv)", "relation": "Executive Chairman", "url": "", "transactionDescription": "Other", "latestTransDate": "2013-08-05", "positionDirect": 2251510, "positionDirectDate": "2013-08-05"}, {"maxAge": 1, "name": "Arora (Rajiv) HUF", "relation": "Promoter", "url": "", "transactionDescription": "Sale", "latestTransDate": "2011-09-30", "positionDirect": 455650, "positionDirectDate": "2011-09-30"}, {"maxAge": 1, "name": "Arora (Rijul)", "relation": "Promoter", "url": "", "transactionDescription": "Other", "latestTransDate": "2017-09-26", "positionDirect": 786307, "positionDirectDate": "2017-09-26"}, {"maxAge": 1, "name": "Arora (Ritesh)", "relation": "Director (Executive)", "url": "", "transactionDescription": "Other", "latestTransDate": "2013-07-29", "positionDirect": 439309, "positionDirectDate": "2013-07-29"}, {"maxAge": 1, "name": "Arora (Roopika)", "relation": "Promoter", "url": "", "transactionDescription": "Other", "latestTransDate": "2013-07-26", "positionDirect": 225800, "positionDirectDate": "2013-07-26"}, {"maxAge": 1, "name": "Arora (Sandhya)", "relation": "Promoter", "url": "", "transactionDescription": "Other", "latestTransDate": "2013-07-26", "positionDirect": 0, "positionDirectDate": "2013-07-26"}, {"maxAge": 1, "name": "Arora (Sanjeev)", "relation": "Promoter", "url": "", "transactionDescription": "Other", "latestTransDate": "2013-08-05", "positionDirect": 0, "positionDirectDate": "2013-08-05"}], "maxAge": 1}, "calendarEvents": {"maxAge": 1, "earnings": {"earningsDate": []}}, "upgradeDowngradeHistory": {"history": [], "maxAge": 86400}, "price": {"maxAge": 1, "regularMarketChangePercent": 0.04179574, "regularMarketChange": 1.3500023, "regularMarketTime": "2021-04-30 15:28:09", "priceHint": 2, "regularMarketPrice": 33.65, "regularMarketDayHigh": 33.9, "regularMarketDayLow": 31.55, "regularMarketVolume": 14246, "averageDailyVolume10Day": 1180, "averageDailyVolume3Month": 1704, "regularMarketPreviousClose": 32.3, "regularMarketSource": "FREE_REALTIME", "regularMarketOpen": 32.2, "exchange": "BSE", "exchangeName": "BSE", "exchangeDataDelayedBy": 0, "marketState": "CLOSED", "quoteType": "EQUITY", "symbol": "RITESHIN.BO", "underlyingSymbol": null, "shortName": "RITESH INTERNATIONAL LTD.", "longName": "Ritesh International Ltd", "currency": "INR", "quoteSourceName": "Delayed Quote", "currencySymbol": "\u20b9", "fromCurrency": null, "lastMarket": null, "marketCap": 287802400}, "balanceSheetHistory": {"balanceSheetStatements": [{"maxAge": 1, "endDate": "2020-03-31", "cash": 2568911, "netReceivables": 34823403, "inventory": 66519023, "otherCurrentAssets": 2690812, "totalCurrentAssets": 106602149, "propertyPlantEquipment": 76641326, "otherAssets": 4123161, "totalAssets": 187366636, "accountsPayable": 31895974, "otherCurrentLiab": 11879184, "otherLiab": 429448, "totalCurrentLiabilities": 62489430, "totalLiab": 62918878, "commonStock": 85528220, "retainedEarnings": -59171188, "treasuryStock": 51882509, "capitalSurplus": 46208220, "otherStockholderEquity": 51882509, "totalStockholderEquity": 124447761, "netTangibleAssets": 124447761}, {"maxAge": 1, "endDate": "2019-03-31", "cash": 1553885, "netReceivables": 29383938, "inventory": 57293405, "otherCurrentAssets": 3331242, "totalCurrentAssets": 91562470, "propertyPlantEquipment": 69612082, "otherAssets": 9678120, "totalAssets": 170852672, "accountsPayable": 11460790, "otherCurrentLiab": 8470277, "otherLiab": 385687, "totalCurrentLiabilities": 48573631, "totalLiab": 48959318, "commonStock": 85528220, "retainedEarnings": -61725592, "treasuryStock": 51882509, "capitalSurplus": 46208220, "otherStockholderEquity": 51882509, "totalStockholderEquity": 121893357, "netTangibleAssets": 121893357}, {"maxAge": 1, "endDate": "2018-03-31", "cash": 3972368, "shortTermInvestments": 3660016, "netReceivables": 28066189, "inventory": 54918282, "otherCurrentAssets": 917894, "totalCurrentAssets": 91534749, "propertyPlantEquipment": 65994608, "otherAssets": 15439410, "totalAssets": 172968767, "accountsPayable": 17880076, "otherCurrentLiab": 5155349, "otherLiab": 1665905, "totalCurrentLiabilities": 49941174, "totalLiab": 51607079, "commonStock": 85528220, "retainedEarnings": -62257255, "treasuryStock": 51882509, "capitalSurplus": 46208220, "otherStockholderEquity": 51882509, "totalStockholderEquity": 121361694, "netTangibleAssets": 121361694}, {"maxAge": 1, "endDate": "2017-03-31", "cash": 2061040, "shortTermInvestments": 7931224, "netReceivables": 24981192, "inventory": 49156942, "otherCurrentAssets": 1379882, "totalCurrentAssets": 85510280, "longTermInvestments": 72390, "propertyPlantEquipment": 62540443, "otherAssets": 19248353, "totalAssets": 167371466, "accountsPayable": 8986243, "otherCurrentLiab": 3853063, "longTermDebt": 2739245, "otherLiab": 1206842, "totalCurrentLiabilities": 43382387, "totalLiab": 47328474, "commonStock": 85528220, "retainedEarnings": -63575953, "treasuryStock": 51882509, "capitalSurplus": 46208220, "otherStockholderEquity": 51882509, "totalStockholderEquity": 120042996, "netTangibleAssets": 120042996}], "maxAge": 86400}, "financialData": {"maxAge": 86400, "currentPrice": 33.65, "recommendationKey": "none", "grossProfits": 138705198, "financialCurrency": "INR"}}}