{"RITHWIKFMS.BO": {"cashflowStatementHistory": {"cashflowStatements": [{"maxAge": 1, "endDate": "2020-03-31", "netIncome": 16293084, "depreciation": 3331710, "changeToNetincome": 603946, "changeToAccountReceivables": 4283390, "changeToLiabilities": 2885277, "changeToOperatingActivities": 861913, "totalCashFromOperatingActivities": 28259320, "capitalExpenditures": -1859847, "otherCashflowsFromInvestingActivities": -15000000, "totalCashflowsFromInvestingActivities": -15842565, "netBorrowings": -2693423, "otherCashflowsFromFinancingActivities": 422438, "totalCashFromFinancingActivities": -2270985, "changeInCash": 10145770}, {"maxAge": 1, "endDate": "2019-03-31", "netIncome": 11985737, "depreciation": 3078978, "changeToNetincome": 466523, "changeToAccountReceivables": -1316540, "changeToLiabilities": -4997632, "changeToOperatingActivities": 4241377, "totalCashFromOperatingActivities": 13458443, "capitalExpenditures": -808563, "otherCashflowsFromInvestingActivities": -42500000, "totalCashflowsFromInvestingActivities": -43308563, "netBorrowings": -3870137, "otherCashflowsFromFinancingActivities": -1196558, "totalCashFromFinancingActivities": -5066695, "changeInCash": -34916814}, {"maxAge": 1, "endDate": "2018-03-31", "netIncome": 6256574, "depreciation": 2390582, "changeToNetincome": 406005, "changeToAccountReceivables": -2432388, "changeToLiabilities": -14031339, "changeToOperatingActivities": 23100610, "totalCashFromOperatingActivities": 15690044, "capitalExpenditures": -13779297, "otherCashflowsFromInvestingActivities": -47500000, "totalCashflowsFromInvestingActivities": -61279297, "netBorrowings": 6223901, "otherCashflowsFromFinancingActivities": -126477, "totalCashFromFinancingActivities": 91597424, "changeInCash": 46008171, "issuanceOfStock": 85500000}, {"maxAge": 1, "endDate": "2017-03-31", "netIncome": 6400549, "depreciation": 2644753, "changeToNetincome": -142607, "changeToAccountReceivables": 2412622, "changeToLiabilities": 11094698, "changeToOperatingActivities": -21890776, "totalCashFromOperatingActivities": 519239, "capitalExpenditures": -424991, "otherCashflowsFromInvestingActivities": -47500000, "totalCashflowsFromInvestingActivities": -424991, "netBorrowings": -1616799, "otherCashflowsFromFinancingActivities": 90005, "totalCashFromFinancingActivities": -1526794, "changeInCash": -1432546, "issuanceOfStock": 85500000}], "maxAge": 86400}, "institutionOwnership": {"ownershipList": [], "maxAge": 1}, "balanceSheetHistoryQuarterly": {"balanceSheetStatements": [{"maxAge": 1, "endDate": "2020-03-31", "cash": 22676750, "netReceivables": 23193057, "otherCurrentAssets": 3362462, "totalCurrentAssets": 50228565, "propertyPlantEquipment": 15752515, "otherAssets": 106249048, "deferredLongTermAssetCharges": 1249048, "totalAssets": 172230128, "accountsPayable": 5358965, "shortLongTermDebt": 3799540, "otherCurrentLiab": 433284, "longTermDebt": 954601, "otherLiab": 4616519, "totalCurrentLiabilities": 26214520, "totalLiab": 31785640, "commonStock": 30600000, "retainedEarnings": 109844488, "totalStockholderEquity": 140444488, "netTangibleAssets": 140444488}, {"maxAge": 1, "endDate": "2019-12-31", "cash": 22676750, "netReceivables": 23193057, "otherCurrentAssets": 3362462, "totalCurrentAssets": 50228565, "propertyPlantEquipment": 15752515, "otherAssets": 106249048, "deferredLongTermAssetCharges": 1249048, "totalAssets": 172230128, "accountsPayable": 5358965, "shortLongTermDebt": 3799540, "otherCurrentLiab": 433284, "longTermDebt": 954601, "otherLiab": 4616519, "totalCurrentLiabilities": 26214520, "totalLiab": 31785640, "commonStock": 30600000, "retainedEarnings": 109844488, "totalStockholderEquity": 140444488, "netTangibleAssets": 140444488}, {"maxAge": 1, "endDate": "2019-09-30", "cash": 21597826, "netReceivables": 26315486, "otherCurrentAssets": 8668846, "totalCurrentAssets": 58013032, "propertyPlantEquipment": 18127408, "otherAssets": 96467410, "deferredLongTermAssetCharges": 67410, "totalAssets": 172607850, "accountsPayable": 7702165, "shortLongTermDebt": 2046363, "otherCurrentLiab": 6128033, "longTermDebt": 5025111, "otherLiab": 5414103, "totalCurrentLiabilities": 29672462, "totalLiab": 40111676, "commonStock": 30600000, "retainedEarnings": 101896174, "totalStockholderEquity": 132496174, "netTangibleAssets": 132496174}, {"maxAge": 1, "endDate": "2019-06-30", "cash": 21597826, "netReceivables": 26315486, "otherCurrentAssets": 8668846, "totalCurrentAssets": 58013032, "propertyPlantEquipment": 18127408, "otherAssets": 96467410, "deferredLongTermAssetCharges": 67410, "totalAssets": 172607850, "accountsPayable": 7702165, "shortLongTermDebt": 2046363, "otherCurrentLiab": 6128033, "longTermDebt": 5025111, "otherLiab": 5414103, "totalCurrentLiabilities": 29672462, "totalLiab": 40111676, "commonStock": 30600000, "retainedEarnings": 101896174, "totalStockholderEquity": 132496174, "netTangibleAssets": 132496174}], "maxAge": 86400}, "indexTrend": {"maxAge": 1, "symbol": "SP5", "peRatio": 19.7411, "pegRatio": 1.34172, "estimates": [{"period": "0q", "growth": 0.549}, {"period": "+1q", "growth": 0.431}, {"period": "0y", "growth": 0.305}, {"period": "+1y", "growth": 0.109}, {"period": "+5y", "growth": 0.120859005}, {"period": "-5y"}]}, "quoteType": {"exchange": "BSE", "quoteType": "EQUITY", "symbol": "RITHWIKFMS.BO", "underlyingSymbol": "RITHWIKFMS.BO", "shortName": "Rithwik Facility Management Se", "longName": "Rithwik Facility Management Services Limited", "firstTradeDateEpochUtc": "2018-01-11 09:15:00", "timeZoneFullName": "Asia/Kolkata", "timeZoneShortName": "IST", "uuid": "7289627c-fd24-3774-aae8-48e1c7e0e6b4", "gmtOffSetMilliseconds": 19800000, "maxAge": 1}, "incomeStatementHistory": {"incomeStatementHistory": [{"maxAge": 1, "endDate": "2020-03-31", "totalRevenue": 262596710, "costOfRevenue": 41260000, "grossProfit": 221336710, "researchDevelopment": {}, "sellingGeneralAdministrative": 182684681, "nonRecurring": {}, "otherOperatingExpenses": 12459282, "totalOperatingExpenses": 239735673, "operatingIncome": 22861037, "totalOtherIncomeExpenseNet": -848500, "ebit": 22861037, "interestExpense": -815079, "incomeBeforeTax": 22012537, "incomeTaxExpense": 5719453, "minorityInterest": {}, "netIncomeFromContinuingOps": 16293084, "discontinuedOperations": {}, "extraordinaryItems": {}, "effectOfAccountingCharges": {}, "otherItems": {}, "netIncome": 16293084, "netIncomeApplicableToCommonShares": 16293084}, {"maxAge": 1, "endDate": "2019-03-31", "totalRevenue": 272822303, "costOfRevenue": 38420944, "grossProfit": 234401359, "researchDevelopment": {}, "sellingGeneralAdministrative": 204109786, "nonRecurring": {}, "otherOperatingExpenses": 8940882, "totalOperatingExpenses": 254550590, "operatingIncome": 18271713, "totalOtherIncomeExpenseNet": -1310705, "ebit": 18271713, "interestExpense": -1297914, "incomeBeforeTax": 16961008, "incomeTaxExpense": 4975271, "minorityInterest": {}, "netIncomeFromContinuingOps": 11985737, "discontinuedOperations": {}, "extraordinaryItems": {}, "effectOfAccountingCharges": {}, "otherItems": {}, "netIncome": 11985737, "netIncomeApplicableToCommonShares": 11985737}, {"maxAge": 1, "endDate": "2018-03-31", "totalRevenue": 209408388, "costOfRevenue": 30153365, "grossProfit": 179255023, "researchDevelopment": {}, "sellingGeneralAdministrative": 153861640, "nonRecurring": {}, "otherOperatingExpenses": 12691756, "totalOperatingExpenses": 199097343, "operatingIncome": 10311045, "totalOtherIncomeExpenseNet": -408640, "ebit": 10311045, "interestExpense": -504553, "incomeBeforeTax": 9902405, "incomeTaxExpense": 3645831, "minorityInterest": {}, "netIncomeFromContinuingOps": 6256574, "discontinuedOperations": {}, "extraordinaryItems": {}, "effectOfAccountingCharges": {}, "otherItems": {}, "netIncome": 6256574, "netIncomeApplicableToCommonShares": 6256574}, {"maxAge": 1, "endDate": "2017-03-31", "totalRevenue": 214468721, "costOfRevenue": 27964612, "grossProfit": 186504109, "researchDevelopment": {}, "sellingGeneralAdministrative": 164365702, "nonRecurring": {}, "otherOperatingExpenses": 9648455, "totalOperatingExpenses": 204623522, "operatingIncome": 9845199, "totalOtherIncomeExpenseNet": -395521, "ebit": 9845199, "interestExpense": -818010, "incomeBeforeTax": 9449678, "incomeTaxExpense": 3049129, "minorityInterest": {}, "netIncomeFromContinuingOps": 6400549, "discontinuedOperations": {}, "extraordinaryItems": {}, "effectOfAccountingCharges": {}, "otherItems": {}, "netIncome": 6400549, "netIncomeApplicableToCommonShares": 6400549}], "maxAge": 86400}, "fundOwnership": {"ownershipList": [], "maxAge": 1}, "summaryDetail": {"maxAge": 1, "priceHint": 2, "previousClose": 53.5, "open": 55.0, "dayLow": 55.0, "dayHigh": 55.0, "regularMarketPreviousClose": 53.5, "regularMarketOpen": 55.0, "regularMarketDayLow": 55.0, "regularMarketDayHigh": 55.0, "trailingPE": 10.338346, "volume": 3000, "regularMarketVolume": 3000, "averageVolume": 5754, "averageVolume10days": 600, "averageDailyVolume10Day": 600, "bid": 55.0, "ask": 60.0, "marketCap": 168300000, "fiftyTwoWeekLow": 38.5, "fiftyTwoWeekHigh": 55.0, "fiftyDayAverage": 40.415154, "twoHundredDayAverage": 45.528675, "currency": "INR", "fromCurrency": null, "lastMarket": null, "algorithm": null, "tradeable": false}, "incomeStatementHistoryQuarterly": {"incomeStatementHistory": [{"maxAge": 1, "endDate": "2020-03-31", "totalRevenue": 65202980, "costOfRevenue": 9615138, "grossProfit": 55587842, "researchDevelopment": {}, "sellingGeneralAdministrative": 46257838, "nonRecurring": {}, "otherOperatingExpenses": 3769674, "totalOperatingExpenses": 60450497, "operatingIncome": 4752484, "totalOtherIncomeExpenseNet": -347014, "ebit": 4752484, "interestExpense": -174541, "incomeBeforeTax": 4405471, "incomeTaxExpense": 431314, "minorityInterest": {}, "netIncomeFromContinuingOps": 3974157, "discontinuedOperations": {}, "extraordinaryItems": {}, "effectOfAccountingCharges": {}, "otherItems": {}, "netIncome": 3974157, "netIncomeApplicableToCommonShares": 3974157}, {"maxAge": 1, "endDate": "2019-12-31", "totalRevenue": 65202980, "costOfRevenue": 9615138, "grossProfit": 55587842, "researchDevelopment": {}, "sellingGeneralAdministrative": 46257838, "nonRecurring": {}, "otherOperatingExpenses": 3769674, "totalOperatingExpenses": 60450497, "operatingIncome": 4752484, "totalOtherIncomeExpenseNet": -347014, "ebit": 4752484, "interestExpense": -174541, "incomeBeforeTax": 4405471, "incomeTaxExpense": 431314, "minorityInterest": {}, "netIncomeFromContinuingOps": 3974157, "discontinuedOperations": {}, "extraordinaryItems": {}, "effectOfAccountingCharges": {}, "otherItems": {}, "netIncome": 3974157, "netIncomeApplicableToCommonShares": 3974157}, {"maxAge": 1, "endDate": "2019-09-30", "totalRevenue": 66095375, "costOfRevenue": 11014862, "grossProfit": 55080513, "researchDevelopment": {}, "sellingGeneralAdministrative": 45084503, "nonRecurring": {}, "otherOperatingExpenses": 2459967, "totalOperatingExpenses": 59417340, "operatingIncome": 6678035, "totalOtherIncomeExpenseNet": -77237, "ebit": 6678035, "interestExpense": -232999, "incomeBeforeTax": 6600798, "incomeTaxExpense": 2428413, "minorityInterest": {}, "netIncomeFromContinuingOps": 4172385, "discontinuedOperations": {}, "extraordinaryItems": {}, "effectOfAccountingCharges": {}, "otherItems": {}, "netIncome": 4172385, "netIncomeApplicableToCommonShares": 4172385}, {"maxAge": 1, "endDate": "2019-06-30", "totalRevenue": 66095375, "costOfRevenue": 11014862, "grossProfit": 55080513, "researchDevelopment": {}, "sellingGeneralAdministrative": 45084503, "nonRecurring": {}, "otherOperatingExpenses": 2459967, "totalOperatingExpenses": 59417340, "operatingIncome": 6678035, "totalOtherIncomeExpenseNet": -77237, "ebit": 6678035, "interestExpense": -232999, "incomeBeforeTax": 6600798, "incomeTaxExpense": 2428413, "minorityInterest": {}, "netIncomeFromContinuingOps": 4172385, "discontinuedOperations": {}, "extraordinaryItems": {}, "effectOfAccountingCharges": {}, "otherItems": {}, "netIncome": 4172385, "netIncomeApplicableToCommonShares": 4172385}], "maxAge": 86400}, "cashflowStatementHistoryQuarterly": {"cashflowStatements": [{"maxAge": 1, "endDate": "2020-03-31", "netIncome": 3974157, "depreciation": 807846, "changeToNetincome": -405801, "changeToAccountReceivables": 1196289, "changeToLiabilities": -1171600, "changeToOperatingActivities": 2678037, "totalCashFromOperatingActivities": 7078927, "capitalExpenditures": -45037, "otherCashflowsFromInvestingActivities": -4300000, "totalCashflowsFromInvestingActivities": -3920401, "netBorrowings": -2035256, "otherCashflowsFromFinancingActivities": -583809, "totalCashFromFinancingActivities": -2619065, "changeInCash": 539462}, {"maxAge": 1, "endDate": "2019-12-31", "netIncome": 3974157, "depreciation": 807846, "changeToNetincome": -405801, "changeToAccountReceivables": 1196289, "changeToLiabilities": -1171600, "changeToOperatingActivities": 2678037, "totalCashFromOperatingActivities": 7078927, "capitalExpenditures": -45037, "otherCashflowsFromInvestingActivities": -4300000, "totalCashflowsFromInvestingActivities": -3920401, "netBorrowings": -2035256, "otherCashflowsFromFinancingActivities": -583809, "totalCashFromFinancingActivities": -2619065, "changeInCash": 539462}, {"maxAge": 1, "endDate": "2019-09-30", "netIncome": 4172385, "depreciation": 858009, "changeToNetincome": 707774, "changeToAccountReceivables": 945406, "changeToLiabilities": 2614239, "changeToOperatingActivities": -2247080, "totalCashFromOperatingActivities": 7050733, "capitalExpenditures": -884887, "otherCashflowsFromInvestingActivities": -3200000, "totalCashflowsFromInvestingActivities": -4000882, "netBorrowings": 688544, "otherCashflowsFromFinancingActivities": 795028, "totalCashFromFinancingActivities": 1483572, "changeInCash": 4533423}, {"maxAge": 1, "endDate": "2019-06-30", "netIncome": 4172385, "depreciation": 858009, "changeToNetincome": 707774, "changeToAccountReceivables": 945406, "changeToLiabilities": 2614239, "changeToOperatingActivities": -2247080, "totalCashFromOperatingActivities": 7050733, "capitalExpenditures": -884887, "otherCashflowsFromInvestingActivities": -3200000, "totalCashflowsFromInvestingActivities": -4000882, "netBorrowings": 688544, "otherCashflowsFromFinancingActivities": 795028, "totalCashFromFinancingActivities": 1483572, "changeInCash": 4533423}], "maxAge": 86400}, "insiderHolders": {"holders": [], "maxAge": 1}, "calendarEvents": {"maxAge": 1, "earnings": {"earningsDate": []}}, "upgradeDowngradeHistory": {"history": [], "maxAge": 86400}, "price": {"maxAge": 1, "regularMarketChangePercent": 0.02803738, "regularMarketChange": 1.5, "regularMarketTime": "2021-04-30 13:07:11", "priceHint": 2, "regularMarketPrice": 55.0, "regularMarketDayHigh": 55.0, "regularMarketDayLow": 55.0, "regularMarketVolume": 3000, "averageDailyVolume10Day": 600, "averageDailyVolume3Month": 5754, "regularMarketPreviousClose": 53.5, "regularMarketSource": "FREE_REALTIME", "regularMarketOpen": 55.0, "exchange": "BSE", "exchangeName": "BSE", "exchangeDataDelayedBy": 0, "marketState": "CLOSED", "quoteType": "EQUITY", "symbol": "RITHWIKFMS.BO", "underlyingSymbol": null, "shortName": "Rithwik Facility Management Se", "longName": "Rithwik Facility Management Services Limited", "currency": "INR", "quoteSourceName": "Delayed Quote", "currencySymbol": "\u20b9", "fromCurrency": null, "lastMarket": null, "marketCap": 168300000}, "balanceSheetHistory": {"balanceSheetStatements": [{"maxAge": 1, "endDate": "2020-03-31", "cash": 22676750, "netReceivables": 23193057, "otherCurrentAssets": 3362462, "totalCurrentAssets": 50228565, "propertyPlantEquipment": 15752515, "otherAssets": 106249048, "deferredLongTermAssetCharges": 1249048, "totalAssets": 172230128, "accountsPayable": 5358965, "shortLongTermDebt": 3799540, "otherCurrentLiab": 433284, "longTermDebt": 954601, "otherLiab": 4616519, "totalCurrentLiabilities": 26214520, "totalLiab": 31785640, "commonStock": 30600000, "retainedEarnings": 109844488, "totalStockholderEquity": 140444488, "netTangibleAssets": 140444488}, {"maxAge": 1, "endDate": "2019-03-31", "cash": 12530980, "netReceivables": 25835429, "otherCurrentAssets": 4555301, "totalCurrentAssets": 44176802, "propertyPlantEquipment": 18241662, "otherAssets": 91000086, "deferredLongTermAssetCharges": 1000086, "totalAssets": 153418550, "accountsPayable": 2473687, "shortLongTermDebt": 3966860, "otherCurrentLiab": 442601, "longTermDebt": 3648024, "otherLiab": 3345582, "totalCurrentLiabilities": 22277946, "totalLiab": 29271552, "commonStock": 30600000, "retainedEarnings": 93546998, "totalStockholderEquity": 124146998, "netTangibleAssets": 124146998}, {"maxAge": 1, "endDate": "2018-03-31", "cash": 47447795, "netReceivables": 28949101, "otherCurrentAssets": 4489453, "totalCurrentAssets": 82193942, "propertyPlantEquipment": 20512077, "otherAssets": 48525714, "deferredLongTermAssetCharges": 1025714, "totalAssets": 151231733, "accountsPayable": 7471320, "shortLongTermDebt": 5086555, "otherCurrentLiab": 323062, "longTermDebt": 7518161, "otherLiab": 3231433, "totalCurrentLiabilities": 27451068, "totalLiab": 38200662, "commonStock": 30600000, "retainedEarnings": 82431071, "totalStockholderEquity": 113031071, "netTangibleAssets": 113031071}, {"maxAge": 1, "endDate": "2017-03-31", "cash": 1439624, "netReceivables": 65679333, "otherCurrentAssets": -1, "totalCurrentAssets": 68191564, "propertyPlantEquipment": 9164877, "otherAssets": 771728, "deferredLongTermAssetCharges": 771728, "totalAssets": 78128169, "accountsPayable": 21502660, "shortLongTermDebt": 1609443, "otherCurrentLiab": 4664382, "longTermDebt": 1294260, "otherLiab": 2739432, "totalCurrentLiabilities": 52819980, "totalLiab": 56853672, "commonStock": 9000000, "retainedEarnings": 12274497, "totalStockholderEquity": 21274497, "netTangibleAssets": 21274497}], "maxAge": 86400}, "financialData": {"maxAge": 86400, "currentPrice": 55.0, "recommendationKey": "none", "grossProfits": 221336710, "financialCurrency": "INR"}}}