{"RJKMRFR.BO": {"cashflowStatementHistory": {"cashflowStatements": [{"maxAge": 1, "endDate": "2020-03-31", "netIncome": 45710068, "depreciation": 13441595, "changeToNetincome": 2409082, "changeToAccountReceivables": -20021238, "changeToLiabilities": -9529311, "changeToInventory": 2765278, "changeToOperatingActivities": 4291590, "totalCashFromOperatingActivities": 39149054, "capitalExpenditures": -61731105, "otherCashflowsFromInvestingActivities": 32015703, "totalCashflowsFromInvestingActivities": -29715402, "netBorrowings": 13324350, "otherCashflowsFromFinancingActivities": -5569233, "totalCashFromFinancingActivities": 7755117, "changeInCash": 17188769}, {"maxAge": 1, "endDate": "2019-03-31", "netIncome": 20818319, "depreciation": 12095766, "changeToNetincome": 32682551, "changeToAccountReceivables": -49546545, "changeToLiabilities": 37894345, "changeToInventory": -5795953, "changeToOperatingActivities": -6313084, "totalCashFromOperatingActivities": 41917389, "capitalExpenditures": -21747890, "otherCashflowsFromInvestingActivities": -12321534, "totalCashflowsFromInvestingActivities": -34069424, "netBorrowings": -2250000, "otherCashflowsFromFinancingActivities": -7753013, "totalCashFromFinancingActivities": -10003013, "changeInCash": -2155048}, {"maxAge": 1, "endDate": "2018-03-31", "netIncome": 4251929, "depreciation": 11591448, "changeToNetincome": 7499595, "changeToAccountReceivables": -52858000, "changeToLiabilities": 35996689, "changeToInventory": -16332000, "changeToOperatingActivities": 10875364, "totalCashFromOperatingActivities": 1065163, "capitalExpenditures": -3512423, "otherCashflowsFromInvestingActivities": 120933, "totalCashflowsFromInvestingActivities": -3391490, "netBorrowings": -6750000, "otherCashflowsFromFinancingActivities": -6849794, "totalCashFromFinancingActivities": -13599794, "changeInCash": -15926121}, {"maxAge": 1, "endDate": "2017-03-31", "netIncome": -37019023, "depreciation": 13252303, "changeToNetincome": 1718711, "changeToAccountReceivables": 2640551, "changeToLiabilities": 12155944, "changeToInventory": 8940963, "changeToOperatingActivities": 40486231, "totalCashFromOperatingActivities": 42215818, "capitalExpenditures": -109914, "otherCashflowsFromInvestingActivities": 594387, "totalCashflowsFromInvestingActivities": 497689, "netBorrowings": 9000000, "otherCashflowsFromFinancingActivities": -7375005, "totalCashFromFinancingActivities": 1624995, "changeInCash": 44338502}], "maxAge": 86400}, "institutionOwnership": {"ownershipList": [], "maxAge": 1}, "balanceSheetHistoryQuarterly": {"balanceSheetStatements": [{"maxAge": 1, "endDate": "2020-06-30", "totalStockholderEquity": 266353230, "netTangibleAssets": 266179901}, {"maxAge": 1, "endDate": "2020-03-31", "cash": 11481221, "netReceivables": 154190613, "inventory": 56156335, "otherCurrentAssets": 5539212, "totalCurrentAssets": 227367381, "propertyPlantEquipment": 201818470, "intangibleAssets": 173329, "otherAssets": 3356130, "totalAssets": 432715310, "accountsPayable": 84758377, "shortLongTermDebt": 3074850, "otherCurrentLiab": 11246631, "longTermDebt": 13324350, "otherLiab": 19509524, "totalCurrentLiabilities": 133528206, "totalLiab": 166362080, "commonStock": 109394000, "retainedEarnings": 148959230, "treasuryStock": 8000000, "otherStockholderEquity": 8000000, "totalStockholderEquity": 266353230, "netTangibleAssets": 266179901}, {"maxAge": 1, "endDate": "2019-12-31", "totalStockholderEquity": 250623000, "netTangibleAssets": 250409000}, {"maxAge": 1, "endDate": "2019-09-30", "cash": 10634000, "shortTermInvestments": 5251000, "netReceivables": 147049000, "inventory": 46933000, "otherCurrentAssets": 6607000, "totalCurrentAssets": 216474000, "propertyPlantEquipment": 183585000, "intangibleAssets": 214000, "otherAssets": 3356000, "totalAssets": 403629000, "accountsPayable": 71251000, "otherCurrentLiab": 23107000, "otherLiab": 17662000, "totalCurrentLiabilities": 135344000, "totalLiab": 153006000, "commonStock": 109394000, "treasuryStock": 141229000, "otherStockholderEquity": 141229000, "totalStockholderEquity": 250623000, "netTangibleAssets": 250409000}], "maxAge": 86400}, "indexTrend": {"maxAge": 1, "symbol": "SP5", "peRatio": 19.7411, "pegRatio": 1.34172, "estimates": [{"period": "0q", "growth": 0.549}, {"period": "+1q", "growth": 0.431}, {"period": "0y", "growth": 0.305}, {"period": "+1y", "growth": 0.109}, {"period": "+5y", "growth": 0.120859005}, {"period": "-5y"}]}, "insiderTransactions": {"transactions": [{"maxAge": 1, "shares": 75000, "filerUrl": "", "transactionText": "", "filerName": "Western India Forgings Pvt. Ltd.", "filerRelation": "Promoter", "moneyText": "", "startDate": "2018-10-01", "ownership": "D"}, {"maxAge": 1, "shares": 75000, "filerUrl": "", "transactionText": "", "filerName": "Rajore (Nitin)", "filerRelation": "Director", "moneyText": "", "startDate": "2018-10-01", "ownership": "D"}, {"maxAge": 1, "shares": 100, "filerUrl": "", "transactionText": "", "filerName": "Jindal (Shubham)", "filerRelation": "UNREPORTED", "moneyText": "", "startDate": "2018-09-12", "ownership": "D"}, {"maxAge": 1, "shares": 100000, "filerUrl": "", "transactionText": "", "filerName": "Jindal (Arun Krishnakumar)", "filerRelation": "Director (Non-Executive)", "moneyText": "", "startDate": "2017-11-01", "ownership": "D"}, {"maxAge": 1, "shares": 278400, "filerUrl": "", "transactionText": "", "filerName": "Western India Forgings Pvt. Ltd.", "filerRelation": "Promoter", "moneyText": "", "startDate": "2017-11-01", "ownership": "D"}, {"maxAge": 1, "shares": 55400, "filerUrl": "", "transactionText": "", "filerName": "Kothavale (Shashikant)", "filerRelation": "Promoter", "moneyText": "", "startDate": "2017-11-01", "ownership": "D"}, {"maxAge": 1, "shares": 50000, "filerUrl": "", "transactionText": "", "filerName": "Kothavale (Ravindra Tripati)", "filerRelation": "Promoter", "moneyText": "", "startDate": "2017-11-01", "ownership": "D"}, {"maxAge": 1, "shares": 171500, "filerUrl": "", "transactionText": "", "filerName": "Kothavale (Anil Annash)", "filerRelation": "Promoter", "moneyText": "", "startDate": "2017-11-01", "ownership": "D"}, {"maxAge": 1, "shares": 50000, "filerUrl": "", "transactionText": "", "filerName": "Kothavale (Manu Ravindra)", "filerRelation": "Promoter", "moneyText": "", "startDate": "2017-11-01", "ownership": "D"}, {"maxAge": 1, "shares": 380000, "filerUrl": "", "transactionText": "", "filerName": "Kore (Amit Prabhakar)", "filerRelation": "Promoter", "moneyText": "", "startDate": "2016-11-30", "ownership": "D"}, {"maxAge": 1, "shares": 5100, "filerUrl": "", "transactionText": "", "filerName": "Sirsikar (Swastik)", "filerRelation": "Promoter", "moneyText": "", "startDate": "2016-11-30", "ownership": "D"}, {"maxAge": 1, "shares": 2500, "filerUrl": "", "transactionText": "", "filerName": "Sirsikar (Swami)", "filerRelation": "Promoter", "moneyText": "", "startDate": "2016-11-30", "ownership": "D"}, {"maxAge": 1, "shares": 2500, "filerUrl": "", "transactionText": "", "filerName": "Sirsikar (Shailja)", "filerRelation": "Promoter", "moneyText": "", "startDate": "2016-11-30", "ownership": "D"}, {"maxAge": 1, "shares": 10000, "filerUrl": "", "transactionText": "", "filerName": "Kothavale (Ratnaprabha R)", "filerRelation": "Promoter", "moneyText": "", "startDate": "2016-11-30", "ownership": "D"}, {"maxAge": 1, "shares": 10500, "filerUrl": "", "transactionText": "", "filerName": "Kothavale (Ratnaprabha R)", "filerRelation": "Promoter", "moneyText": "", "startDate": "2016-11-30", "ownership": "D"}, {"maxAge": 1, "shares": 15613, "filerUrl": "", "transactionText": "", "filerName": "Kothavale (Rajkumar Shankarrao)", "filerRelation": "Promoter", "moneyText": "", "startDate": "2016-11-30", "ownership": "D"}, {"maxAge": 1, "shares": 5675349, "filerUrl": "", "transactionText": "", "filerName": "Kothavale (Rajkumar Shankarrao)", "filerRelation": "Promoter", "moneyText": "", "startDate": "2016-11-30", "ownership": "D"}, {"maxAge": 1, "shares": 212500, "filerUrl": "", "transactionText": "", "filerName": "Kore (Preeti Prabhakar)", "filerRelation": "Promoter", "moneyText": "", "startDate": "2016-11-30", "ownership": "D"}, {"maxAge": 1, "shares": 120000, "filerUrl": "", "transactionText": "", "filerName": "Kore (Asha Prabhakar)", "filerRelation": "Promoter", "moneyText": "", "startDate": "2016-11-30", "ownership": "D"}, {"maxAge": 1, "shares": 10000, "filerUrl": "", "transactionText": "", "filerName": "Kore (Prabhakar Basaprabhu)", "filerRelation": "Promoter", "moneyText": "", "startDate": "2016-11-30", "ownership": "D"}, {"maxAge": 1, "shares": 160100, "filerUrl": "", "transactionText": "", "filerName": "Kore (Prabhakar Basaprabhu)", "filerRelation": "Promoter", "moneyText": "", "startDate": "2016-11-30", "ownership": "D"}, {"maxAge": 1, "shares": 210000, "filerUrl": "", "transactionText": "", "filerName": "Kore (Deepti Prabhakar)", "filerRelation": "Promoter", "moneyText": "", "startDate": "2016-11-30", "ownership": "D"}, {"maxAge": 1, "shares": 20000, "filerUrl": "", "transactionText": "", "filerName": "Kore (Asha Prabhakar)", "filerRelation": "Promoter", "moneyText": "", "startDate": "2016-11-30", "ownership": "D"}, {"maxAge": 1, "shares": 4656362, "filerUrl": "", "transactionText": "", "filerName": "Kothavale (Rajkumar Shankarrao)", "filerRelation": "Managing Director", "moneyText": "", "startDate": "2016-11-15", "ownership": "D"}, {"maxAge": 1, "shares": 10000, "filerUrl": "", "transactionText": "", "filerName": "Kothavale (Nitin Prabhakar)", "filerRelation": "UNREPORTED", "moneyText": "", "startDate": "2015-12-31", "ownership": "D"}, {"maxAge": 1, "shares": 10000, "filerUrl": "", "transactionText": "", "filerName": "Kothavale (Milind Prabhakar)", "filerRelation": "UNREPORTED", "moneyText": "", "startDate": "2015-12-28", "ownership": "D"}, {"maxAge": 1, "shares": 670100, "filerUrl": "", "transactionText": "", "filerName": "Kore (Asha Prabhakar)", "filerRelation": "Promoter", "moneyText": "", "startDate": "2015-12-28", "ownership": "D"}, {"maxAge": 1, "shares": 10000, "filerUrl": "", "transactionText": "", "filerName": "Kothavale (Shrish Prabhakar)", "filerRelation": "UNREPORTED", "moneyText": "", "startDate": "2015-12-28", "ownership": "D"}, {"maxAge": 1, "shares": 100000, "filerUrl": "", "transactionText": "", "filerName": "Kore (Amit Prabhakar)", "filerRelation": "Promoter", "moneyText": "", "startDate": "2014-04-25", "ownership": "D"}, {"maxAge": 1, "shares": 100000, "filerUrl": "", "transactionText": "", "filerName": "Rampure (Prasad Bapurao)", "filerRelation": "UNREPORTED", "moneyText": "", "startDate": "2014-04-25", "ownership": "D"}, {"maxAge": 1, "shares": 267151, "filerUrl": "", "transactionText": "", "filerName": "Kothavale (Rajkumar Shankarrao)", "filerRelation": "Managing Director", "moneyText": "", "startDate": "2014-04-15", "ownership": "D"}, {"maxAge": 1, "shares": 180000, "filerUrl": "", "transactionText": "", "filerName": "Kore (Deepti Prabhakar)", "filerRelation": "Promoter", "moneyText": "", "startDate": "2014-03-12", "ownership": "D"}, {"maxAge": 1, "shares": 180000, "filerUrl": "", "transactionText": "", "filerName": "Kore (Amit Prabhakar)", "filerRelation": "Promoter", "moneyText": "", "startDate": "2014-03-12", "ownership": "D"}, {"maxAge": 1, "shares": 540000, "filerUrl": "", "transactionText": "", "filerName": "Rampure (Prasad Bapurao)", "filerRelation": "UNREPORTED", "moneyText": "", "startDate": "2014-03-12", "ownership": "D"}, {"maxAge": 1, "shares": 180000, "filerUrl": "", "transactionText": "", "filerName": "Kore (Preeti Prabhakar)", "filerRelation": "Promoter", "moneyText": "", "startDate": "2014-03-12", "ownership": "D"}, {"maxAge": 1, "shares": 500000, "filerUrl": "", "transactionText": "", "filerName": "Kothavale (Shantanu)", "filerRelation": "Director (Non-Executive)", "moneyText": "", "startDate": "2012-08-06", "ownership": "D"}, {"maxAge": 1, "shares": 500000, "filerUrl": "", "transactionText": "", "filerName": "Kore (Asha Prabhakar)", "filerRelation": "Promoter", "moneyText": "", "startDate": "2012-08-06", "ownership": "D"}, {"maxAge": 1, "shares": 500000, "filerUrl": "", "transactionText": "", "filerName": "Kothavale (Shantanu)", "filerRelation": "Director (Non-Executive)", "moneyText": "", "startDate": "2012-03-31", "ownership": "D"}, {"maxAge": 1, "shares": 4740500, "filerUrl": "", "transactionText": "", "filerName": "Kothavale (Shantanu)", "filerRelation": "Director (Non-Executive)", "moneyText": "", "startDate": "2010-04-13", "ownership": "D"}, {"maxAge": 1, "shares": 4740500, "filerUrl": "", "transactionText": "", "filerName": "Kothavale (Rajkumar Shankarrao)", "filerRelation": "Managing Director", "moneyText": "", "startDate": "2010-04-13", "ownership": "D"}], "maxAge": 1}, "quoteType": {"exchange": "BSE", "quoteType": "EQUITY", "symbol": "RJKMRFR.BO", "underlyingSymbol": "RJKMRFR.BO", "shortName": "RAJKUMAR FORGE LTD.", "longName": "Rajkumar Forge Limited", "firstTradeDateEpochUtc": "2008-03-18 09:15:00", "timeZoneFullName": "Asia/Kolkata", "timeZoneShortName": "IST", "uuid": "85796b2a-853f-36d7-b2ae-c4edcc0240a1", "gmtOffSetMilliseconds": 19800000, "maxAge": 1}, "incomeStatementHistory": {"incomeStatementHistory": [{"maxAge": 1, "endDate": "2020-03-31", "totalRevenue": 508776069, "costOfRevenue": 385732952, "grossProfit": 123043117, "researchDevelopment": {}, "sellingGeneralAdministrative": 48575145, "nonRecurring": {}, "otherOperatingExpenses": {}, "totalOperatingExpenses": 447831682, "operatingIncome": 60944387, "totalOtherIncomeExpenseNet": -5084385, "ebit": 60944387, "interestExpense": -5569233, "incomeBeforeTax": 55860002, "incomeTaxExpense": 10149934, "minorityInterest": {}, "netIncomeFromContinuingOps": 45710068, "discontinuedOperations": {}, "extraordinaryItems": {}, "effectOfAccountingCharges": {}, "otherItems": {}, "netIncome": 45710068, "netIncomeApplicableToCommonShares": 45710068}, {"maxAge": 1, "endDate": "2019-03-31", "totalRevenue": 551115406, "costOfRevenue": 433303638, "grossProfit": 117811768, "researchDevelopment": {}, "sellingGeneralAdministrative": 44210040, "nonRecurring": {}, "otherOperatingExpenses": -993640, "totalOperatingExpenses": 488697794, "operatingIncome": 62417612, "totalOtherIncomeExpenseNet": -23399918, "ebit": 62417612, "interestExpense": -7857127, "incomeBeforeTax": 39017694, "incomeTaxExpense": 18199375, "minorityInterest": {}, "netIncomeFromContinuingOps": 20818319, "discontinuedOperations": {}, "extraordinaryItems": {}, "effectOfAccountingCharges": {}, "otherItems": {}, "netIncome": 20818319, "netIncomeApplicableToCommonShares": 20818319}, {"maxAge": 1, "endDate": "2018-03-31", "totalRevenue": 291730048, "costOfRevenue": 224649621, "grossProfit": 67080427, "researchDevelopment": {}, "sellingGeneralAdministrative": 39568641, "nonRecurring": {}, "otherOperatingExpenses": -149416, "totalOperatingExpenses": 275700432, "operatingIncome": 16029616, "totalOtherIncomeExpenseNet": -8402473, "ebit": 16029616, "interestExpense": -6882321, "incomeBeforeTax": 7627143, "incomeTaxExpense": 3375214, "minorityInterest": {}, "netIncomeFromContinuingOps": 4251929, "discontinuedOperations": {}, "extraordinaryItems": {}, "effectOfAccountingCharges": {}, "otherItems": {}, "netIncome": 4251929, "netIncomeApplicableToCommonShares": 4251929}, {"maxAge": 1, "endDate": "2017-03-31", "totalRevenue": 60159609, "costOfRevenue": 40343740, "grossProfit": 19815869, "researchDevelopment": {}, "sellingGeneralAdministrative": 40857401, "nonRecurring": {}, "otherOperatingExpenses": 35799, "totalOperatingExpenses": 94529381, "operatingIncome": -34369772, "totalOtherIncomeExpenseNet": -7437518, "ebit": -34369772, "interestExpense": -7375005, "incomeBeforeTax": -41807290, "incomeTaxExpense": -4788267, "minorityInterest": {}, "netIncomeFromContinuingOps": -37019023, "discontinuedOperations": {}, "extraordinaryItems": {}, "effectOfAccountingCharges": {}, "otherItems": {}, "netIncome": -37019023, "netIncomeApplicableToCommonShares": -37019023}], "maxAge": 86400}, "fundOwnership": {"ownershipList": [], "maxAge": 1}, "summaryDetail": {"maxAge": 1, "priceHint": 2, "previousClose": 42.95, "open": 44.0, "dayLow": 38.6, "dayHigh": 46.05, "regularMarketPreviousClose": 42.95, "regularMarketOpen": 44.0, "regularMarketDayLow": 38.6, "regularMarketDayHigh": 46.05, "trailingPE": 11.294416, "volume": 5280, "regularMarketVolume": 5280, "averageVolume": 1704, "averageVolume10days": 3525, "averageDailyVolume10Day": 3525, "bid": 39.6, "ask": 43.9, "bidSize": 0, "askSize": 0, "marketCap": 438122976, "fiftyTwoWeekLow": 17.1, "fiftyTwoWeekHigh": 46.05, "fiftyDayAverage": 32.913635, "twoHundredDayAverage": 27.30919, "currency": "INR", "fromCurrency": null, "lastMarket": null, "algorithm": null, "tradeable": false}, "incomeStatementHistoryQuarterly": {"incomeStatementHistory": [{"maxAge": 1, "endDate": "2020-06-30", "totalRevenue": 80494000, "costOfRevenue": 47155000, "grossProfit": 33339000, "researchDevelopment": {}, "sellingGeneralAdministrative": 8856000, "nonRecurring": {}, "otherOperatingExpenses": 7451000, "totalOperatingExpenses": 67417000, "operatingIncome": 13077000, "totalOtherIncomeExpenseNet": -2119000, "ebit": 13077000, "interestExpense": -2305000, "incomeBeforeTax": 10958000, "incomeTaxExpense": 2026000, "minorityInterest": {}, "netIncomeFromContinuingOps": 8932000, "discontinuedOperations": {}, "extraordinaryItems": {}, "effectOfAccountingCharges": {}, "otherItems": {}, "netIncome": 8932000, "netIncomeApplicableToCommonShares": 8932000}, {"maxAge": 1, "endDate": "2020-03-31", "totalRevenue": 79808069, "costOfRevenue": 80359952, "grossProfit": -551883, "researchDevelopment": {}, "sellingGeneralAdministrative": 21414145, "nonRecurring": {}, "otherOperatingExpenses": -38700000, "totalOperatingExpenses": 67056682, "operatingIncome": 12751387, "totalOtherIncomeExpenseNet": -69385, "ebit": 12751387, "interestExpense": -553233, "incomeBeforeTax": 12682002, "incomeTaxExpense": 8568934, "minorityInterest": {}, "netIncomeFromContinuingOps": 4113068, "discontinuedOperations": {}, "extraordinaryItems": {}, "effectOfAccountingCharges": {}, "otherItems": {}, "netIncome": 4113068, "netIncomeApplicableToCommonShares": 4113068}, {"maxAge": 1, "endDate": "2019-12-31", "totalRevenue": 131418000, "costOfRevenue": 96212000, "grossProfit": 35206000, "researchDevelopment": {}, "sellingGeneralAdministrative": 8861000, "nonRecurring": {}, "otherOperatingExpenses": 9003000, "totalOperatingExpenses": 117263000, "operatingIncome": 14155000, "totalOtherIncomeExpenseNet": -1353000, "ebit": 14155000, "interestExpense": -1353000, "incomeBeforeTax": 12802000, "incomeTaxExpense": 412000, "minorityInterest": {}, "netIncomeFromContinuingOps": 12390000, "discontinuedOperations": {}, "extraordinaryItems": {}, "effectOfAccountingCharges": {}, "otherItems": {}, "netIncome": 12390000, "netIncomeApplicableToCommonShares": 12390000}, {"maxAge": 1, "endDate": "2019-09-30", "totalRevenue": 155879000, "costOfRevenue": 114082000, "grossProfit": 41797000, "researchDevelopment": {}, "sellingGeneralAdministrative": 9030000, "nonRecurring": {}, "otherOperatingExpenses": 17259000, "totalOperatingExpenses": 143566000, "operatingIncome": 12313000, "totalOtherIncomeExpenseNet": -1664000, "ebit": 12313000, "interestExpense": -1663000, "incomeBeforeTax": 10649000, "incomeTaxExpense": -2892000, "minorityInterest": {}, "netIncomeFromContinuingOps": 13541000, "discontinuedOperations": {}, "extraordinaryItems": {}, "effectOfAccountingCharges": {}, "otherItems": {}, "netIncome": 13541000, "netIncomeApplicableToCommonShares": 13541000}], "maxAge": 86400}, "cashflowStatementHistoryQuarterly": {"cashflowStatements": [{"maxAge": 1, "endDate": "2020-06-30", "netIncome": 8932000, "changeToLiabilities": 0}, {"maxAge": 1, "endDate": "2020-03-31", "netIncome": 4113068, "changeToLiabilities": 0}, {"maxAge": 1, "endDate": "2019-12-31", "netIncome": 12390000, "changeToLiabilities": 0}, {"maxAge": 1, "endDate": "2019-09-30", "netIncome": 13541000, "changeToLiabilities": 0}], "maxAge": 86400}, "insiderHolders": {"holders": [{"maxAge": 1, "name": "Jindal (Arun Krishnakumar)", "relation": "Director (Non-Executive)", "url": "", "transactionDescription": "Other", "latestTransDate": "2017-11-01", "positionDirect": 700000, "positionDirectDate": "2017-11-01"}, {"maxAge": 1, "name": "Jindal (Shubham)", "relation": "UNREPORTED", "url": "", "transactionDescription": "Acquisition", "latestTransDate": "2018-09-12", "positionDirect": 0, "positionDirectDate": "2018-09-12"}, {"maxAge": 1, "name": "Kore (Amit Prabhakar)", "relation": "Promoter", "url": "", "transactionDescription": "Sale", "latestTransDate": "2016-11-30", "positionDirect": 0, "positionDirectDate": "2016-11-30"}, {"maxAge": 1, "name": "Kothavale (Anil Annash)", "relation": "Promoter", "url": "", "transactionDescription": "Other", "latestTransDate": "2017-11-01", "positionDirect": 0, "positionDirectDate": "2017-11-01"}, {"maxAge": 1, "name": "Kothavale (Manu Ravindra)", "relation": "Promoter", "url": "", "transactionDescription": "Other", "latestTransDate": "2017-11-01", "positionDirect": 0, "positionDirectDate": "2017-11-01"}, {"maxAge": 1, "name": "Kothavale (Ravindra Tripati)", "relation": "Promoter", "url": "", "transactionDescription": "Other", "latestTransDate": "2017-11-01", "positionDirect": 0, "positionDirectDate": "2017-11-01"}, {"maxAge": 1, "name": "Kothavale (Shashikant)", "relation": "Promoter", "url": "", "transactionDescription": "Other", "latestTransDate": "2017-11-01", "positionDirect": 0, "positionDirectDate": "2017-11-01"}, {"maxAge": 1, "name": "Rajore (Nitin)", "relation": "Director", "url": "", "transactionDescription": "Purchase", "latestTransDate": "2018-10-01", "positionDirect": 75500, "positionDirectDate": "2018-10-01"}, {"maxAge": 1, "name": "Sirsikar (Swastik)", "relation": "Promoter", "url": "", "transactionDescription": "Sale", "latestTransDate": "2016-11-30", "positionDirect": 0, "positionDirectDate": "2016-11-30"}, {"maxAge": 1, "name": "Western India Forgings Pvt. Ltd.", "relation": "Promoter", "url": "", "transactionDescription": "Sale", "latestTransDate": "2018-10-01", "positionDirect": 7200618, "positionDirectDate": "2018-10-01"}], "maxAge": 1}, "calendarEvents": {"maxAge": 1, "earnings": {"earningsDate": ["2020-09-05 05:30:S"]}}, "upgradeDowngradeHistory": {"history": [], "maxAge": 86400}, "price": {"maxAge": 1, "regularMarketChangePercent": -0.06752041, "regularMarketChange": -2.9000015, "regularMarketTime": "2021-04-30 15:29:43", "priceHint": 2, "regularMarketPrice": 40.05, "regularMarketDayHigh": 46.05, "regularMarketDayLow": 38.6, "regularMarketVolume": 5280, "averageDailyVolume10Day": 3525, "averageDailyVolume3Month": 1704, "regularMarketPreviousClose": 42.95, "regularMarketSource": "FREE_REALTIME", "regularMarketOpen": 44.0, "exchange": "BSE", "exchangeName": "BSE", "exchangeDataDelayedBy": 0, "marketState": "CLOSED", "quoteType": "EQUITY", "symbol": "RJKMRFR.BO", "underlyingSymbol": null, "shortName": "RAJKUMAR FORGE LTD.", "longName": "Rajkumar Forge Limited", "currency": "INR", "quoteSourceName": "Delayed Quote", "currencySymbol": "\u20b9", "fromCurrency": null, "lastMarket": null, "marketCap": 438122976}, "balanceSheetHistory": {"balanceSheetStatements": [{"maxAge": 1, "endDate": "2020-03-31", "cash": 11481221, "netReceivables": 154190613, "inventory": 56156335, "otherCurrentAssets": 5539212, "totalCurrentAssets": 227367381, "propertyPlantEquipment": 201818470, "intangibleAssets": 173329, "otherAssets": 3356130, "totalAssets": 432715310, "accountsPayable": 84758377, "shortLongTermDebt": 3074850, "otherCurrentLiab": 11246631, "longTermDebt": 13324350, "otherLiab": 19509524, "totalCurrentLiabilities": 133528206, "totalLiab": 166362080, "commonStock": 109394000, "retainedEarnings": 148959230, "treasuryStock": 8000000, "otherStockholderEquity": 8000000, "totalStockholderEquity": 266353230, "netTangibleAssets": 266179901}, {"maxAge": 1, "endDate": "2019-03-31", "cash": 8988278, "shortTermInvestments": 5751000, "netReceivables": 134169375, "inventory": 58921613, "otherCurrentAssets": 5256100, "totalCurrentAssets": 207542445, "propertyPlantEquipment": 185038845, "intangibleAssets": 255319, "otherAssets": 3356129, "totalAssets": 396192738, "accountsPayable": 94287687, "shortLongTermDebt": 2220201, "otherCurrentLiab": 11930776, "otherLiab": 17569104, "totalCurrentLiabilities": 157207036, "totalLiab": 174776140, "commonStock": 109394000, "retainedEarnings": 104022598, "treasuryStock": 8000000, "otherStockholderEquity": 8000000, "totalStockholderEquity": 221416598, "netTangibleAssets": 221161279}, {"maxAge": 1, "endDate": "2018-03-31", "cash": 6298666, "netReceivables": 84622830, "inventory": 53125660, "otherCurrentAssets": 4691161, "totalCurrentAssets": 149107073, "propertyPlantEquipment": 175386721, "intangibleAssets": 337309, "otherAssets": 3356130, "totalAssets": 328187233, "accountsPayable": 56393343, "shortLongTermDebt": 9000000, "otherCurrentLiab": 9156602, "longTermDebt": 2250000, "otherLiab": 6574404, "totalCurrentLiabilities": 118449838, "totalLiab": 127274242, "commonStock": 109394000, "retainedEarnings": 83518991, "treasuryStock": 8000000, "otherStockholderEquity": 8000000, "totalStockholderEquity": 200912991, "netTangibleAssets": 200575682}, {"maxAge": 1, "endDate": "2017-03-31", "cash": 5508883, "netReceivables": 40024011, "inventory": 36793660, "otherCurrentAssets": 4262424, "totalCurrentAssets": 87029407, "propertyPlantEquipment": 183465746, "intangibleAssets": 377447, "otherAssets": 3364530, "totalAssets": 274237130, "accountsPayable": 20396654, "shortLongTermDebt": 9000000, "otherCurrentLiab": 8815940, "longTermDebt": 9000000, "otherLiab": 4791209, "totalCurrentLiabilities": 63162176, "totalLiab": 76953385, "commonStock": 109394000, "retainedEarnings": 79889745, "treasuryStock": 8000000, "otherStockholderEquity": 8000000, "totalStockholderEquity": 197283745, "netTangibleAssets": 196906298}], "maxAge": 86400}, "financialData": {"maxAge": 86400, "currentPrice": 40.05, "recommendationKey": "none", "grossProfits": 123043117, "financialCurrency": "INR"}}}