{"RKDL.BO": {"cashflowStatementHistory": {"cashflowStatements": [{"maxAge": 1, "endDate": "2019-03-31", "netIncome": 37321000, "depreciation": 4900000, "changeToNetincome": -4951000, "changeToAccountReceivables": -16766000, "changeToLiabilities": 27079000, "changeToInventory": -16385000, "changeToOperatingActivities": 49095000, "totalCashFromOperatingActivities": 80597000, "capitalExpenditures": -24698000, "otherCashflowsFromInvestingActivities": -8981000, "totalCashflowsFromInvestingActivities": -33679000, "netBorrowings": -45868000, "otherCashflowsFromFinancingActivities": -1646000, "totalCashFromFinancingActivities": -47514000, "changeInCash": -597000}, {"maxAge": 1, "endDate": "2018-03-31", "netIncome": -15641000, "depreciation": 4108000, "changeToNetincome": 17596000, "changeToAccountReceivables": -60316000, "changeToLiabilities": 26156000, "changeToInventory": 33104000, "changeToOperatingActivities": 8935000, "totalCashFromOperatingActivities": 13988000, "capitalExpenditures": -4263000, "investments": 20000000, "otherCashflowsFromInvestingActivities": 2798000, "totalCashflowsFromInvestingActivities": 18535000, "netBorrowings": -19271000, "otherCashflowsFromFinancingActivities": -14741000, "totalCashFromFinancingActivities": -34012000, "changeInCash": -1488000}, {"maxAge": 1, "endDate": "2017-03-31", "netIncome": -32368000, "depreciation": 2884000, "changeToNetincome": 22736000, "changeToAccountReceivables": -30931000, "changeToLiabilities": -472000, "changeToInventory": -11464000, "changeToOperatingActivities": 8317000, "totalCashFromOperatingActivities": -41298000, "capitalExpenditures": -6428000, "investments": 20000000, "otherCashflowsFromInvestingActivities": -164000, "totalCashflowsFromInvestingActivities": -6592000, "netBorrowings": 69726000, "otherCashflowsFromFinancingActivities": -23087000, "totalCashFromFinancingActivities": 46639000, "changeInCash": -1251000}, {"maxAge": 1, "endDate": "2016-03-31", "netIncome": -54700000, "depreciation": 4200000, "changeToNetincome": 34800000, "changeToAccountReceivables": -16400000, "changeToLiabilities": 14400000, "changeToInventory": -1800000, "changeToOperatingActivities": 48200000, "totalCashFromOperatingActivities": 28700000, "capitalExpenditures": -200000, "investments": 20000000, "otherCashflowsFromInvestingActivities": 1400000, "totalCashflowsFromInvestingActivities": 2200000, "netBorrowings": 4600000, "otherCashflowsFromFinancingActivities": -37900000, "totalCashFromFinancingActivities": -33300000, "changeInCash": -2300000}], "maxAge": 86400}, "institutionOwnership": {"ownershipList": [], "maxAge": 1}, "balanceSheetHistoryQuarterly": {"balanceSheetStatements": [{"maxAge": 1, "endDate": "2020-06-30"}, {"maxAge": 1, "endDate": "2019-12-31", "totalStockholderEquity": 663778000, "netTangibleAssets": 663108000}, {"maxAge": 1, "endDate": "2019-09-30", "cash": 12397000, "shortTermInvestments": 24779000, "netReceivables": 744921000, "inventory": 190313000, "otherCurrentAssets": 1000, "totalCurrentAssets": 980209000, "longTermInvestments": 82571000, "propertyPlantEquipment": 50621000, "intangibleAssets": 670000, "otherAssets": 311814000, "totalAssets": 1425885000, "accountsPayable": 124169000, "otherCurrentLiab": 151912000, "otherLiab": 120435000, "totalCurrentLiabilities": 641672000, "totalLiab": 762107000, "commonStock": 240000000, "treasuryStock": 423778000, "otherStockholderEquity": 423778000, "totalStockholderEquity": 663778000, "netTangibleAssets": 663108000}, {"maxAge": 1, "endDate": "2019-06-30", "totalStockholderEquity": 659809000, "netTangibleAssets": 659060000}], "maxAge": 86400}, "indexTrend": {"maxAge": 1, "symbol": "SP5", "peRatio": 19.7411, "pegRatio": 1.34172, "estimates": [{"period": "0q", "growth": 0.549}, {"period": "+1q", "growth": 0.431}, {"period": "0y", "growth": 0.305}, {"period": "+1y", "growth": 0.109}, {"period": "+5y", "growth": 0.120865}, {"period": "-5y"}]}, "insiderTransactions": {"transactions": [{"maxAge": 1, "shares": 170000, "filerUrl": "", "transactionText": "", "filerName": "Nandalal Vyapaar Pvt Ltd", "filerRelation": "Institution- Corporation", "moneyText": "", "startDate": "2012-03-26", "ownership": "D"}, {"maxAge": 1, "shares": 412021, "filerUrl": "", "transactionText": "", "filerName": "Chiraag Suppliers Pvt Ltd", "filerRelation": "Institution- Corporation", "moneyText": "", "startDate": "2012-03-22", "ownership": "D"}], "maxAge": 1}, "quoteType": {"exchange": "BSE", "quoteType": "EQUITY", "symbol": "RKDL.BO", "underlyingSymbol": "RKDL.BO", "shortName": "RAVI KUMAR DISTILLERIES LTD.", "longName": "Ravi Kumar Distilleries Limited", "firstTradeDateEpochUtc": "2010-12-27 09:15:00", "timeZoneFullName": "Asia/Kolkata", "timeZoneShortName": "IST", "uuid": "450f84cd-6ac7-3949-84dc-ae639c67a3f1", "gmtOffSetMilliseconds": 19800000, "maxAge": 1}, "incomeStatementHistory": {"incomeStatementHistory": [{"maxAge": 1, "endDate": "2019-03-31", "totalRevenue": 835923000, "costOfRevenue": 634539000, "grossProfit": 201384000, "researchDevelopment": {}, "sellingGeneralAdministrative": 49681000, "nonRecurring": {}, "otherOperatingExpenses": 154902000, "totalOperatingExpenses": 844326000, "operatingIncome": -8403000, "totalOtherIncomeExpenseNet": 47720000, "ebit": -8403000, "interestExpense": -1646000, "incomeBeforeTax": 39317000, "incomeTaxExpense": 1996000, "minorityInterest": {}, "netIncomeFromContinuingOps": 37321000, "discontinuedOperations": {}, "extraordinaryItems": {}, "effectOfAccountingCharges": {}, "otherItems": {}, "netIncome": 37321000, "netIncomeApplicableToCommonShares": 37321000}, {"maxAge": 1, "endDate": "2018-03-31", "totalRevenue": 724556000, "costOfRevenue": 562827000, "grossProfit": 161729000, "researchDevelopment": {}, "sellingGeneralAdministrative": 42516000, "nonRecurring": {}, "otherOperatingExpenses": 245302000, "totalOperatingExpenses": 854799000, "operatingIncome": -130243000, "totalOtherIncomeExpenseNet": 114502000, "ebit": -130243000, "interestExpense": -14741000, "incomeBeforeTax": -15741000, "incomeTaxExpense": -100000, "minorityInterest": {}, "netIncomeFromContinuingOps": -15641000, "discontinuedOperations": {}, "extraordinaryItems": {}, "effectOfAccountingCharges": {}, "otherItems": {}, "netIncome": -15641000, "netIncomeApplicableToCommonShares": -15641000}, {"maxAge": 1, "endDate": "2017-03-31", "totalRevenue": 642044000, "costOfRevenue": 499687000, "grossProfit": 142357000, "researchDevelopment": {}, "sellingGeneralAdministrative": 29746000, "nonRecurring": {}, "otherOperatingExpenses": 119542000, "totalOperatingExpenses": 651859000, "operatingIncome": -9815000, "totalOtherIncomeExpenseNet": -22905000, "ebit": -9815000, "interestExpense": -23087000, "incomeBeforeTax": -32720000, "incomeTaxExpense": -352000, "minorityInterest": {}, "netIncomeFromContinuingOps": -32368000, "discontinuedOperations": {}, "extraordinaryItems": {}, "effectOfAccountingCharges": {}, "otherItems": {}, "netIncome": -32368000, "netIncomeApplicableToCommonShares": -32368000}, {"maxAge": 1, "endDate": "2016-03-31", "totalRevenue": 523200000, "costOfRevenue": 407800000, "grossProfit": 115400000, "researchDevelopment": {}, "sellingGeneralAdministrative": 39100000, "nonRecurring": {}, "otherOperatingExpenses": 92000000, "totalOperatingExpenses": 543100000, "operatingIncome": -19900000, "totalOtherIncomeExpenseNet": -34800000, "ebit": -19900000, "interestExpense": -36200000, "incomeBeforeTax": -54700000, "incomeTaxExpense": 0, "minorityInterest": {}, "netIncomeFromContinuingOps": -54700000, "discontinuedOperations": {}, "extraordinaryItems": {}, "effectOfAccountingCharges": {}, "otherItems": {}, "netIncome": -54700000, "netIncomeApplicableToCommonShares": -54700000}], "maxAge": 86400}, "fundOwnership": {"ownershipList": [], "maxAge": 1}, "summaryDetail": {"maxAge": 1, "priceHint": 2, "previousClose": 8.61, "open": 8.87, "dayLow": 8.6, "dayHigh": 9.0, "regularMarketPreviousClose": 8.61, "regularMarketOpen": 8.87, "regularMarketDayLow": 8.6, "regularMarketDayHigh": 9.0, "trailingPE": 4.925714, "volume": 4013, "regularMarketVolume": 4013, "averageVolume": 9350, "averageVolume10days": 1569, "averageDailyVolume10Day": 1569, "bid": 8.69, "ask": 8.96, "bidSize": 0, "askSize": 0, "marketCap": 206880000, "fiftyTwoWeekLow": 4.19, "fiftyTwoWeekHigh": 12.04, "fiftyDayAverage": 9.272727, "twoHundredDayAverage": 7.476544, "currency": "INR", "fromCurrency": null, "lastMarket": null, "algorithm": null, "tradeable": false}, "incomeStatementHistoryQuarterly": {"incomeStatementHistory": [{"maxAge": 1, "endDate": "2020-06-30", "totalRevenue": 2125000, "costOfRevenue": 1582000, "grossProfit": 543000, "researchDevelopment": {}, "sellingGeneralAdministrative": 6084000, "nonRecurring": {}, "otherOperatingExpenses": 7746000, "totalOperatingExpenses": 16658000, "operatingIncome": -14533000, "totalOtherIncomeExpenseNet": -20000, "ebit": -14533000, "interestExpense": -19000, "incomeBeforeTax": -14553000, "incomeTaxExpense": -95000, "minorityInterest": {}, "netIncomeFromContinuingOps": -14458000, "discontinuedOperations": {}, "extraordinaryItems": {}, "effectOfAccountingCharges": {}, "otherItems": {}, "netIncome": -14458000, "netIncomeApplicableToCommonShares": -14458000}, {"maxAge": 1, "endDate": "2019-12-31", "totalRevenue": 208995000, "costOfRevenue": 163565000, "grossProfit": 45430000, "researchDevelopment": {}, "sellingGeneralAdministrative": 9748000, "nonRecurring": {}, "otherOperatingExpenses": 30480000, "totalOperatingExpenses": 205217000, "operatingIncome": 3778000, "totalOtherIncomeExpenseNet": -1343000, "ebit": 3778000, "interestExpense": -316000, "incomeBeforeTax": 2435000, "incomeTaxExpense": 665000, "minorityInterest": {}, "netIncomeFromContinuingOps": 1770000, "discontinuedOperations": {}, "extraordinaryItems": {}, "effectOfAccountingCharges": {}, "otherItems": {}, "netIncome": 1770000, "netIncomeApplicableToCommonShares": 1770000}, {"maxAge": 1, "endDate": "2019-09-30", "totalRevenue": 219945000, "costOfRevenue": 171457000, "grossProfit": 48488000, "researchDevelopment": {}, "sellingGeneralAdministrative": 9546000, "nonRecurring": {}, "otherOperatingExpenses": 35183000, "totalOperatingExpenses": 217669000, "operatingIncome": 2276000, "totalOtherIncomeExpenseNet": -197000, "ebit": 2276000, "interestExpense": -198000, "incomeBeforeTax": 2079000, "incomeTaxExpense": -19000, "minorityInterest": {}, "netIncomeFromContinuingOps": 2098000, "discontinuedOperations": {}, "extraordinaryItems": {}, "effectOfAccountingCharges": {}, "otherItems": {}, "netIncome": 2098000, "netIncomeApplicableToCommonShares": 2098000}, {"maxAge": 1, "endDate": "2019-06-30", "totalRevenue": 200097000, "costOfRevenue": 158364000, "grossProfit": 41733000, "researchDevelopment": {}, "sellingGeneralAdministrative": 8698000, "nonRecurring": {}, "otherOperatingExpenses": 29230000, "totalOperatingExpenses": 197896000, "operatingIncome": 2201000, "totalOtherIncomeExpenseNet": -254000, "ebit": 2201000, "interestExpense": -255000, "incomeBeforeTax": 1947000, "incomeTaxExpense": -24000, "minorityInterest": {}, "netIncomeFromContinuingOps": 1971000, "discontinuedOperations": {}, "extraordinaryItems": {}, "effectOfAccountingCharges": {}, "otherItems": {}, "netIncome": 1971000, "netIncomeApplicableToCommonShares": 1971000}], "maxAge": 86400}, "cashflowStatementHistoryQuarterly": {"cashflowStatements": [{"maxAge": 1, "endDate": "2020-06-30", "netIncome": -14458000, "changeToLiabilities": 0}, {"maxAge": 1, "endDate": "2019-12-31", "netIncome": 1770000, "changeToLiabilities": 0}, {"maxAge": 1, "endDate": "2019-09-30", "netIncome": 2098000, "changeToLiabilities": 0}, {"maxAge": 1, "endDate": "2019-06-30", "netIncome": 1971000, "changeToLiabilities": 0}], "maxAge": 86400}, "insiderHolders": {"holders": [{"maxAge": 1, "name": "Chiraag Suppliers Pvt Ltd", "relation": "Institution- Corporation", "url": "", "transactionDescription": "Acquisition", "latestTransDate": "2012-03-22", "positionDirect": 1308906, "positionDirectDate": "2012-03-22"}, {"maxAge": 1, "name": "Nandalal Vyapaar Pvt Ltd", "relation": "Institution- Corporation", "url": "", "transactionDescription": "Acquisition", "latestTransDate": "2012-03-26", "positionDirect": 1254000, "positionDirectDate": "2012-03-26"}], "maxAge": 1}, "calendarEvents": {"maxAge": 1, "earnings": {"earningsDate": ["2020-09-12 05:30:S"]}}, "upgradeDowngradeHistory": {"history": [], "maxAge": 86400}, "price": {"maxAge": 1, "regularMarketChangePercent": 0.0011614668, "regularMarketChange": 0.010000229, "regularMarketTime": "2021-04-30 15:13:00", "priceHint": 2, "regularMarketPrice": 8.62, "regularMarketDayHigh": 9.0, "regularMarketDayLow": 8.6, "regularMarketVolume": 4013, "averageDailyVolume10Day": 1569, "averageDailyVolume3Month": 9350, "regularMarketPreviousClose": 8.61, "regularMarketSource": "FREE_REALTIME", "regularMarketOpen": 8.87, "exchange": "BSE", "exchangeName": "BSE", "exchangeDataDelayedBy": 0, "marketState": "CLOSED", "quoteType": "EQUITY", "symbol": "RKDL.BO", "underlyingSymbol": null, "shortName": "RAVI KUMAR DISTILLERIES LTD.", "longName": "Ravi Kumar Distilleries Limited", "currency": "INR", "quoteSourceName": "Delayed Quote", "currencySymbol": "\u20b9", "fromCurrency": null, "lastMarket": null, "marketCap": 206880000}, "balanceSheetHistory": {"balanceSheetStatements": [{"maxAge": 1, "endDate": "2019-03-31", "cash": 1002000, "netReceivables": 727934000, "inventory": 198342000, "otherCurrentAssets": 9025000, "totalCurrentAssets": 971454000, "longTermInvestments": 82571000, "propertyPlantEquipment": 52554000, "intangibleAssets": 749000, "otherAssets": 310407000, "totalAssets": 1417735000, "accountsPayable": 123125000, "otherCurrentLiab": 147871000, "otherLiab": 114380000, "totalCurrentLiabilities": 643546000, "totalLiab": 757926000, "commonStock": 240000000, "retainedEarnings": -201879000, "treasuryStock": 688000, "capitalSurplus": 621000000, "otherStockholderEquity": 688000, "totalStockholderEquity": 659809000, "netTangibleAssets": 659060000}, {"maxAge": 1, "endDate": "2018-03-31", "cash": 1598000, "netReceivables": 711177000, "inventory": 181957000, "otherCurrentAssets": 44000, "totalCurrentAssets": 930260000, "longTermInvestments": 82571000, "propertyPlantEquipment": 32755000, "intangibleAssets": 1053000, "otherAssets": 310163000, "totalAssets": 1356802000, "accountsPayable": 96045000, "otherCurrentLiab": 149171000, "otherLiab": 89115000, "totalCurrentLiabilities": 638498000, "totalLiab": 727613000, "commonStock": 240000000, "retainedEarnings": -231811000, "capitalSurplus": 621000000, "totalStockholderEquity": 629189000, "netTangibleAssets": 628136000}, {"maxAge": 1, "endDate": "2017-03-31", "cash": 3087000, "shortTermInvestments": 2798000, "netReceivables": 639758000, "inventory": 215061000, "otherCurrentAssets": 2841000, "totalCurrentAssets": 916616000, "longTermInvestments": 82571000, "propertyPlantEquipment": 33699000, "otherAssets": 308311000, "totalAssets": 1341197000, "accountsPayable": 69889000, "otherCurrentLiab": 145304000, "otherLiab": 78563000, "totalCurrentLiabilities": 617803000, "totalLiab": 696366000, "commonStock": 240000000, "retainedEarnings": -216169000, "capitalSurplus": 621000000, "totalStockholderEquity": 644831000, "netTangibleAssets": 644831000}, {"maxAge": 1, "endDate": "2016-03-31", "cash": 7100000, "netReceivables": 626000000, "inventory": 218000000, "totalCurrentAssets": 860300000, "longTermInvestments": 130300000, "propertyPlantEquipment": 30000000, "otherAssets": 311200000, "totalAssets": 1331800000, "accountsPayable": 70300000, "otherCurrentLiab": 128300000, "longTermDebt": 49000000, "otherLiab": 3500000, "totalCurrentLiabilities": 571200000, "totalLiab": 623700000, "commonStock": 240000000, "retainedEarnings": -152900000, "capitalSurplus": 621000000, "totalStockholderEquity": 708100000, "netTangibleAssets": 708100000}], "maxAge": 86400}, "financialData": {"maxAge": 86400, "currentPrice": 8.62, "recommendationKey": "none", "grossProfits": 201384000, "financialCurrency": "INR"}}}