{"RKDL.NS": {"assetProfile": {"address1": "C-9 & 10, Industrial Estate", "address2": "Industrial Estate 2nd Main Road Thattanchavady", "city": "Puducherry", "zip": "605009", "country": "India", "phone": "91 41 3224 4007", "website": "http://www.ravikumardistilleries.com", "industry": "Beverages\u2014Wineries & Distilleries", "sector": "Consumer Defensive", "longBusinessSummary": "Ravi Kumar Distilleries Limited manufactures and sells Indian made foreign liquors in India. The company provides whisky, brandy, rum, vodka, and gin primarily under the Capricorn, Jean Brothers, Black Berry, 2 Barrels, Green Magic, Chevalier, Once More, and other brands. It also designs and erects liquor plants on turn-key basis; and operates as a consultant for source and supply of liquor, beer, wine, etc. Ravi Kumar Distilleries Limited was founded in 1993 and is based in Puducherry, India.", "fullTimeEmployees": 78, "companyOfficers": [{"maxAge": 1, "name": "Mr. Ramalingam V. Ravikumar", "age": 65, "title": "Founder, Exec. Chairman & MD", "yearBorn": 1955, "fiscalYear": 2020, "totalPay": 1320000, "exercisedValue": 0, "unexercisedValue": 0}, {"maxAge": 1, "name": "Ms. L.  Bhuvaneswari", "title": "Chief Financial Officer", "fiscalYear": 2020, "totalPay": 540000, "exercisedValue": 0, "unexercisedValue": 0}, {"maxAge": 1, "name": "Mr. V.  Rajkumar C.S.", "title": "Company Sec. & Compliance Officer", "fiscalYear": 2020, "totalPay": 240000, "exercisedValue": 0, "unexercisedValue": 0}, {"maxAge": 1, "name": "Mr. Badrinath Sankardass Gandhi", "age": 59, "title": "Whole-Time Director", "yearBorn": 1961, "fiscalYear": 2020, "totalPay": 990000, "exercisedValue": 0, "unexercisedValue": 0}, {"maxAge": 1, "name": "Ms. N.  Nalini B.ComD.C.A", "age": 44, "title": "Sr. Mang. of Accounts", "yearBorn": 1976, "exercisedValue": 0, "unexercisedValue": 0}, {"maxAge": 1, "name": "Ms. G.  Zegadisvary", "age": 44, "title": "Sr. Mang. of HR & Admin", "yearBorn": 1976, "exercisedValue": 0, "unexercisedValue": 0}, {"maxAge": 1, "name": "Mr. V.  Arunagiri M.A", "age": 44, "title": "Sr. Mang. of Marketing", "yearBorn": 1976, "exercisedValue": 0, "unexercisedValue": 0}, {"maxAge": 1, "name": "A. N. Valliammai", "title": "Sales Mang.", "exercisedValue": 0, "unexercisedValue": 0}], "compensationAsOfEpochDate": "2020-12-31 05:30:00", "maxAge": 86400}, "cashflowStatementHistory": {"cashflowStatements": [{"maxAge": 1, "endDate": "2020-03-31", "netIncome": 5101000, "depreciation": 5699000, "changeToNetincome": 2098000, "changeToAccountReceivables": -9826000, "changeToLiabilities": -7929000, "changeToInventory": -24165000, "changeToOperatingActivities": 23931000, "totalCashFromOperatingActivities": -4950000, "capitalExpenditures": -1250000, "totalCashflowsFromInvestingActivities": -1250000, "netBorrowings": 8960000, "otherCashflowsFromFinancingActivities": -923000, "totalCashFromFinancingActivities": 8037000, "changeInCash": 1837000}, {"maxAge": 1, "endDate": "2019-03-31", "netIncome": 37321000, "depreciation": 5204000, "changeToNetincome": -4951000, "changeToAccountReceivables": -16766000, "changeToLiabilities": 27079000, "changeToInventory": -16385000, "changeToOperatingActivities": 49095000, "totalCashFromOperatingActivities": 80597000, "capitalExpenditures": -24698000, "otherCashflowsFromInvestingActivities": -8981000, "totalCashflowsFromInvestingActivities": -33679000, "netBorrowings": -45868000, "otherCashflowsFromFinancingActivities": -1646000, "totalCashFromFinancingActivities": -47514000, "changeInCash": -596000}, {"maxAge": 1, "endDate": "2018-03-31", "netIncome": -15641000, "depreciation": 4108000, "changeToNetincome": 17596000, "changeToAccountReceivables": -60316000, "changeToLiabilities": 26156000, "changeToInventory": 33104000, "changeToOperatingActivities": 8935000, "totalCashFromOperatingActivities": 13988000, "capitalExpenditures": -4263000, "investments": 20000000, "otherCashflowsFromInvestingActivities": 2798000, "totalCashflowsFromInvestingActivities": 18535000, "netBorrowings": -19271000, "otherCashflowsFromFinancingActivities": -14741000, "totalCashFromFinancingActivities": -34012000, "changeInCash": -1488000}, {"maxAge": 1, "endDate": "2017-03-31", "netIncome": -32368000, "depreciation": 2884000, "changeToNetincome": 22736000, "changeToAccountReceivables": -30931000, "changeToLiabilities": -472000, "changeToInventory": -11464000, "changeToOperatingActivities": 8317000, "totalCashFromOperatingActivities": -41298000, "capitalExpenditures": -6428000, "investments": 20000000, "otherCashflowsFromInvestingActivities": -164000, "totalCashflowsFromInvestingActivities": -6592000, "netBorrowings": 69726000, "otherCashflowsFromFinancingActivities": -23087000, "totalCashFromFinancingActivities": 46639000, "changeInCash": -1251000}], "maxAge": 86400}, "institutionOwnership": {"ownershipList": [], "maxAge": 1}, "majorHoldersBreakdown": {"maxAge": 1, "insidersPercentHeld": 0.72272, "institutionsPercentHeld": 0.0, "institutionsFloatPercentHeld": 0.0, "institutionsCount": 0}, "balanceSheetHistoryQuarterly": {"balanceSheetStatements": [{"maxAge": 1, "endDate": "2020-12-31", "totalStockholderEquity": 609966000, "netTangibleAssets": 609410000}, {"maxAge": 1, "endDate": "2020-09-30", "cash": 10238000, "shortTermInvestments": 463585000, "netReceivables": 255536000, "inventory": 221028000, "otherCurrentAssets": 15364000, "totalCurrentAssets": 965751000, "longTermInvestments": 82571000, "propertyPlantEquipment": 45664000, "intangibleAssets": 556000, "otherAssets": 313528000, "deferredLongTermAssetCharges": 378000, "totalAssets": 1408070000, "accountsPayable": 97956000, "otherCurrentLiab": 155195000, "otherLiab": 140338000, "totalCurrentLiabilities": 657766000, "totalLiab": 798104000, "commonStock": 240000000, "treasuryStock": 369966000, "otherStockholderEquity": 369966000, "totalStockholderEquity": 609966000, "netTangibleAssets": 609410000}, {"maxAge": 1, "endDate": "2020-06-30"}, {"maxAge": 1, "endDate": "2020-03-31", "cash": 2839000, "netReceivables": 740553000, "inventory": 222507000, "otherCurrentAssets": 9000000, "totalCurrentAssets": 1011058000, "longTermInvestments": 82571000, "propertyPlantEquipment": 48104000, "intangibleAssets": 608000, "otherAssets": 313718000, "deferredLongTermAssetCharges": 283000, "totalAssets": 1456059000, "accountsPayable": 115196000, "otherCurrentLiab": 150538000, "otherLiab": 141762000, "totalCurrentLiabilities": 652383000, "totalLiab": 794145000, "commonStock": 240000000, "retainedEarnings": -199086000, "capitalSurplus": 621000000, "totalStockholderEquity": 661914000, "netTangibleAssets": 661306000}], "maxAge": 86400}, "indexTrend": {"maxAge": 1, "symbol": "SP5", "peRatio": 19.7411, "pegRatio": 1.34172, "estimates": [{"period": "0q", "growth": 0.549}, {"period": "+1q", "growth": 0.431}, {"period": "0y", "growth": 0.305}, {"period": "+1y", "growth": 0.109}, {"period": "+5y", "growth": 0.120865}, {"period": "-5y"}]}, "defaultKeyStatistics": {"maxAge": 1, "priceHint": 2, "enterpriseValue": 44861448, "profitMargins": -0.34864, "floatShares": 9479594, "sharesOutstanding": 24000000, "heldPercentInsiders": 0.72272, "heldPercentInstitutions": 0.0, "beta": 0.737779, "category": null, "bookValue": 25.381, "priceToBook": 0.34671605, "fundFamily": null, "legalType": null, "lastFiscalYearEnd": "2020-03-31 05:30:00", "nextFiscalYearEnd": "2022-03-31 05:30:00", "mostRecentQuarter": "2020-12-31 05:30:00", "netIncomeToCommon": -62795000, "trailingEps": -2.647, "lastSplitFactor": null, "enterpriseToRevenue": 0.249, "enterpriseToEbitda": -1.262}, "summaryProfile": {"address1": "C-9 & 10, Industrial Estate", "address2": "Industrial Estate 2nd Main Road Thattanchavady", "city": "Puducherry", "zip": "605009", "country": "India", "phone": "91 41 3224 4007", "website": "http://www.ravikumardistilleries.com", "industry": "Beverages\u2014Wineries & Distilleries", "sector": "Consumer Defensive", "longBusinessSummary": "Ravi Kumar Distilleries Limited manufactures and sells Indian made foreign liquors in India. The company provides whisky, brandy, rum, vodka, and gin primarily under the Capricorn, Jean Brothers, Black Berry, 2 Barrels, Green Magic, Chevalier, Once More, and other brands. It also designs and erects liquor plants on turn-key basis; and operates as a consultant for source and supply of liquor, beer, wine, etc. Ravi Kumar Distilleries Limited was founded in 1993 and is based in Puducherry, India.", "fullTimeEmployees": 78, "companyOfficers": [], "maxAge": 86400}, "netSharePurchaseActivity": {"maxAge": 1, "period": "6m", "buyInfoCount": 0, "buyInfoShares": 0, "sellInfoCount": 0, "netInfoCount": 0, "netInfoShares": 0, "netPercentInsiderShares": 0.0, "totalInsiderShares": 17395184}, "insiderTransactions": {"transactions": [{"maxAge": 1, "shares": 170000, "filerUrl": "", "transactionText": "", "filerName": "Nandalal Vyapaar Pvt Ltd", "filerRelation": "Institution- Corporation", "moneyText": "", "startDate": "2012-03-26", "ownership": "D"}, {"maxAge": 1, "shares": 412021, "filerUrl": "", "transactionText": "", "filerName": "Chiraag Suppliers Pvt Ltd", "filerRelation": "Institution- Corporation", "moneyText": "", "startDate": "2012-03-22", "ownership": "D"}], "maxAge": 1}, "quoteType": {"exchange": "NSI", "quoteType": "EQUITY", "symbol": "RKDL.NS", "underlyingSymbol": "RKDL.NS", "shortName": "RAVI KUMAR DISTILL", "longName": "Ravi Kumar Distilleries Limited", "firstTradeDateEpochUtc": "2010-12-27 09:15:00", "timeZoneFullName": "Asia/Kolkata", "timeZoneShortName": "IST", "uuid": "d7f806a6-2348-359b-b2a5-e53adbe1a01c", "gmtOffSetMilliseconds": 19800000, "maxAge": 1}, "incomeStatementHistory": {"incomeStatementHistory": [{"maxAge": 1, "endDate": "2020-03-31", "totalRevenue": 806946000, "costOfRevenue": 623967000, "grossProfit": 182979000, "researchDevelopment": {}, "sellingGeneralAdministrative": 51813000, "nonRecurring": {}, "otherOperatingExpenses": 116607000, "totalOperatingExpenses": 798227000, "operatingIncome": 8719000, "totalOtherIncomeExpenseNet": -1938000, "ebit": 8719000, "interestExpense": -923000, "incomeBeforeTax": 6781000, "incomeTaxExpense": 1680000, "minorityInterest": {}, "netIncomeFromContinuingOps": 5101000, "discontinuedOperations": {}, "extraordinaryItems": {}, "effectOfAccountingCharges": {}, "otherItems": {}, "netIncome": 5101000, "netIncomeApplicableToCommonShares": 5101000}, {"maxAge": 1, "endDate": "2019-03-31", "totalRevenue": 835923000, "costOfRevenue": 634539000, "grossProfit": 201384000, "researchDevelopment": {}, "sellingGeneralAdministrative": 49681000, "nonRecurring": {}, "otherOperatingExpenses": 154902000, "totalOperatingExpenses": 844326000, "operatingIncome": -8403000, "totalOtherIncomeExpenseNet": 47720000, "ebit": -8403000, "interestExpense": -1646000, "incomeBeforeTax": 39317000, "incomeTaxExpense": 1996000, "minorityInterest": {}, "netIncomeFromContinuingOps": 37321000, "discontinuedOperations": {}, "extraordinaryItems": {}, "effectOfAccountingCharges": {}, "otherItems": {}, "netIncome": 37321000, "netIncomeApplicableToCommonShares": 37321000}, {"maxAge": 1, "endDate": "2018-03-31", "totalRevenue": 724556000, "costOfRevenue": 562827000, "grossProfit": 161729000, "researchDevelopment": {}, "sellingGeneralAdministrative": 42516000, "nonRecurring": {}, "otherOperatingExpenses": 245302000, "totalOperatingExpenses": 854799000, "operatingIncome": -130243000, "totalOtherIncomeExpenseNet": 114502000, "ebit": -130243000, "interestExpense": -14741000, "incomeBeforeTax": -15741000, "incomeTaxExpense": -100000, "minorityInterest": {}, "netIncomeFromContinuingOps": -15641000, "discontinuedOperations": {}, "extraordinaryItems": {}, "effectOfAccountingCharges": {}, "otherItems": {}, "netIncome": -15641000, "netIncomeApplicableToCommonShares": -15641000}, {"maxAge": 1, "endDate": "2017-03-31", "totalRevenue": 642044000, "costOfRevenue": 499687000, "grossProfit": 142357000, "researchDevelopment": {}, "sellingGeneralAdministrative": 29746000, "nonRecurring": {}, "otherOperatingExpenses": 119542000, "totalOperatingExpenses": 651859000, "operatingIncome": -9815000, "totalOtherIncomeExpenseNet": -22905000, "ebit": -9815000, "interestExpense": -23087000, "incomeBeforeTax": -32720000, "incomeTaxExpense": -352000, "minorityInterest": {}, "netIncomeFromContinuingOps": -32368000, "discontinuedOperations": {}, "extraordinaryItems": {}, "effectOfAccountingCharges": {}, "otherItems": {}, "netIncome": -32368000, "netIncomeApplicableToCommonShares": -32368000}], "maxAge": 86400}, "fundOwnership": {"ownershipList": [], "maxAge": 1}, "summaryDetail": {"maxAge": 1, "priceHint": 2, "previousClose": 8.45, "open": 8.95, "dayLow": 8.5, "dayHigh": 9.1, "regularMarketPreviousClose": 8.45, "regularMarketOpen": 8.95, "regularMarketDayLow": 8.5, "regularMarketDayHigh": 9.1, "exDividendDate": "2011-07-26 05:30:00", "payoutRatio": 0.0, "beta": 0.737779, "volume": 17330, "regularMarketVolume": 17330, "averageVolume": 16686, "averageVolume10days": 4130, "averageDailyVolume10Day": 4130, "bid": 0.0, "ask": 0.0, "bidSize": 0, "askSize": 0, "marketCap": 211200000, "fiftyTwoWeekLow": 4.7, "fiftyTwoWeekHigh": 12.2, "priceToSalesTrailing12Months": 1.1725842, "fiftyDayAverage": 7.792424, "twoHundredDayAverage": 7.6260715, "currency": "INR", "fromCurrency": null, "lastMarket": null, "algorithm": null, "tradeable": false}, "incomeStatementHistoryQuarterly": {"incomeStatementHistory": [{"maxAge": 1, "endDate": "2020-12-31", "totalRevenue": 0, "costOfRevenue": 0, "grossProfit": 0, "researchDevelopment": {}, "sellingGeneralAdministrative": 3150000, "nonRecurring": {}, "otherOperatingExpenses": 5685000, "totalOperatingExpenses": 10081000, "operatingIncome": -10081000, "totalOtherIncomeExpenseNet": -28000, "ebit": -10081000, "interestExpense": -28000, "incomeBeforeTax": -10109000, "incomeTaxExpense": 0, "minorityInterest": {}, "netIncomeFromContinuingOps": -10109000, "discontinuedOperations": {}, "extraordinaryItems": {}, "effectOfAccountingCharges": {}, "otherItems": {}, "netIncome": -10109000, "netIncomeApplicableToCommonShares": -10109000}, {"maxAge": 1, "endDate": "2020-09-30", "totalRevenue": 69000, "costOfRevenue": 48000, "grossProfit": 21000, "researchDevelopment": {}, "sellingGeneralAdministrative": 5987000, "nonRecurring": {}, "otherOperatingExpenses": 10262000, "totalOperatingExpenses": 17543000, "operatingIncome": -17474000, "totalOtherIncomeExpenseNet": -20016000, "ebit": -17474000, "interestExpense": -17000, "incomeBeforeTax": -37490000, "incomeTaxExpense": 0, "minorityInterest": {}, "netIncomeFromContinuingOps": -37490000, "discontinuedOperations": {}, "extraordinaryItems": {}, "effectOfAccountingCharges": {}, "otherItems": {}, "netIncome": -37490000, "netIncomeApplicableToCommonShares": -37490000}, {"maxAge": 1, "endDate": "2020-06-30", "totalRevenue": 2125000, "costOfRevenue": 1582000, "grossProfit": 543000, "researchDevelopment": {}, "sellingGeneralAdministrative": 6084000, "nonRecurring": {}, "otherOperatingExpenses": 7746000, "totalOperatingExpenses": 16658000, "operatingIncome": -14533000, "totalOtherIncomeExpenseNet": -20000, "ebit": -14533000, "interestExpense": -19000, "incomeBeforeTax": -14553000, "incomeTaxExpense": -95000, "minorityInterest": {}, "netIncomeFromContinuingOps": -14458000, "discontinuedOperations": {}, "extraordinaryItems": {}, "effectOfAccountingCharges": {}, "otherItems": {}, "netIncome": -14458000, "netIncomeApplicableToCommonShares": -14458000}, {"maxAge": 1, "endDate": "2020-03-31", "totalRevenue": 177921000, "costOfRevenue": 130581000, "grossProfit": 47340000, "researchDevelopment": {}, "sellingGeneralAdministrative": 23822000, "nonRecurring": {}, "otherOperatingExpenses": 21714000, "totalOperatingExpenses": 177446000, "operatingIncome": 475000, "totalOtherIncomeExpenseNet": -154000, "ebit": 475000, "interestExpense": -154000, "incomeBeforeTax": 321000, "incomeTaxExpense": 1058000, "minorityInterest": {}, "netIncomeFromContinuingOps": -737000, "discontinuedOperations": {}, "extraordinaryItems": {}, "effectOfAccountingCharges": {}, "otherItems": {}, "netIncome": -737000, "netIncomeApplicableToCommonShares": -737000}], "maxAge": 86400}, "cashflowStatementHistoryQuarterly": {"cashflowStatements": [{"maxAge": 1, "endDate": "2020-12-31", "netIncome": -10109000, "changeToLiabilities": 0}, {"maxAge": 1, "endDate": "2020-09-30", "netIncome": -37490000, "changeToLiabilities": 0}, {"maxAge": 1, "endDate": "2020-06-30", "netIncome": -14458000, "changeToLiabilities": 0}, {"maxAge": 1, "endDate": "2020-03-31", "netIncome": -737000, "changeToLiabilities": 0}], "maxAge": 86400}, "insiderHolders": {"holders": [{"maxAge": 1, "name": "Chiraag Suppliers Pvt Ltd", "relation": "Institution- Corporation", "url": "", "transactionDescription": "Acquisition", "latestTransDate": "2012-03-22", "positionDirect": 1308906, "positionDirectDate": "2012-03-22"}, {"maxAge": 1, "name": "Nandalal Vyapaar Pvt Ltd", "relation": "Institution- Corporation", "url": "", "transactionDescription": "Acquisition", "latestTransDate": "2012-03-26", "positionDirect": 1254000, "positionDirectDate": "2012-03-26"}], "maxAge": 1}, "calendarEvents": {"maxAge": 1, "earnings": {"earningsDate": ["2019-08-06 05:30:S", "2019-08-10 05:30:S"]}, "exDividendDate": "2011-07-26 05:30:00"}, "upgradeDowngradeHistory": {"history": [], "maxAge": 86400}, "price": {"maxAge": 1, "regularMarketChangePercent": 0.041420165, "regularMarketChange": 0.35000038, "regularMarketTime": "2021-04-30 15:29:47", "priceHint": 2, "regularMarketPrice": 8.8, "regularMarketDayHigh": 9.1, "regularMarketDayLow": 8.5, "regularMarketVolume": 17330, "averageDailyVolume10Day": 4130, "averageDailyVolume3Month": 16686, "regularMarketPreviousClose": 8.45, "regularMarketSource": "FREE_REALTIME", "regularMarketOpen": 8.95, "exchange": "NSI", "exchangeName": "NSE", "exchangeDataDelayedBy": 15, "marketState": "CLOSED", "quoteType": "EQUITY", "symbol": "RKDL.NS", "underlyingSymbol": null, "shortName": "RAVI KUMAR DISTILL", "longName": "Ravi Kumar Distilleries Limited", "currency": "INR", "quoteSourceName": "Delayed Quote", "currencySymbol": "\u20b9", "fromCurrency": null, "lastMarket": null, "marketCap": 211200000}, "balanceSheetHistory": {"balanceSheetStatements": [{"maxAge": 1, "endDate": "2020-03-31", "cash": 2839000, "netReceivables": 740553000, "inventory": 222507000, "otherCurrentAssets": 9000000, "totalCurrentAssets": 1011058000, "longTermInvestments": 82571000, "propertyPlantEquipment": 48104000, "intangibleAssets": 608000, "otherAssets": 313718000, "deferredLongTermAssetCharges": 283000, "totalAssets": 1456059000, "accountsPayable": 115196000, "otherCurrentLiab": 150538000, "otherLiab": 141762000, "totalCurrentLiabilities": 652383000, "totalLiab": 794145000, "commonStock": 240000000, "retainedEarnings": -199086000, "capitalSurplus": 621000000, "totalStockholderEquity": 661914000, "netTangibleAssets": 661306000}, {"maxAge": 1, "endDate": "2019-03-31", "cash": 1002000, "netReceivables": 727934000, "inventory": 198342000, "otherCurrentAssets": 9025000, "totalCurrentAssets": 971454000, "longTermInvestments": 82571000, "propertyPlantEquipment": 52553000, "intangibleAssets": 749000, "otherAssets": 310407000, "totalAssets": 1417734000, "accountsPayable": 123125000, "otherCurrentLiab": 147871000, "otherLiab": 114380000, "totalCurrentLiabilities": 643546000, "totalLiab": 757926000, "commonStock": 240000000, "retainedEarnings": -201880000, "treasuryStock": 688000, "capitalSurplus": 621000000, "otherStockholderEquity": 688000, "totalStockholderEquity": 659808000, "netTangibleAssets": 659059000}, {"maxAge": 1, "endDate": "2018-03-31", "cash": 1598000, "netReceivables": 711177000, "inventory": 181957000, "otherCurrentAssets": 44000, "totalCurrentAssets": 930260000, "longTermInvestments": 82571000, "propertyPlantEquipment": 32755000, "intangibleAssets": 1053000, "otherAssets": 310163000, "totalAssets": 1356802000, "accountsPayable": 96045000, "otherCurrentLiab": 149171000, "otherLiab": 89115000, "totalCurrentLiabilities": 638498000, "totalLiab": 727613000, "commonStock": 240000000, "retainedEarnings": -231811000, "capitalSurplus": 621000000, "totalStockholderEquity": 629189000, "netTangibleAssets": 628136000}, {"maxAge": 1, "endDate": "2017-03-31", "cash": 3087000, "shortTermInvestments": 2798000, "netReceivables": 639758000, "inventory": 215061000, "otherCurrentAssets": 2841000, "totalCurrentAssets": 916616000, "longTermInvestments": 82571000, "propertyPlantEquipment": 33699000, "otherAssets": 308311000, "totalAssets": 1341197000, "accountsPayable": 69889000, "otherCurrentLiab": 145304000, "otherLiab": 78563000, "totalCurrentLiabilities": 617803000, "totalLiab": 696366000, "commonStock": 240000000, "retainedEarnings": -216169000, "capitalSurplus": 621000000, "totalStockholderEquity": 644831000, "netTangibleAssets": 644831000}], "maxAge": 86400}, "financialData": {"maxAge": 86400, "currentPrice": 8.8, "recommendationKey": "none", "totalCash": 473823008, "totalCashPerShare": 19.686, "ebitda": -35543752, "totalDebt": 315300992, "totalRevenue": 180115008, "debtToEquity": 51.691, "revenuePerShare": 7.591, "grossProfits": 182979000, "grossMargins": 0.26596, "ebitdaMargins": -0.19734, "operatingMargins": -0.23104, "profitMargins": -0.34864, "financialCurrency": "INR"}}}