{"RKEC.NS": {"assetProfile": {"address1": "No 10-12-1, Rednam Alcazar", "address2": "3rd Floor Opposite SBI Main Branch Rednam Gardens", "city": "Visakhapatnam", "zip": "530002", "country": "India", "phone": "91 89 1257 4517", "fax": "91 89 1257 4703", "website": "http://www.rkecprojects.com", "industry": "Engineering & Construction", "sector": "Industrials", "longBusinessSummary": "RKEC Projects Limited operates as an engineering construction company in India. The company constructs marine structures, such as wharves, berths, jetties, mooring dolphins, intake structures break waters, and coastal - shore protection works; and roads and bridges, as well as steel girders/PSU girders, and composite girders. It also undertakes building and infrastructure works, including civil works for power and refinery projects port development works, transmission lines, sports complex, buildings works, water intake systems, heavy RCC pre-stressed concrete and steel structures, and framed warehouses/industrial sheds; and rural electrification and LT/HT works. The company was incorporated in 2005 and is based in Visakhapatnam, India.", "companyOfficers": [{"maxAge": 1, "name": "Mr. Garapati  Radhakrishna", "title": "Chairman & MD", "exercisedValue": 0, "unexercisedValue": 0}, {"maxAge": 1, "name": "Ms. Garapati Parvathi Devi", "age": 56, "title": "Whole Time Director", "yearBorn": 1964, "exercisedValue": 0, "unexercisedValue": 0}, {"maxAge": 1, "name": "Mr. G. V. Rammohan", "title": "Director of Projects & Whole-Time Director", "exercisedValue": 0, "unexercisedValue": 0}, {"maxAge": 1, "name": "Mr. R.  Jayachandran", "title": "Director of Fin. & CFO", "exercisedValue": 0, "unexercisedValue": 0}, {"maxAge": 1, "name": "Ms. M.  Keerthana", "title": "Gen. Mang. of Fin. & Accounts", "exercisedValue": 0, "unexercisedValue": 0}, {"maxAge": 1, "name": "Brigadier G. V. Satyanarayana VSM(Retd)", "title": "Head of HR & Admin", "fiscalYear": 2019, "totalPay": 1800000, "exercisedValue": 0, "unexercisedValue": 0}, {"maxAge": 1, "name": "Mr. B. Srinivasa Rao", "title": "Gen. Mang. of Commercial & Admin.", "exercisedValue": 0, "unexercisedValue": 0}, {"maxAge": 1, "name": "Ms. Deepika  Rathi A.C.S.", "title": "Company Sec. & Compliance Officer", "exercisedValue": 0, "unexercisedValue": 0}], "compensationAsOfEpochDate": "2019-12-31 05:30:00", "maxAge": 86400}, "cashflowStatementHistory": {"cashflowStatements": [{"maxAge": 1, "endDate": "2020-03-31", "netIncome": 258113683, "depreciation": 64949277, "changeToNetincome": 88137951, "changeToAccountReceivables": -41018611, "changeToLiabilities": 209529726, "changeToInventory": -254281866, "changeToOperatingActivities": 76367467, "totalCashFromOperatingActivities": 401797627, "capitalExpenditures": -305002719, "otherCashflowsFromInvestingActivities": -64995911, "totalCashflowsFromInvestingActivities": -369115748, "dividendsPaid": -57846135, "netBorrowings": 172088726, "otherCashflowsFromFinancingActivities": -113256378, "totalCashFromFinancingActivities": 986213, "changeInCash": 33668092}, {"maxAge": 1, "endDate": "2019-03-31", "netIncome": 224325497, "depreciation": 35244675, "changeToNetincome": 45089368, "changeToAccountReceivables": 14874854, "changeToLiabilities": 342609718, "changeToInventory": -502585535, "changeToOperatingActivities": -80156235, "totalCashFromOperatingActivities": 79512421, "capitalExpenditures": -196118522, "otherCashflowsFromInvestingActivities": -151886320, "totalCashflowsFromInvestingActivities": -340158629, "dividendsPaid": -23990600, "netBorrowings": 331321601, "otherCashflowsFromFinancingActivities": -63347754, "totalCashFromFinancingActivities": 243983247, "changeInCash": -16662961}, {"maxAge": 1, "endDate": "2018-03-31", "netIncome": 203537312, "depreciation": 30876820, "changeToNetincome": 34291591, "changeToAccountReceivables": -425086328, "changeToLiabilities": 130316204, "changeToInventory": 163148071, "changeToOperatingActivities": -376553081, "totalCashFromOperatingActivities": -239469411, "capitalExpenditures": -65396756, "investments": 17241828, "otherCashflowsFromInvestingActivities": 27699487, "totalCashflowsFromInvestingActivities": -37607644, "dividendsPaid": -58856886, "netBorrowings": 146048213, "otherCashflowsFromFinancingActivities": -43431221, "totalCashFromFinancingActivities": 254270106, "changeInCash": -22806949, "issuanceOfStock": 210510000}, {"maxAge": 1, "endDate": "2017-03-31", "netIncome": 129256191, "depreciation": 27383426, "changeToNetincome": 78512088, "changeToAccountReceivables": -204364111, "changeToLiabilities": 95431068, "changeToInventory": 160479302, "changeToOperatingActivities": -91725547, "totalCashFromOperatingActivities": 194972417, "capitalExpenditures": -25257501, "investments": -1268465, "otherCashflowsFromInvestingActivities": 11692486, "totalCashflowsFromInvestingActivities": 20504985, "dividendsPaid": -58856886, "netBorrowings": -145045980, "otherCashflowsFromFinancingActivities": -84043708, "totalCashFromFinancingActivities": -229089688, "changeInCash": -13612286, "issuanceOfStock": 210510000}], "maxAge": 86400}, "institutionOwnership": {"ownershipList": [], "maxAge": 1}, "majorHoldersBreakdown": {"maxAge": 1}, "balanceSheetHistoryQuarterly": {"balanceSheetStatements": [{"maxAge": 1, "endDate": "2020-03-31", "cash": 456505630, "netReceivables": 1309002771, "inventory": 912721182, "otherCurrentAssets": 69423371, "totalCurrentAssets": 2747652954, "propertyPlantEquipment": 535040908, "intangibleAssets": 267506, "otherAssets": 12431227, "deferredLongTermAssetCharges": 12431225, "totalAssets": 3295392595, "accountsPayable": 971860817, "otherCurrentLiab": 519738930, "longTermDebt": 39202896, "otherLiab": 7083381, "totalCurrentLiabilities": 2106102299, "totalLiab": 2152388576, "commonStock": 239906000, "treasuryStock": 903098019, "otherStockholderEquity": 903098019, "totalStockholderEquity": 1143004019, "netTangibleAssets": 1142736513}, {"maxAge": 1, "endDate": "2019-12-31", "cash": 456505630, "netReceivables": 1309002771, "inventory": 912721182, "otherCurrentAssets": 69423371, "totalCurrentAssets": 2747652954, "propertyPlantEquipment": 535040908, "intangibleAssets": 267506, "otherAssets": 12431227, "deferredLongTermAssetCharges": 12431225, "totalAssets": 3295392595, "accountsPayable": 971860817, "otherCurrentLiab": 519738930, "longTermDebt": 39202896, "otherLiab": 7083381, "totalCurrentLiabilities": 2106102299, "totalLiab": 2152388576, "commonStock": 239906000, "treasuryStock": 903098019, "otherStockholderEquity": 903098019, "totalStockholderEquity": 1143004019, "netTangibleAssets": 1142736513}, {"maxAge": 1, "endDate": "2019-09-30", "cash": 385919004, "netReceivables": 1070175068, "inventory": 757460954, "otherCurrentAssets": 54401005, "totalCurrentAssets": 2267956031, "propertyPlantEquipment": 451204778, "intangibleAssets": 292216, "otherAssets": 9919796, "deferredLongTermAssetCharges": 9919794, "totalAssets": 2729372821, "accountsPayable": 538203594, "otherCurrentLiab": 486817765, "longTermDebt": 83532309, "otherLiab": 7224782, "totalCurrentLiabilities": 1592711485, "totalLiab": 1683468576, "commonStock": 239906000, "treasuryStock": 805998245, "otherStockholderEquity": 805998245, "totalStockholderEquity": 1045904245, "netTangibleAssets": 1045612029}, {"maxAge": 1, "endDate": "2019-06-30", "cash": 385919004, "netReceivables": 1070175068, "inventory": 757460954, "otherCurrentAssets": 54401005, "totalCurrentAssets": 2267956031, "propertyPlantEquipment": 451204778, "intangibleAssets": 292216, "otherAssets": 9919796, "deferredLongTermAssetCharges": 9919794, "totalAssets": 2729372821, "accountsPayable": 538203594, "otherCurrentLiab": 486817765, "longTermDebt": 83532309, "otherLiab": 7224782, "totalCurrentLiabilities": 1592711485, "totalLiab": 1683468576, "commonStock": 239906000, "treasuryStock": 805998245, "otherStockholderEquity": 805998245, "totalStockholderEquity": 1045904245, "netTangibleAssets": 1045612029}], "maxAge": 86400}, "indexTrend": {"maxAge": 1, "symbol": "SP5", "peRatio": 19.7411, "pegRatio": 1.34172, "estimates": [{"period": "0q", "growth": 0.549}, {"period": "+1q", "growth": 0.431}, {"period": "0y", "growth": 0.305}, {"period": "+1y", "growth": 0.109}, {"period": "+5y", "growth": 0.120865}, {"period": "-5y"}]}, "defaultKeyStatistics": {"maxAge": 1, "priceHint": 2, "enterpriseValue": 1631228288, "profitMargins": 0.084910005, "floatShares": 5469452, "sharesOutstanding": 23990600, "beta": 0.961727, "category": null, "bookValue": 47.664, "priceToBook": 1.2546155, "fundFamily": null, "legalType": null, "lastFiscalYearEnd": "2020-03-31 05:30:00", "nextFiscalYearEnd": "2022-03-31 05:30:00", "mostRecentQuarter": "2020-03-31 05:30:00", "earningsQuarterlyGrowth": -0.279, "netIncomeToCommon": 258113680, "trailingEps": 10.76, "lastSplitFactor": null, "enterpriseToRevenue": 0.537, "enterpriseToEbitda": 2.508}, "summaryProfile": {"address1": "No 10-12-1, Rednam Alcazar", "address2": "3rd Floor Opposite SBI Main Branch Rednam Gardens", "city": "Visakhapatnam", "zip": "530002", "country": "India", "phone": "91 89 1257 4517", "fax": "91 89 1257 4703", "website": "http://www.rkecprojects.com", "industry": "Engineering & Construction", "sector": "Industrials", "longBusinessSummary": "RKEC Projects Limited operates as an engineering construction company in India. The company constructs marine structures, such as wharves, berths, jetties, mooring dolphins, intake structures break waters, and coastal - shore protection works; and roads and bridges, as well as steel girders/PSU girders, and composite girders. It also undertakes building and infrastructure works, including civil works for power and refinery projects port development works, transmission lines, sports complex, buildings works, water intake systems, heavy RCC pre-stressed concrete and steel structures, and framed warehouses/industrial sheds; and rural electrification and LT/HT works. The company was incorporated in 2005 and is based in Visakhapatnam, India.", "companyOfficers": [], "maxAge": 86400}, "netSharePurchaseActivity": {"maxAge": 1, "period": "6m", "buyInfoCount": 0, "buyInfoShares": 0, "sellInfoCount": 0, "netInfoCount": 0, "netInfoShares": 0, "totalInsiderShares": 0}, "quoteType": {"exchange": "NSI", "quoteType": "EQUITY", "symbol": "RKEC.NS", "underlyingSymbol": "RKEC.NS", "shortName": "RKEC Projects Limited", "longName": "RKEC Projects Limited", "firstTradeDateEpochUtc": "2017-10-09 09:15:00", "timeZoneFullName": "Asia/Kolkata", "timeZoneShortName": "IST", "uuid": "72e3f748-acb9-322c-b50f-13ff2a9325d1", "gmtOffSetMilliseconds": 19800000, "maxAge": 1}, "incomeStatementHistory": {"incomeStatementHistory": [{"maxAge": 1, "endDate": "2020-03-31", "totalRevenue": 3039824709, "costOfRevenue": 2080842034, "grossProfit": 958982675, "researchDevelopment": {}, "sellingGeneralAdministrative": 183491254, "nonRecurring": {}, "otherOperatingExpenses": 125003876, "totalOperatingExpenses": 2454286441, "operatingIncome": 585538268, "totalOtherIncomeExpenseNet": -217073540, "ebit": 585538268, "interestExpense": -113256378, "incomeBeforeTax": 368464728, "incomeTaxExpense": 110351045, "minorityInterest": {}, "netIncomeFromContinuingOps": 258113683, "discontinuedOperations": {}, "extraordinaryItems": {}, "effectOfAccountingCharges": {}, "otherItems": {}, "netIncome": 258113683, "netIncomeApplicableToCommonShares": 258113683}, {"maxAge": 1, "endDate": "2019-03-31", "totalRevenue": 2257655247, "costOfRevenue": 1526158185, "grossProfit": 731497062, "researchDevelopment": {}, "sellingGeneralAdministrative": 203755534, "nonRecurring": {}, "otherOperatingExpenses": 111961907, "totalOperatingExpenses": 1884480380, "operatingIncome": 373174867, "totalOtherIncomeExpenseNet": -50507609, "ebit": 373174867, "interestExpense": -49187713, "incomeBeforeTax": 322667258, "incomeTaxExpense": 98341761, "minorityInterest": {}, "netIncomeFromContinuingOps": 224325497, "discontinuedOperations": {}, "extraordinaryItems": {}, "effectOfAccountingCharges": {}, "otherItems": {}, "netIncome": 224325497, "netIncomeApplicableToCommonShares": 224325497}, {"maxAge": 1, "endDate": "2018-03-31", "totalRevenue": 2397242963, "costOfRevenue": 1729447111, "grossProfit": 667795852, "researchDevelopment": {}, "sellingGeneralAdministrative": 203653403, "nonRecurring": {}, "otherOperatingExpenses": 77202137, "totalOperatingExpenses": 2041198488, "operatingIncome": 356044475, "totalOtherIncomeExpenseNet": -30636497, "ebit": 356044475, "interestExpense": -28434211, "incomeBeforeTax": 325407978, "incomeTaxExpense": 121870666, "minorityInterest": {}, "netIncomeFromContinuingOps": 203537312, "discontinuedOperations": {}, "extraordinaryItems": {}, "effectOfAccountingCharges": {}, "otherItems": {}, "netIncome": 203537312, "netIncomeApplicableToCommonShares": 203537312}, {"maxAge": 1, "endDate": "2017-03-31", "totalRevenue": 1972443347, "costOfRevenue": 1480438219, "grossProfit": 492005128, "researchDevelopment": {}, "sellingGeneralAdministrative": 170262303, "nonRecurring": {}, "otherOperatingExpenses": 35403161, "totalOperatingExpenses": 1714690346, "operatingIncome": 257753001, "totalOtherIncomeExpenseNet": -55271110, "ebit": 257753001, "interestExpense": -58709439, "incomeBeforeTax": 202481891, "incomeTaxExpense": 73225700, "minorityInterest": {}, "netIncomeFromContinuingOps": 129256191, "discontinuedOperations": {}, "extraordinaryItems": {}, "effectOfAccountingCharges": {}, "otherItems": {}, "netIncome": 129256191, "netIncomeApplicableToCommonShares": 129256191}], "maxAge": 86400}, "fundOwnership": {"ownershipList": [], "maxAge": 1}, "summaryDetail": {"maxAge": 1, "priceHint": 2, "previousClose": 62.75, "open": 61.55, "dayLow": 56.95, "dayHigh": 62.3, "regularMarketPreviousClose": 62.75, "regularMarketOpen": 61.55, "regularMarketDayLow": 56.95, "regularMarketDayHigh": 62.3, "exDividendDate": "2019-09-18 05:30:00", "payoutRatio": 0.1859, "beta": 0.961727, "trailingPE": 5.5576205, "volume": 19618, "regularMarketVolume": 19618, "averageVolume": 0, "averageVolume10days": 0, "averageDailyVolume10Day": 0, "bid": 0.0, "ask": 0.0, "marketCap": 1434637824, "fiftyTwoWeekLow": 30.5, "fiftyTwoWeekHigh": 62.3, "priceToSalesTrailing12Months": 0.47194755, "fiftyDayAverage": 40.0, "twoHundredDayAverage": 37.96312, "currency": "INR", "fromCurrency": null, "lastMarket": null, "algorithm": null, "tradeable": false}, "incomeStatementHistoryQuarterly": {"incomeStatementHistory": [{"maxAge": 1, "endDate": "2020-03-31", "totalRevenue": 753096445, "costOfRevenue": 502974235, "grossProfit": 250122210, "researchDevelopment": {}, "sellingGeneralAdministrative": 50422789, "nonRecurring": {}, "otherOperatingExpenses": 30889701, "totalOperatingExpenses": 602941969, "operatingIncome": 150154476, "totalOtherIncomeExpenseNet": -74208607, "ebit": 150154476, "interestExpense": -35641287, "incomeBeforeTax": 75945868, "incomeTaxExpense": 27395982, "minorityInterest": {}, "netIncomeFromContinuingOps": 48549887, "discontinuedOperations": {}, "extraordinaryItems": {}, "effectOfAccountingCharges": {}, "otherItems": {}, "netIncome": 48549887, "netIncomeApplicableToCommonShares": 48549887}, {"maxAge": 1, "endDate": "2019-12-31", "totalRevenue": 753096445, "costOfRevenue": 502974235, "grossProfit": 250122210, "researchDevelopment": {}, "sellingGeneralAdministrative": 50422789, "nonRecurring": {}, "otherOperatingExpenses": 30889701, "totalOperatingExpenses": 602941969, "operatingIncome": 150154476, "totalOtherIncomeExpenseNet": -74208607, "ebit": 150154476, "interestExpense": -35641287, "incomeBeforeTax": 75945868, "incomeTaxExpense": 27395982, "minorityInterest": {}, "netIncomeFromContinuingOps": 48549887, "discontinuedOperations": {}, "extraordinaryItems": {}, "effectOfAccountingCharges": {}, "otherItems": {}, "netIncome": 48549887, "netIncomeApplicableToCommonShares": 48549887}, {"maxAge": 1, "endDate": "2019-09-30", "totalRevenue": 766815910, "costOfRevenue": 537446782, "grossProfit": 229369128, "researchDevelopment": {}, "sellingGeneralAdministrative": 41322838, "nonRecurring": {}, "otherOperatingExpenses": 31612237, "totalOperatingExpenses": 624201252, "operatingIncome": 142614658, "totalOtherIncomeExpenseNet": -34328163, "ebit": 142614658, "interestExpense": -20986902, "incomeBeforeTax": 108286496, "incomeTaxExpense": 27779541, "minorityInterest": {}, "netIncomeFromContinuingOps": 80506955, "discontinuedOperations": {}, "extraordinaryItems": {}, "effectOfAccountingCharges": {}, "otherItems": {}, "netIncome": 80506955, "netIncomeApplicableToCommonShares": 80506955}, {"maxAge": 1, "endDate": "2019-06-30", "totalRevenue": 766815910, "costOfRevenue": 537446782, "grossProfit": 229369128, "researchDevelopment": {}, "sellingGeneralAdministrative": 41322838, "nonRecurring": {}, "otherOperatingExpenses": 31612237, "totalOperatingExpenses": 624201252, "operatingIncome": 142614658, "totalOtherIncomeExpenseNet": -34328163, "ebit": 142614658, "interestExpense": -20986902, "incomeBeforeTax": 108286496, "incomeTaxExpense": 27779541, "minorityInterest": {}, "netIncomeFromContinuingOps": 80506955, "discontinuedOperations": {}, "extraordinaryItems": {}, "effectOfAccountingCharges": {}, "otherItems": {}, "netIncome": 80506955, "netIncomeApplicableToCommonShares": 80506955}], "maxAge": 86400}, "cashflowStatementHistoryQuarterly": {"cashflowStatements": [{"maxAge": 1, "endDate": "2020-03-31", "netIncome": 48549887, "depreciation": 18655243, "changeToNetincome": 28802252, "changeToAccountReceivables": -82270704, "changeToLiabilities": 216828612, "changeToInventory": -77630114, "changeToOperatingActivities": -29520166, "totalCashFromOperatingActivities": 123415009, "capitalExpenditures": -60646525, "otherCashflowsFromInvestingActivities": -10842565, "totalCashflowsFromInvestingActivities": -71047648, "netBorrowings": 1241506, "otherCashflowsFromFinancingActivities": -35641287, "totalCashFromFinancingActivities": -34399781, "changeInCash": 17967580}, {"maxAge": 1, "endDate": "2019-12-31", "netIncome": 48549887, "depreciation": 18655243, "changeToNetincome": 28802252, "changeToAccountReceivables": -82270704, "changeToLiabilities": 216828612, "changeToInventory": -77630114, "changeToOperatingActivities": -29520166, "totalCashFromOperatingActivities": 123415009, "capitalExpenditures": -60646525, "otherCashflowsFromInvestingActivities": -10842565, "totalCashflowsFromInvestingActivities": -71047648, "netBorrowings": 1241506, "otherCashflowsFromFinancingActivities": -35641287, "totalCashFromFinancingActivities": -34399781, "changeInCash": 17967580}, {"maxAge": 1, "endDate": "2019-09-30", "netIncome": 80506955, "depreciation": 13819396, "changeToNetincome": 15266724, "changeToAccountReceivables": 61761398, "changeToLiabilities": -112063749, "changeToInventory": -49510819, "changeToOperatingActivities": 67703900, "totalCashFromOperatingActivities": 77483805, "capitalExpenditures": -91854835, "otherCashflowsFromInvestingActivities": -21655391, "totalCashflowsFromInvestingActivities": -113510226, "dividendsPaid": -28923068, "netBorrowings": 84802857, "otherCashflowsFromFinancingActivities": -20986902, "totalCashFromFinancingActivities": 34892888, "changeInCash": -1133534}, {"maxAge": 1, "endDate": "2019-06-30", "netIncome": 80506955, "depreciation": 13819396, "changeToNetincome": 15266724, "changeToAccountReceivables": 61761398, "changeToLiabilities": -112063749, "changeToInventory": -49510819, "changeToOperatingActivities": 67703900, "totalCashFromOperatingActivities": 77483805, "capitalExpenditures": -91854835, "otherCashflowsFromInvestingActivities": -21655391, "totalCashflowsFromInvestingActivities": -113510226, "dividendsPaid": -28923068, "netBorrowings": 84802857, "otherCashflowsFromFinancingActivities": -20986902, "totalCashFromFinancingActivities": 34892888, "changeInCash": -1133534}], "maxAge": 86400}, "insiderHolders": {"holders": [], "maxAge": 1}, "calendarEvents": {"maxAge": 1, "earnings": {"earningsDate": []}, "exDividendDate": "2019-09-18 05:30:00"}, "upgradeDowngradeHistory": {"history": [], "maxAge": 86400}, "price": {"maxAge": 1, "regularMarketChangePercent": -0.04701196, "regularMarketChange": -2.9500008, "regularMarketTime": "2021-04-30 15:29:40", "priceHint": 2, "regularMarketPrice": 59.8, "regularMarketDayHigh": 62.3, "regularMarketDayLow": 56.95, "regularMarketVolume": 19618, "averageDailyVolume10Day": 0, "averageDailyVolume3Month": 0, "regularMarketPreviousClose": 62.75, "regularMarketSource": "FREE_REALTIME", "regularMarketOpen": 61.55, "exchange": "NSI", "exchangeName": "NSE", "exchangeDataDelayedBy": 15, "marketState": "CLOSED", "quoteType": "EQUITY", "symbol": "RKEC.NS", "underlyingSymbol": null, "shortName": "RKEC Projects Limited", "longName": "RKEC Projects Limited", "currency": "INR", "quoteSourceName": "Delayed Quote", "currencySymbol": "\u20b9", "fromCurrency": null, "lastMarket": null, "marketCap": 1434637824}, "balanceSheetHistory": {"balanceSheetStatements": [{"maxAge": 1, "endDate": "2020-03-31", "cash": 456505630, "netReceivables": 1309002771, "inventory": 912721182, "otherCurrentAssets": 69423371, "totalCurrentAssets": 2747652954, "propertyPlantEquipment": 535040908, "intangibleAssets": 267506, "otherAssets": 12431227, "deferredLongTermAssetCharges": 12431225, "totalAssets": 3295392595, "accountsPayable": 971860817, "otherCurrentLiab": 519738930, "longTermDebt": 39202896, "otherLiab": 7083381, "totalCurrentLiabilities": 2106102299, "totalLiab": 2152388576, "commonStock": 239906000, "treasuryStock": 903098019, "otherStockholderEquity": 903098019, "totalStockholderEquity": 1143004019, "netTangibleAssets": 1142736513}, {"maxAge": 1, "endDate": "2019-03-31", "cash": 333434937, "netReceivables": 948164450, "inventory": 658439317, "otherCurrentAssets": 344020546, "totalCurrentAssets": 2293184300, "propertyPlantEquipment": 295228148, "intangibleAssets": 197968, "otherAssets": 9763315, "deferredLongTermAssetCharges": 9763314, "totalAssets": 2598373731, "accountsPayable": 762331091, "shortLongTermDebt": 14176224, "otherCurrentLiab": 350465364, "longTermDebt": 15075160, "otherLiab": 6182101, "totalCurrentLiabilities": 1634379999, "totalLiab": 1655637260, "commonStock": 239906000, "retainedEarnings": 539100471, "capitalSurplus": 163730000, "totalStockholderEquity": 942736471, "netTangibleAssets": 942538503}, {"maxAge": 1, "endDate": "2018-03-31", "cash": 184886322, "netReceivables": 945687908, "inventory": 155853781, "otherCurrentAssets": 59136325, "totalCurrentAssets": 1352128335, "propertyPlantEquipment": 142135416, "intangibleAssets": 371355, "otherAssets": 8849539, "deferredLongTermAssetCharges": 8849540, "totalAssets": 1503484645, "accountsPayable": 419721373, "shortLongTermDebt": 4249320, "otherCurrentLiab": 137844875, "longTermDebt": 11958334, "otherLiab": 1657576, "totalCurrentLiabilities": 742535824, "totalLiab": 756151734, "commonStock": 239906000, "retainedEarnings": 343696911, "capitalSurplus": 163730000, "totalStockholderEquity": 747332911, "netTangibleAssets": 746961556}, {"maxAge": 1, "endDate": "2017-03-31", "cash": 224935099, "netReceivables": 429781404, "inventory": 319001852, "otherCurrentAssets": 42758801, "totalCurrentAssets": 1016477156, "propertyPlantEquipment": 108040178, "intangibleAssets": 45812, "otherAssets": 7969719, "deferredLongTermAssetCharges": 7969719, "totalAssets": 1132532865, "accountsPayable": 289405169, "shortLongTermDebt": 540588, "otherCurrentLiab": 455826888, "longTermDebt": 4246908, "otherLiab": 3342165, "totalCurrentLiabilities": 762783672, "totalLiab": 770372745, "commonStock": 193126000, "retainedEarnings": 169034120, "totalStockholderEquity": 362160120, "netTangibleAssets": 362114308}], "maxAge": 86400}, "financialData": {"maxAge": 86400, "currentPrice": 59.8, "recommendationKey": "none", "totalCash": 456505632, "totalCashPerShare": 19.037, "ebitda": 650487552, "totalDebt": 653705472, "quickRatio": 0.619, "currentRatio": 1.305, "totalRevenue": 3039824640, "debtToEquity": 57.192, "revenuePerShare": 126.721, "returnOnAssets": 0.124180004, "returnOnEquity": 0.2475, "grossProfits": 958982675, "freeCashflow": 61662312, "operatingCashflow": 401797632, "earningsGrowth": -0.278, "revenueGrowth": 0.176, "grossMargins": 0.31547, "ebitdaMargins": 0.21399, "operatingMargins": 0.19262, "profitMargins": 0.084910005, "financialCurrency": "INR"}}}