{"RLF.BO": {"cashflowStatementHistory": {"cashflowStatements": [{"maxAge": 1, "endDate": "2019-03-31", "netIncome": 6663374, "depreciation": 2975960, "changeToNetincome": 1203167, "changeToAccountReceivables": -7522886, "changeToLiabilities": 570996, "changeToInventory": 872506, "changeToOperatingActivities": -1405610, "totalCashFromOperatingActivities": 3357507, "capitalExpenditures": -8263056, "investments": -3471890, "otherCashflowsFromInvestingActivities": 56983, "totalCashflowsFromInvestingActivities": -11677963, "netBorrowings": 10783846, "otherCashflowsFromFinancingActivities": -1136023, "totalCashFromFinancingActivities": 9647823, "changeInCash": 1327367}, {"maxAge": 1, "endDate": "2018-03-31", "netIncome": -2128473, "depreciation": 6952357, "changeToNetincome": 625845, "changeToAccountReceivables": 357217, "changeToLiabilities": 0, "changeToInventory": 872506, "changeToOperatingActivities": 3677526, "totalCashFromOperatingActivities": 9484472, "capitalExpenditures": -12098398, "investments": 15178499, "otherCashflowsFromInvestingActivities": 39247, "totalCashflowsFromInvestingActivities": 3119348, "netBorrowings": -8116182, "otherCashflowsFromFinancingActivities": -2031476, "totalCashFromFinancingActivities": -10147658, "changeInCash": 2456162}, {"maxAge": 1, "endDate": "2017-03-31", "netIncome": 3206753, "depreciation": 6948161, "changeToNetincome": -2767617, "changeToAccountReceivables": 357217, "changeToLiabilities": 0, "changeToInventory": 872506, "changeToOperatingActivities": 3677526, "totalCashFromOperatingActivities": 11422040, "capitalExpenditures": -12098398, "investments": 9884256, "otherCashflowsFromInvestingActivities": 39247, "totalCashflowsFromInvestingActivities": -2174895, "netBorrowings": -8116182, "otherCashflowsFromFinancingActivities": -28444, "totalCashFromFinancingActivities": -8144626, "changeInCash": 1102519}, {"maxAge": 1, "endDate": "2016-03-31", "netIncome": -6979842, "depreciation": 5237955, "changeToNetincome": 10391373, "changeToAccountReceivables": 16058441, "changeToLiabilities": -304101, "changeToInventory": 1616116, "changeToOperatingActivities": 6097255, "totalCashFromOperatingActivities": 32117197, "capitalExpenditures": -7139603, "investments": 9010512, "otherCashflowsFromInvestingActivities": 143598, "totalCashflowsFromInvestingActivities": 2014507, "netBorrowings": -24532556, "otherCashflowsFromFinancingActivities": -9219111, "totalCashFromFinancingActivities": -33751667, "changeInCash": 380037}], "maxAge": 86400}, "institutionOwnership": {"maxAge": 1, "ownershipList": []}, "balanceSheetHistoryQuarterly": {"balanceSheetStatements": [{"maxAge": 1, "endDate": "2019-03-31", "cash": 1476511, "shortTermInvestments": 614874, "netReceivables": 48014876, "inventory": 7103494, "otherCurrentAssets": 1774142, "totalCurrentAssets": 58983897, "longTermInvestments": 77331424, "propertyPlantEquipment": 258419112, "otherAssets": 484670, "totalAssets": 395219103, "otherCurrentLiab": 12472060, "longTermDebt": 88871749, "totalCurrentLiabilities": 25691042, "totalLiab": 114562791, "commonStock": 98008225, "retainedEarnings": -17325266, "treasuryStock": 199973353, "otherStockholderEquity": 199973353, "totalStockholderEquity": 280656312, "netTangibleAssets": 280656312}, {"maxAge": 1, "endDate": "2018-12-31", "totalStockholderEquity": 276883000, "netTangibleAssets": 276883000}, {"maxAge": 1, "endDate": "2018-09-30", "cash": 1120000, "netReceivables": 39806000, "inventory": 10451000, "totalCurrentAssets": 51377000, "longTermInvestments": 78238000, "propertyPlantEquipment": 251294000, "otherAssets": 2273000, "totalAssets": 383182000, "otherCurrentLiab": 13219000, "longTermDebt": 86836000, "totalCurrentLiabilities": 19463000, "totalLiab": 106299000, "commonStock": 98008000, "treasuryStock": 178875000, "otherStockholderEquity": 178875000, "totalStockholderEquity": 276883000, "netTangibleAssets": 276883000}, {"maxAge": 1, "endDate": "2018-06-30", "totalStockholderEquity": 275631000, "netTangibleAssets": 275631000}], "maxAge": 86400}, "indexTrend": {"maxAge": 1, "symbol": "SP5", "peRatio": 19.7411, "pegRatio": 1.34172, "estimates": [{"period": "0q", "growth": 0.549}, {"period": "+1q", "growth": 0.431}, {"period": "0y", "growth": 0.305}, {"period": "+1y", "growth": 0.109}, {"period": "+5y", "growth": 0.120859005}, {"period": "-5y"}]}, "insiderTransactions": {"transactions": [{"maxAge": 1, "shares": 571440, "filerUrl": "", "transactionText": "", "filerName": "Khanna (Ashish)", "filerRelation": "Director", "moneyText": "", "startDate": "2020-09-24", "ownership": "D"}, {"maxAge": 1, "shares": 571440, "filerUrl": "", "transactionText": "", "filerName": "Khanna (Aditya)", "filerRelation": "Director", "moneyText": "", "startDate": "2020-09-15", "ownership": "D"}, {"maxAge": 1, "shares": 1142880, "filerUrl": "", "transactionText": "", "filerName": "ULL Securities Pvt. Ltd.", "filerRelation": "Institution- Corporation", "moneyText": "", "startDate": "2020-09-15", "ownership": "D"}], "maxAge": 1}, "quoteType": {"exchange": "BSE", "quoteType": "EQUITY", "symbol": "RLF.BO", "underlyingSymbol": "RLF.BO", "shortName": "RLF LTD.", "longName": "RLF Limited", "firstTradeDateEpochUtc": "2002-03-07 09:15:00", "timeZoneFullName": "Asia/Kolkata", "timeZoneShortName": "IST", "uuid": "1476dc65-5aeb-3ad2-b7fc-26cba5ae3517", "messageBoardId": null, "gmtOffSetMilliseconds": 19800000, "maxAge": 1}, "incomeStatementHistory": {"incomeStatementHistory": [{"maxAge": 1, "endDate": "2019-03-31", "totalRevenue": 9561536, "costOfRevenue": 3347341, "grossProfit": 6214195, "researchDevelopment": {}, "sellingGeneralAdministrative": 863942, "nonRecurring": {}, "otherOperatingExpenses": 1320044, "totalOperatingExpenses": 8507287, "operatingIncome": 1054249, "totalOtherIncomeExpenseNet": 5609125, "ebit": 1054249, "interestExpense": -1136023, "incomeBeforeTax": 6663374, "incomeTaxExpense": 0, "minorityInterest": {}, "netIncomeFromContinuingOps": 6663374, "discontinuedOperations": {}, "extraordinaryItems": {}, "effectOfAccountingCharges": {}, "otherItems": {}, "netIncome": 6663374, "netIncomeApplicableToCommonShares": 6663374}, {"maxAge": 1, "endDate": "2018-03-31", "totalRevenue": 11486622, "costOfRevenue": 6565770, "grossProfit": 4920852, "researchDevelopment": {}, "sellingGeneralAdministrative": 2307648, "nonRecurring": {}, "otherOperatingExpenses": 1717402, "totalOperatingExpenses": 17543177, "operatingIncome": -6056555, "totalOtherIncomeExpenseNet": 2005818, "ebit": -6056555, "interestExpense": -2031476, "incomeBeforeTax": -4050737, "incomeTaxExpense": -1922264, "minorityInterest": {}, "netIncomeFromContinuingOps": -2128473, "discontinuedOperations": {}, "extraordinaryItems": {}, "effectOfAccountingCharges": {}, "otherItems": {}, "netIncome": -2128473, "netIncomeApplicableToCommonShares": -2128473}, {"maxAge": 1, "endDate": "2017-03-31", "totalRevenue": 3254174, "costOfRevenue": 64487, "grossProfit": 3189687, "researchDevelopment": {}, "sellingGeneralAdministrative": 904594, "nonRecurring": {}, "otherOperatingExpenses": 757604, "totalOperatingExpenses": 8674846, "operatingIncome": -5420672, "totalOtherIncomeExpenseNet": 5305046, "ebit": -5420672, "interestExpense": -28444, "incomeBeforeTax": -115626, "incomeTaxExpense": -3322379, "minorityInterest": {}, "netIncomeFromContinuingOps": 3206753, "discontinuedOperations": {}, "extraordinaryItems": {}, "effectOfAccountingCharges": {}, "otherItems": {}, "netIncome": 3206753, "netIncomeApplicableToCommonShares": 3206753}, {"maxAge": 1, "endDate": "2016-03-31", "totalRevenue": 15588547, "costOfRevenue": 3013098, "grossProfit": 12575449, "researchDevelopment": {}, "sellingGeneralAdministrative": 3760256, "nonRecurring": {}, "otherOperatingExpenses": 3475605, "totalOperatingExpenses": 15486914, "operatingIncome": 101633, "totalOtherIncomeExpenseNet": -6605449, "ebit": 101633, "interestExpense": -9219111, "incomeBeforeTax": -6503816, "incomeTaxExpense": 476026, "minorityInterest": {}, "netIncomeFromContinuingOps": -6979842, "discontinuedOperations": {}, "extraordinaryItems": {}, "effectOfAccountingCharges": {}, "otherItems": {}, "netIncome": -6979842, "netIncomeApplicableToCommonShares": -6979842}], "maxAge": 86400}, "fundOwnership": {"maxAge": 1, "ownershipList": []}, "summaryDetail": {"maxAge": 1, "priceHint": 4, "previousClose": 4.55, "open": 4.35, "dayLow": 4.35, "dayHigh": 4.35, "regularMarketPreviousClose": 4.55, "regularMarketOpen": 4.35, "regularMarketDayLow": 4.35, "regularMarketDayHigh": 4.35, "trailingPE": 6.521739, "volume": 3, "regularMarketVolume": 3, "averageVolume": 1261, "averageVolume10days": 143, "averageDailyVolume10Day": 143, "bid": 4.77, "ask": 0.0, "bidSize": 0, "askSize": 0, "marketCap": 43451628, "fiftyTwoWeekLow": 1.21, "fiftyTwoWeekHigh": 6.13, "fiftyDayAverage": 4.4925714, "twoHundredDayAverage": 2.9543478, "currency": "INR", "fromCurrency": null, "toCurrency": null, "lastMarket": null, "algorithm": null, "tradeable": false}, "incomeStatementHistoryQuarterly": {"incomeStatementHistory": [{"maxAge": 1, "endDate": "2019-03-31", "totalRevenue": 5655536, "costOfRevenue": 873341, "grossProfit": 4782195, "researchDevelopment": {}, "sellingGeneralAdministrative": 402942, "nonRecurring": {}, "otherOperatingExpenses": -303956, "totalOperatingExpenses": -1265713, "operatingIncome": 6921249, "totalOtherIncomeExpenseNet": 2782125, "ebit": 6921249, "interestExpense": {}, "incomeBeforeTax": 9703374, "incomeTaxExpense": 0, "minorityInterest": {}, "netIncomeFromContinuingOps": 9703374, "discontinuedOperations": {}, "extraordinaryItems": {}, "effectOfAccountingCharges": {}, "otherItems": {}, "netIncome": 9703374, "netIncomeApplicableToCommonShares": 9703374}, {"maxAge": 1, "endDate": "2018-12-31", "totalRevenue": 2888000, "costOfRevenue": 2474000, "grossProfit": 414000, "researchDevelopment": {}, "sellingGeneralAdministrative": 238000, "nonRecurring": {}, "otherOperatingExpenses": 976000, "totalOperatingExpenses": 5426000, "operatingIncome": -2538000, "totalOtherIncomeExpenseNet": 991000, "ebit": -2538000, "interestExpense": -1135000, "incomeBeforeTax": -1547000, "incomeTaxExpense": 0, "minorityInterest": {}, "netIncomeFromContinuingOps": -1547000, "discontinuedOperations": {}, "extraordinaryItems": {}, "effectOfAccountingCharges": {}, "otherItems": {}, "netIncome": -1547000, "netIncomeApplicableToCommonShares": -1547000}, {"maxAge": 1, "endDate": "2018-09-30", "totalRevenue": 17000, "costOfRevenue": 0, "grossProfit": 17000, "researchDevelopment": {}, "sellingGeneralAdministrative": 142000, "nonRecurring": {}, "otherOperatingExpenses": 129000, "totalOperatingExpenses": 2009000, "operatingIncome": -1992000, "totalOtherIncomeExpenseNet": -495000, "ebit": -1992000, "interestExpense": -1233000, "incomeBeforeTax": -2487000, "incomeTaxExpense": 0, "minorityInterest": {}, "netIncomeFromContinuingOps": -2487000, "discontinuedOperations": {}, "extraordinaryItems": {}, "effectOfAccountingCharges": {}, "otherItems": {}, "netIncome": -2487000, "netIncomeApplicableToCommonShares": -2487000}, {"maxAge": 1, "endDate": "2018-06-30", "totalRevenue": 1001000, "costOfRevenue": 0, "grossProfit": 1001000, "researchDevelopment": {}, "sellingGeneralAdministrative": 81000, "nonRecurring": {}, "otherOperatingExpenses": 519000, "totalOperatingExpenses": 2338000, "operatingIncome": -1337000, "totalOtherIncomeExpenseNet": 2331000, "ebit": -1337000, "interestExpense": -1309000, "incomeBeforeTax": 994000, "incomeTaxExpense": 0, "minorityInterest": {}, "netIncomeFromContinuingOps": 994000, "discontinuedOperations": {}, "extraordinaryItems": {}, "effectOfAccountingCharges": {}, "otherItems": {}, "netIncome": 994000, "netIncomeApplicableToCommonShares": 994000}], "maxAge": 86400}, "cashflowStatementHistoryQuarterly": {"cashflowStatements": [{"maxAge": 1, "endDate": "2019-03-31", "netIncome": 9703374, "changeToLiabilities": 0}, {"maxAge": 1, "endDate": "2018-12-31", "netIncome": -1547000, "changeToLiabilities": 0}, {"maxAge": 1, "endDate": "2018-09-30", "netIncome": -2487000, "changeToLiabilities": 0}, {"maxAge": 1, "endDate": "2018-06-30", "netIncome": 994000, "changeToLiabilities": 0}], "maxAge": 86400}, "insiderHolders": {"holders": [{"maxAge": 1, "name": "Khanna (Aditya)", "relation": "Director", "url": "", "transactionDescription": "Acquisition", "latestTransDate": "2020-09-15", "positionDirect": 1070182, "positionDirectDate": "2020-09-15"}, {"maxAge": 1, "name": "Khanna (Ashish)", "relation": "Director", "url": "", "transactionDescription": "Acquisition", "latestTransDate": "2020-09-24", "positionDirect": 1070182, "positionDirectDate": "2020-09-24"}, {"maxAge": 1, "name": "ULL Securities Pvt. Ltd.", "relation": "Institution- Corporation", "url": "", "transactionDescription": "Sale", "latestTransDate": "2020-09-15", "positionDirect": 0, "positionDirectDate": "2020-09-15"}], "maxAge": 1}, "calendarEvents": {"maxAge": 1, "earnings": {"earningsDate": []}}, "price": {"maxAge": 1, "regularMarketChangePercent": -0.043956105, "regularMarketChange": -0.20000029, "regularMarketTime": "2021-04-30 13:18:40", "priceHint": 4, "regularMarketPrice": 4.35, "regularMarketDayHigh": 4.35, "regularMarketDayLow": 4.35, "regularMarketVolume": 3, "averageDailyVolume10Day": 143, "averageDailyVolume3Month": 1261, "regularMarketPreviousClose": 4.55, "regularMarketSource": "FREE_REALTIME", "regularMarketOpen": 4.35, "exchange": "BSE", "exchangeName": "BSE", "exchangeDataDelayedBy": 0, "marketState": "CLOSED", "quoteType": "EQUITY", "symbol": "RLF.BO", "underlyingSymbol": null, "shortName": "RLF LTD.", "longName": "RLF Limited", "currency": "INR", "quoteSourceName": "Delayed Quote", "currencySymbol": "\u20b9", "fromCurrency": null, "toCurrency": null, "lastMarket": null, "marketCap": 43451628}, "balanceSheetHistory": {"balanceSheetStatements": [{"maxAge": 1, "endDate": "2019-03-31", "cash": 1476511, "shortTermInvestments": 614874, "netReceivables": 48014876, "inventory": 7103494, "otherCurrentAssets": 1774142, "totalCurrentAssets": 58983897, "longTermInvestments": 77331424, "propertyPlantEquipment": 258419112, "otherAssets": 484670, "totalAssets": 395219103, "otherCurrentLiab": 12472060, "longTermDebt": 88871749, "totalCurrentLiabilities": 25691042, "totalLiab": 114562791, "commonStock": 98008225, "retainedEarnings": -17325266, "treasuryStock": 199973353, "otherStockholderEquity": 199973353, "totalStockholderEquity": 280656312, "netTangibleAssets": 280656312}, {"maxAge": 1, "endDate": "2018-03-31", "cash": 196472, "shortTermInvestments": 567546, "netReceivables": 39196666, "inventory": 7976000, "otherCurrentAssets": 1774142, "totalCurrentAssets": 49710826, "longTermInvestments": 73859534, "propertyPlantEquipment": 254769979, "otherAssets": 498511, "totalAssets": 378838850, "otherCurrentLiab": 13142517, "longTermDebt": 73693249, "totalCurrentLiabilities": 29514700, "totalLiab": 103207949, "commonStock": 98008225, "retainedEarnings": -22350677, "treasuryStock": 199973353, "otherStockholderEquity": 199973353, "totalStockholderEquity": 275630901, "netTangibleAssets": 275630901}, {"maxAge": 1, "endDate": "2017-03-31", "cash": 1459746, "shortTermInvestments": 631516, "netReceivables": 13180065, "inventory": 7976000, "otherCurrentAssets": -148122, "totalCurrentAssets": 23099205, "longTermInvestments": 91482847, "propertyPlantEquipment": 255357352, "otherAssets": 1273459, "totalAssets": 371212863, "shortLongTermDebt": 125771, "otherCurrentLiab": 10675385, "longTermDebt": 65606810, "totalCurrentLiabilities": 27846679, "totalLiab": 93453489, "commonStock": 98008225, "retainedEarnings": -20222204, "treasuryStock": 199973353, "otherStockholderEquity": 199973353, "totalStockholderEquity": 277759374, "netTangibleAssets": 277759374}, {"maxAge": 1, "endDate": "2016-03-31", "cash": 988743, "shortTermInvestments": 1582669, "netReceivables": 13478665, "inventory": 7976000, "otherCurrentAssets": 714950, "totalCurrentAssets": 24770030, "longTermInvestments": 99784434, "propertyPlantEquipment": 250207115, "otherAssets": 3885641, "totalAssets": 378647220, "shortLongTermDebt": 825616, "otherCurrentLiab": 9262832, "longTermDebt": 41094137, "otherLiab": 3470501, "totalCurrentLiabilities": 59529961, "totalLiab": 104094599, "commonStock": 98008225, "retainedEarnings": -23428957, "treasuryStock": 199973353, "otherStockholderEquity": 199973353, "totalStockholderEquity": 274552621, "netTangibleAssets": 274552621}], "maxAge": 86400}, "financialData": {"maxAge": 86400, "currentPrice": 4.35, "recommendationKey": "none", "grossProfits": 6214195, "financialCurrency": "INR"}}}