{"RLFL.BO": {"cashflowStatementHistory": {"cashflowStatements": [{"maxAge": 1, "endDate": "2020-03-31", "netIncome": 196799, "depreciation": 183682, "changeToNetincome": 18587737, "changeToLiabilities": 0, "changeToOperatingActivities": -22168243, "totalCashFromOperatingActivities": -3200025, "totalCashflowsFromInvestingActivities": 500000, "netBorrowings": 500000, "totalCashFromFinancingActivities": 500000, "changeInCash": -2200025}, {"maxAge": 1, "endDate": "2019-03-31", "netIncome": 627092, "depreciation": 192380, "changeToNetincome": -42249497, "changeToLiabilities": 0, "changeToOperatingActivities": 36688401, "totalCashFromOperatingActivities": -4741624, "capitalExpenditures": -33340, "otherCashflowsFromInvestingActivities": 5275888, "totalCashflowsFromInvestingActivities": 5242548, "netBorrowings": 500000, "totalCashFromFinancingActivities": 500000, "changeInCash": 500924}, {"maxAge": 1, "endDate": "2018-03-31", "netIncome": 237085, "depreciation": 198367, "changeToNetincome": -3424569, "changeToLiabilities": 0, "changeToOperatingActivities": -7913595, "totalCashFromOperatingActivities": -10902712, "capitalExpenditures": -33340, "investments": 1481905, "otherCashflowsFromInvestingActivities": 3424569, "totalCashflowsFromInvestingActivities": 11928634, "netBorrowings": 500000, "totalCashFromFinancingActivities": 500000, "changeInCash": 1025922}, {"maxAge": 1, "endDate": "2017-03-31", "netIncome": 473448, "depreciation": 213024, "changeToNetincome": -2862183, "changeToLiabilities": 0, "changeToOperatingActivities": -2221352, "totalCashFromOperatingActivities": -4397063, "capitalExpenditures": -33340, "investments": 1481905, "otherCashflowsFromInvestingActivities": 3065090, "totalCashflowsFromInvestingActivities": 3065090, "netBorrowings": 500000, "totalCashFromFinancingActivities": 500000, "changeInCash": -1534880}], "maxAge": 86400}, "institutionOwnership": {"ownershipList": [], "maxAge": 1}, "balanceSheetHistoryQuarterly": {"balanceSheetStatements": [{"maxAge": 1, "endDate": "2020-06-30", "totalStockholderEquity": 54314081, "netTangibleAssets": 54314081}, {"maxAge": 1, "endDate": "2020-03-31", "cash": 69346, "netReceivables": 53977750, "otherCurrentAssets": 12460685, "totalCurrentAssets": 66507781, "propertyPlantEquipment": 2877699, "totalAssets": 69385480, "otherCurrentLiab": 1036171, "longTermDebt": 500000, "otherLiab": 9206078, "totalCurrentLiabilities": 5430921, "totalLiab": 15136999, "commonStock": 51162000, "retainedEarnings": 3086481, "totalStockholderEquity": 54248481, "netTangibleAssets": 54248481}, {"maxAge": 1, "endDate": "2019-12-31", "cash": 69346, "netReceivables": 53977750, "otherCurrentAssets": 12460685, "totalCurrentAssets": 66507781, "propertyPlantEquipment": 2877699, "totalAssets": 69385480, "otherCurrentLiab": 1036171, "longTermDebt": 500000, "otherLiab": 9206078, "totalCurrentLiabilities": 5430921, "totalLiab": 15136999, "commonStock": 51162000, "retainedEarnings": 3086481, "totalStockholderEquity": 54248481, "netTangibleAssets": 54248481}, {"maxAge": 1, "endDate": "2019-09-30", "cash": 370111, "netReceivables": 62969116, "otherCurrentAssets": 47289, "totalCurrentAssets": 63386516, "propertyPlantEquipment": 2940811, "totalAssets": 66327327, "otherLiab": 12040775, "totalLiab": 12040775, "commonStock": 51162000, "retainedEarnings": 3124552, "totalStockholderEquity": 54286552, "netTangibleAssets": 54286552}], "maxAge": 86400}, "indexTrend": {"maxAge": 1, "symbol": "SP5", "peRatio": 19.7411, "pegRatio": 1.34172, "estimates": [{"period": "0q", "growth": 0.549}, {"period": "+1q", "growth": 0.431}, {"period": "0y", "growth": 0.305}, {"period": "+1y", "growth": 0.109}, {"period": "+5y", "growth": 0.120859005}, {"period": "-5y"}]}, "quoteType": {"exchange": "BSE", "quoteType": "EQUITY", "symbol": "RLFL.BO", "underlyingSymbol": "RLFL.BO", "shortName": "RAMCHANDRA LEASING & FINANCE L", "longName": "Ramchandra Leasing and Finance Limited", "firstTradeDateEpochUtc": "2014-07-11 09:15:00", "timeZoneFullName": "Asia/Kolkata", "timeZoneShortName": "IST", "uuid": "028426c1-336a-34c8-9451-f488774bb7ad", "gmtOffSetMilliseconds": 19800000, "maxAge": 1}, "incomeStatementHistory": {"incomeStatementHistory": [{"maxAge": 1, "endDate": "2020-03-31", "totalRevenue": 6233260, "costOfRevenue": 3545000, "grossProfit": 2688260, "researchDevelopment": {}, "sellingGeneralAdministrative": 1642600, "nonRecurring": {}, "otherOperatingExpenses": 599579, "totalOperatingExpenses": 5970861, "operatingIncome": 262399, "totalOtherIncomeExpenseNet": 0, "ebit": 0, "interestExpense": {}, "incomeBeforeTax": 262399, "incomeTaxExpense": 65600, "minorityInterest": {}, "netIncomeFromContinuingOps": 196799, "discontinuedOperations": {}, "extraordinaryItems": {}, "effectOfAccountingCharges": {}, "otherItems": {}, "netIncome": 196799, "netIncomeApplicableToCommonShares": 196799}, {"maxAge": 1, "endDate": "2019-03-31", "totalRevenue": 5521576, "costOfRevenue": 500000, "grossProfit": 5021576, "researchDevelopment": {}, "sellingGeneralAdministrative": 1214850, "nonRecurring": {}, "otherOperatingExpenses": 2772611, "totalOperatingExpenses": 4679841, "operatingIncome": 841735, "totalOtherIncomeExpenseNet": 0, "ebit": 0, "interestExpense": {}, "incomeBeforeTax": 841735, "incomeTaxExpense": 214643, "minorityInterest": {}, "netIncomeFromContinuingOps": 627092, "discontinuedOperations": {}, "extraordinaryItems": {}, "effectOfAccountingCharges": {}, "otherItems": {}, "netIncome": 627092, "netIncomeApplicableToCommonShares": 627092}, {"maxAge": 1, "endDate": "2018-03-31", "totalRevenue": 3604833, "costOfRevenue": 0, "grossProfit": 3604833, "researchDevelopment": {}, "sellingGeneralAdministrative": 568000, "nonRecurring": {}, "otherOperatingExpenses": 2484609, "totalOperatingExpenses": 3250976, "operatingIncome": 353857, "totalOtherIncomeExpenseNet": 0, "ebit": 0, "interestExpense": {}, "incomeBeforeTax": 353857, "incomeTaxExpense": 116772, "minorityInterest": {}, "netIncomeFromContinuingOps": 237085, "discontinuedOperations": {}, "extraordinaryItems": {}, "effectOfAccountingCharges": {}, "otherItems": {}, "netIncome": 237085, "netIncomeApplicableToCommonShares": 237085}, {"maxAge": 1, "endDate": "2017-03-31", "totalRevenue": 3249448, "costOfRevenue": 0, "grossProfit": 3249448, "researchDevelopment": {}, "sellingGeneralAdministrative": 562000, "nonRecurring": {}, "otherOperatingExpenses": 1798069, "totalOperatingExpenses": 2573093, "operatingIncome": 676355, "totalOtherIncomeExpenseNet": 0, "ebit": 0, "interestExpense": {}, "incomeBeforeTax": 676355, "incomeTaxExpense": 202907, "minorityInterest": {}, "netIncomeFromContinuingOps": 473448, "discontinuedOperations": {}, "extraordinaryItems": {}, "effectOfAccountingCharges": {}, "otherItems": {}, "netIncome": 473448, "netIncomeApplicableToCommonShares": 473448}], "maxAge": 86400}, "fundOwnership": {"ownershipList": [], "maxAge": 1}, "summaryDetail": {"maxAge": 1, "priceHint": 4, "previousClose": 0.31, "open": 0.3, "dayLow": 0.3, "dayHigh": 0.32, "regularMarketPreviousClose": 0.31, "regularMarketOpen": 0.3, "regularMarketDayLow": 0.3, "regularMarketDayHigh": 0.32, "trailingPE": 75.0, "volume": 26713, "regularMarketVolume": 26713, "averageVolume": 31454, "averageVolume10days": 920, "averageDailyVolume10Day": 920, "bid": 0.0, "ask": 0.32, "bidSize": 0, "askSize": 0, "marketCap": 15348601, "fiftyTwoWeekLow": 0.19, "fiftyTwoWeekHigh": 0.5, "fiftyDayAverage": 0.39303032, "twoHundredDayAverage": 0.26904413, "currency": "INR", "fromCurrency": null, "lastMarket": null, "algorithm": null, "tradeable": false}, "incomeStatementHistoryQuarterly": {"incomeStatementHistory": [{"maxAge": 1, "endDate": "2020-06-30", "totalRevenue": 605577, "costOfRevenue": 408281, "grossProfit": 197296, "researchDevelopment": {}, "sellingGeneralAdministrative": 42000, "nonRecurring": {}, "otherOperatingExpenses": 20120, "totalOperatingExpenses": 510584, "operatingIncome": 94993, "totalOtherIncomeExpenseNet": 0, "ebit": 0, "interestExpense": {}, "incomeBeforeTax": 94993, "incomeTaxExpense": 22497, "minorityInterest": {}, "netIncomeFromContinuingOps": 72496, "discontinuedOperations": {}, "extraordinaryItems": {}, "effectOfAccountingCharges": {}, "otherItems": {}, "netIncome": 72496, "netIncomeApplicableToCommonShares": 72496}, {"maxAge": 1, "endDate": "2020-03-31", "totalRevenue": 1738522, "costOfRevenue": 1772500, "grossProfit": -33978, "researchDevelopment": {}, "sellingGeneralAdministrative": 365449, "nonRecurring": {}, "otherOperatingExpenses": -422274, "totalOperatingExpenses": 1763901, "operatingIncome": -25379, "totalOtherIncomeExpenseNet": 0, "ebit": 0, "interestExpense": {}, "incomeBeforeTax": -25379, "incomeTaxExpense": -6344, "minorityInterest": {}, "netIncomeFromContinuingOps": -19035, "discontinuedOperations": {}, "extraordinaryItems": {}, "effectOfAccountingCharges": {}, "otherItems": {}, "netIncome": -19035, "netIncomeApplicableToCommonShares": -19035}, {"maxAge": 1, "endDate": "2019-12-31", "totalRevenue": 1738522, "costOfRevenue": 1772500, "grossProfit": -33978, "researchDevelopment": {}, "sellingGeneralAdministrative": 365449, "nonRecurring": {}, "otherOperatingExpenses": -422274, "totalOperatingExpenses": 1763901, "operatingIncome": -25379, "totalOtherIncomeExpenseNet": 0, "ebit": 0, "interestExpense": {}, "incomeBeforeTax": -25379, "incomeTaxExpense": -6344, "minorityInterest": {}, "netIncomeFromContinuingOps": -19035, "discontinuedOperations": {}, "extraordinaryItems": {}, "effectOfAccountingCharges": {}, "otherItems": {}, "netIncome": -19035, "netIncomeApplicableToCommonShares": -19035}, {"maxAge": 1, "endDate": "2019-09-30", "totalRevenue": 1442977, "costOfRevenue": 0, "grossProfit": 1442977, "researchDevelopment": {}, "sellingGeneralAdministrative": 463412, "nonRecurring": {}, "otherOperatingExpenses": 763918, "totalOperatingExpenses": 1270945, "operatingIncome": 172032, "totalOtherIncomeExpenseNet": 0, "ebit": 0, "interestExpense": {}, "incomeBeforeTax": 172032, "incomeTaxExpense": 43008, "minorityInterest": {}, "netIncomeFromContinuingOps": 129024, "discontinuedOperations": {}, "extraordinaryItems": {}, "effectOfAccountingCharges": {}, "otherItems": {}, "netIncome": 129024, "netIncomeApplicableToCommonShares": 129024}], "maxAge": 86400}, "cashflowStatementHistoryQuarterly": {"cashflowStatements": [{"maxAge": 1, "endDate": "2020-06-30", "netIncome": 72496, "changeToLiabilities": 0}, {"maxAge": 1, "endDate": "2020-03-31", "netIncome": -19035, "depreciation": 48226, "changeToNetincome": 10671977, "changeToLiabilities": 0, "changeToOperatingActivities": -9973442, "totalCashFromOperatingActivities": 727726, "otherCashflowsFromInvestingActivities": -1378108, "totalCashflowsFromInvestingActivities": -1128108, "netBorrowings": 250000, "totalCashFromFinancingActivities": 250000, "changeInCash": -150382}, {"maxAge": 1, "endDate": "2019-12-31", "netIncome": -19035, "depreciation": 48226, "changeToNetincome": 10671977, "changeToLiabilities": 0, "changeToOperatingActivities": -9973442, "totalCashFromOperatingActivities": 727726, "otherCashflowsFromInvestingActivities": -1378108, "totalCashflowsFromInvestingActivities": -1128108, "netBorrowings": 250000, "totalCashFromFinancingActivities": 250000, "changeInCash": -150382}, {"maxAge": 1, "endDate": "2019-09-30", "netIncome": 129024, "depreciation": 48226, "changeToNetincome": 10671977, "changeToLiabilities": 0, "changeToOperatingActivities": -9973442, "totalCashFromOperatingActivities": 727726, "otherCashflowsFromInvestingActivities": -1378108, "totalCashflowsFromInvestingActivities": -1128108, "netBorrowings": 250000, "totalCashFromFinancingActivities": 250000, "changeInCash": -150382}], "maxAge": 86400}, "insiderHolders": {"holders": [], "maxAge": 1}, "calendarEvents": {"maxAge": 1, "earnings": {"earningsDate": ["2020-08-07 05:30:S"]}}, "upgradeDowngradeHistory": {"history": [], "maxAge": 86400}, "price": {"maxAge": 1, "regularMarketChangePercent": -0.032258034, "regularMarketChange": -0.00999999, "regularMarketTime": "2021-04-30 15:15:43", "priceHint": 4, "regularMarketPrice": 0.3, "regularMarketDayHigh": 0.32, "regularMarketDayLow": 0.3, "regularMarketVolume": 26713, "averageDailyVolume10Day": 920, "averageDailyVolume3Month": 31454, "regularMarketPreviousClose": 0.31, "regularMarketSource": "FREE_REALTIME", "regularMarketOpen": 0.3, "exchange": "BSE", "exchangeName": "BSE", "exchangeDataDelayedBy": 0, "marketState": "CLOSED", "quoteType": "EQUITY", "symbol": "RLFL.BO", "underlyingSymbol": null, "shortName": "RAMCHANDRA LEASING & FINANCE L", "longName": "Ramchandra Leasing and Finance Limited", "currency": "INR", "quoteSourceName": "Delayed Quote", "currencySymbol": "\u20b9", "fromCurrency": null, "lastMarket": null, "marketCap": 15348601}, "balanceSheetHistory": {"balanceSheetStatements": [{"maxAge": 1, "endDate": "2020-03-31", "cash": 69346, "netReceivables": 53977750, "otherCurrentAssets": 12460685, "totalCurrentAssets": 66507781, "propertyPlantEquipment": 2877699, "totalAssets": 69385480, "otherCurrentLiab": 1036171, "longTermDebt": 500000, "otherLiab": 9206078, "totalCurrentLiabilities": 5430921, "totalLiab": 15136999, "commonStock": 51162000, "retainedEarnings": 3086481, "totalStockholderEquity": 54248481, "netTangibleAssets": 54248481}, {"maxAge": 1, "endDate": "2019-03-31", "cash": 2269372, "netReceivables": 55574009, "otherCurrentAssets": 351660, "totalCurrentAssets": 58195041, "propertyPlantEquipment": 3028041, "totalAssets": 61223082, "otherCurrentLiab": 6718321, "otherLiab": 351078, "totalCurrentLiabilities": 6820321, "totalLiab": 7171399, "commonStock": 51162000, "retainedEarnings": 2889683, "totalStockholderEquity": 54051683, "netTangibleAssets": 54051683}, {"maxAge": 1, "endDate": "2018-03-31", "cash": 1768448, "netReceivables": 18600400, "otherCurrentAssets": 30502824, "totalCurrentAssets": 50871672, "propertyPlantEquipment": 3220421, "totalAssets": 54092093, "otherCurrentLiab": 249209, "otherLiab": 351078, "totalCurrentLiabilities": 316424, "totalLiab": 667502, "commonStock": 51162000, "retainedEarnings": 2262591, "totalStockholderEquity": 53424591, "netTangibleAssets": 53424591}, {"maxAge": 1, "endDate": "2017-03-31", "cash": 742526, "netReceivables": 25622560, "otherCurrentAssets": 22977990, "totalCurrentAssets": 49343076, "longTermInvestments": 1481905, "propertyPlantEquipment": 3418788, "totalAssets": 54243769, "otherCurrentLiab": 420253, "otherLiab": 351078, "totalCurrentLiabilities": 705185, "totalLiab": 1056263, "commonStock": 51162000, "retainedEarnings": 2025506, "totalStockholderEquity": 53187506, "netTangibleAssets": 53187506}], "maxAge": 86400}, "financialData": {"maxAge": 86400, "currentPrice": 0.3, "recommendationKey": "none", "grossProfits": 2688260, "financialCurrency": "INR"}}}