{"RMCL.BO": {"recommendationTrend": {"trend": [{"period": "0m", "strongBuy": 0, "buy": 0, "hold": 0, "sell": 0, "strongSell": 0}, {"period": "-1m", "strongBuy": 0, "buy": 0, "hold": 0, "sell": 0, "strongSell": 0}, {"period": "-2m", "strongBuy": 0, "buy": 0, "hold": 0, "sell": 0, "strongSell": 0}, {"period": "-3m", "strongBuy": 0, "buy": 0, "hold": 0, "sell": 0, "strongSell": 0}], "maxAge": 86400}, "cashflowStatementHistory": {"cashflowStatements": [{"maxAge": 1, "endDate": "2020-03-31", "netIncome": -617250000, "depreciation": 14520000, "changeToNetincome": -283260000, "changeToAccountReceivables": 1242150000, "changeToLiabilities": -1266280000, "changeToInventory": 711050000, "changeToOperatingActivities": 52350000, "totalCashFromOperatingActivities": -146720000, "capitalExpenditures": -3620000, "otherCashflowsFromInvestingActivities": -170000, "totalCashflowsFromInvestingActivities": -2290000, "netBorrowings": -90000, "totalCashFromFinancingActivities": 96770000, "changeInCash": -52240000, "issuanceOfStock": 96860000}, {"maxAge": 1, "endDate": "2019-03-31", "netIncome": 943300000, "depreciation": 14270000, "changeToNetincome": -31710000, "changeToAccountReceivables": -258760000, "changeToLiabilities": 263730000, "changeToInventory": -99870000, "changeToOperatingActivities": -113820000, "totalCashFromOperatingActivities": 717180000, "capitalExpenditures": -25700000, "otherCashflowsFromInvestingActivities": 28650000, "totalCashflowsFromInvestingActivities": 2950000, "netBorrowings": -895280000, "otherCashflowsFromFinancingActivities": 149890000, "totalCashFromFinancingActivities": -745390000, "changeInCash": -25260000, "issuanceOfStock": 96860000}, {"maxAge": 1, "endDate": "2018-03-31", "netIncome": 103050000, "depreciation": 13860000, "changeToNetincome": 3490000, "changeToAccountReceivables": -493960000, "changeToLiabilities": 876930000, "changeToInventory": -423520000, "changeToOperatingActivities": 4390000, "totalCashFromOperatingActivities": 84280000, "capitalExpenditures": -5890000, "otherCashflowsFromInvestingActivities": 840000, "totalCashflowsFromInvestingActivities": -5050000, "netBorrowings": -286130000, "otherCashflowsFromFinancingActivities": 149890000, "totalCashFromFinancingActivities": -136130000, "changeInCash": -56900000, "issuanceOfStock": 150000000}, {"maxAge": 1, "endDate": "2017-03-31", "netIncome": -33880000, "depreciation": 15430000, "changeToNetincome": -4690000, "changeToAccountReceivables": -38440000, "changeToLiabilities": 35300000, "changeToInventory": -95280000, "changeToOperatingActivities": 149950000, "totalCashFromOperatingActivities": 28400000, "capitalExpenditures": -2600000, "otherCashflowsFromInvestingActivities": 3270000, "totalCashflowsFromInvestingActivities": 450000, "netBorrowings": -10700000, "otherCashflowsFromFinancingActivities": 50000000, "totalCashFromFinancingActivities": 39300000, "changeInCash": 68150000, "issuanceOfStock": 150000000}], "maxAge": 86400}, "institutionOwnership": {"ownershipList": [], "maxAge": 1}, "balanceSheetHistoryQuarterly": {"balanceSheetStatements": [{"maxAge": 1, "endDate": "2020-06-30", "totalStockholderEquity": -272480000, "netTangibleAssets": -273180000}, {"maxAge": 1, "endDate": "2020-03-31", "cash": 11930000, "shortTermInvestments": 6140000, "netReceivables": 84900000, "inventory": 97000000, "otherCurrentAssets": 164300000, "totalCurrentAssets": 364270000, "longTermInvestments": 9960000, "propertyPlantEquipment": 290370000, "intangibleAssets": 700000, "otherAssets": 5080000, "totalAssets": 670380000, "accountsPayable": 286850000, "otherCurrentLiab": 426700000, "otherLiab": 223740000, "totalCurrentLiabilities": 719120000, "totalLiab": 942860000, "commonStock": 912950000, "treasuryStock": -1185430000, "otherStockholderEquity": -1185430000, "totalStockholderEquity": -272480000, "netTangibleAssets": -273180000}, {"maxAge": 1, "endDate": "2019-12-31", "totalStockholderEquity": 151900000, "netTangibleAssets": 151120000}, {"maxAge": 1, "endDate": "2019-09-30", "cash": 17940000, "shortTermInvestments": 5840000, "netReceivables": 447080000, "inventory": 682510000, "otherCurrentAssets": 280520000, "totalCurrentAssets": 1433890000, "longTermInvestments": 9900000, "propertyPlantEquipment": 296900000, "intangibleAssets": 780000, "otherAssets": 12250000, "totalAssets": 1753720000, "accountsPayable": 904570000, "otherCurrentLiab": 423560000, "otherLiab": 268310000, "totalCurrentLiabilities": 1333510000, "totalLiab": 1601820000, "commonStock": 863420000, "treasuryStock": -711520000, "otherStockholderEquity": -711520000, "totalStockholderEquity": 151900000, "netTangibleAssets": 151120000}], "maxAge": 86400}, "earningsHistory": {"history": [{"maxAge": 1, "epsActual": {}, "epsEstimate": {}, "epsDifference": {}, "surprisePercent": {}, "quarter": {}, "period": "-4q"}, {"maxAge": 1, "epsActual": {}, "epsEstimate": {}, "epsDifference": {}, "surprisePercent": {}, "quarter": {}, "period": "-3q"}, {"maxAge": 1, "epsActual": {}, "epsEstimate": {}, "epsDifference": {}, "surprisePercent": {}, "quarter": {}, "period": "-2q"}, {"maxAge": 1, "epsActual": {}, "epsEstimate": {}, "epsDifference": {}, "surprisePercent": {}, "quarter": {}, "period": "-1q"}], "maxAge": 86400}, "indexTrend": {"maxAge": 1, "symbol": "SP5", "peRatio": 19.7411, "pegRatio": 1.34172, "estimates": [{"period": "0q", "growth": 0.549}, {"period": "+1q", "growth": 0.431}, {"period": "0y", "growth": 0.305}, {"period": "+1y", "growth": 0.109}, {"period": "+5y", "growth": 0.120865}, {"period": "-5y"}]}, "industryTrend": {"maxAge": 1, "symbol": null, "estimates": []}, "insiderTransactions": {"transactions": [{"maxAge": 1, "shares": 374859, "filerUrl": "", "transactionText": "", "filerName": "Agarwal (Sulochanadevi Anil)", "filerRelation": "Promoter", "moneyText": "", "startDate": "2019-12-28", "ownership": "D"}, {"maxAge": 1, "shares": 5000000, "filerUrl": "", "transactionText": "", "filerName": "Agarwal (Sulochanadevi Anil)", "filerRelation": "UNREPORTED", "moneyText": "", "startDate": "2018-06-29", "ownership": "D"}, {"maxAge": 1, "shares": 1000000, "filerUrl": "", "transactionText": "", "filerName": "Agarwal (Anil J)", "filerRelation": "Non Executive Chairman", "moneyText": "", "startDate": "2015-11-20", "ownership": "D"}, {"maxAge": 1, "shares": 2500000, "filerUrl": "", "transactionText": "", "filerName": "Malani Infracon Pvt Ltd", "filerRelation": "Institution- Corporation", "moneyText": "", "startDate": "2014-05-26", "ownership": "D"}, {"maxAge": 1, "shares": 8000000, "filerUrl": "", "transactionText": "", "filerName": "Khaitan (Savita)", "filerRelation": "UNREPORTED", "moneyText": "", "startDate": "2014-05-26", "ownership": "D"}, {"maxAge": 1, "shares": 2500000, "filerUrl": "", "transactionText": "", "filerName": "Isika Infracon Pvt Ltd", "filerRelation": "Institution- Corporation", "moneyText": "", "startDate": "2014-05-26", "ownership": "D"}, {"maxAge": 1, "shares": 2500000, "filerUrl": "", "transactionText": "", "filerName": "Diya Infracon Pvt Ltd", "filerRelation": "Institution- Corporation", "moneyText": "", "startDate": "2014-05-26", "ownership": "D"}, {"maxAge": 1, "shares": 2500000, "filerUrl": "", "transactionText": "", "filerName": "Agarwal (Anil J)", "filerRelation": "Non Executive Chairman", "moneyText": "", "startDate": "2014-05-26", "ownership": "D"}, {"maxAge": 1, "shares": 97107, "filerUrl": "", "transactionText": "", "filerName": "Agarwal (Anil J)", "filerRelation": "Non Executive Chairman", "moneyText": "", "startDate": "2010-05-21", "ownership": "D"}, {"maxAge": 1, "shares": 31084, "filerUrl": "", "transactionText": "", "filerName": "Agarwal (Abhishek Anil)", "filerRelation": "Joint Managing director", "moneyText": "", "startDate": "2010-05-18", "ownership": "D"}, {"maxAge": 1, "shares": 44318, "filerUrl": "", "transactionText": "", "filerName": "Agarwal (Abhishek Anil)", "filerRelation": "Joint Managing director", "moneyText": "", "startDate": "2010-05-03", "ownership": "D"}, {"maxAge": 1, "shares": 29390, "filerUrl": "", "transactionText": "", "filerName": "Agarwal (Abhishek Anil)", "filerRelation": "Joint Managing director", "moneyText": "", "startDate": "2010-04-29", "ownership": "D"}, {"maxAge": 1, "shares": 239900, "filerUrl": "", "transactionText": "", "filerName": "Deutsche Securities Mauritius Ltd", "filerRelation": "UNREPORTED", "moneyText": "", "startDate": "2009-07-22", "ownership": "D"}], "maxAge": 1}, "quoteType": {"exchange": "BSE", "quoteType": "EQUITY", "symbol": "RMCL.BO", "underlyingSymbol": "RMCL.BO", "shortName": "RADHA MADHAV CORPORATION LTD.", "longName": "Radha Madhav Corporation Limited", "firstTradeDateEpochUtc": "2006-01-06 09:15:00", "timeZoneFullName": "Asia/Kolkata", "timeZoneShortName": "IST", "uuid": "aa8f7acb-6416-3044-9ebc-e8daa89887de", "gmtOffSetMilliseconds": 19800000, "maxAge": 1}, "incomeStatementHistory": {"incomeStatementHistory": [{"maxAge": 1, "endDate": "2020-03-31", "totalRevenue": 349020000, "costOfRevenue": 885580000, "grossProfit": -536560000, "researchDevelopment": {}, "sellingGeneralAdministrative": 75730000, "nonRecurring": {}, "otherOperatingExpenses": 200000, "totalOperatingExpenses": 976030000, "operatingIncome": -627010000, "totalOtherIncomeExpenseNet": 9760000, "ebit": -627010000, "interestExpense": {}, "incomeBeforeTax": -617250000, "incomeTaxExpense": 0, "minorityInterest": {}, "netIncomeFromContinuingOps": -617250000, "discontinuedOperations": {}, "extraordinaryItems": {}, "effectOfAccountingCharges": {}, "otherItems": {}, "netIncome": -617250000, "netIncomeApplicableToCommonShares": -617250000}, {"maxAge": 1, "endDate": "2019-03-31", "totalRevenue": 5336110000, "costOfRevenue": 1938350000, "grossProfit": 3397760000, "researchDevelopment": {}, "sellingGeneralAdministrative": 51820000, "nonRecurring": {}, "otherOperatingExpenses": 3137800000, "totalOperatingExpenses": 5142280000, "operatingIncome": 193830000, "totalOtherIncomeExpenseNet": 749470000, "ebit": 193830000, "interestExpense": {}, "incomeBeforeTax": 943300000, "incomeTaxExpense": 0, "minorityInterest": {}, "netIncomeFromContinuingOps": 943300000, "discontinuedOperations": {}, "extraordinaryItems": {}, "effectOfAccountingCharges": {}, "otherItems": {}, "netIncome": 943300000, "netIncomeApplicableToCommonShares": 943300000}, {"maxAge": 1, "endDate": "2018-03-31", "totalRevenue": 2173250000, "costOfRevenue": 1343880000, "grossProfit": 829370000, "researchDevelopment": {}, "sellingGeneralAdministrative": 34970000, "nonRecurring": {}, "otherOperatingExpenses": 676670000, "totalOperatingExpenses": 2069420000, "operatingIncome": 103830000, "totalOtherIncomeExpenseNet": -780000, "ebit": 103830000, "interestExpense": {}, "incomeBeforeTax": 103050000, "incomeTaxExpense": 0, "minorityInterest": {}, "netIncomeFromContinuingOps": 103050000, "discontinuedOperations": {}, "extraordinaryItems": {}, "effectOfAccountingCharges": {}, "otherItems": {}, "netIncome": 103050000, "netIncomeApplicableToCommonShares": 103050000}, {"maxAge": 1, "endDate": "2017-03-31", "totalRevenue": 1359320000, "costOfRevenue": 769900000, "grossProfit": 589420000, "researchDevelopment": {}, "sellingGeneralAdministrative": 30240000, "nonRecurring": {}, "otherOperatingExpenses": 581950000, "totalOperatingExpenses": 1397530000, "operatingIncome": -38210000, "totalOtherIncomeExpenseNet": 4330000, "ebit": -38210000, "interestExpense": {}, "incomeBeforeTax": -33880000, "incomeTaxExpense": 0, "minorityInterest": {}, "netIncomeFromContinuingOps": -33880000, "discontinuedOperations": {}, "extraordinaryItems": {}, "effectOfAccountingCharges": {}, "otherItems": {}, "netIncome": -33880000, "netIncomeApplicableToCommonShares": -33880000}], "maxAge": 86400}, "fundOwnership": {"ownershipList": [], "maxAge": 1}, "summaryDetail": {"maxAge": 1, "priceHint": 4, "previousClose": 2.38, "open": 2.27, "dayLow": 2.27, "dayHigh": 2.39, "regularMarketPreviousClose": 2.38, "regularMarketOpen": 2.27, "regularMarketDayLow": 2.27, "regularMarketDayHigh": 2.39, "volume": 3347, "regularMarketVolume": 3347, "averageVolume": 21579, "averageVolume10days": 7644, "averageDailyVolume10Day": 7644, "bid": 2.27, "ask": 2.32, "bidSize": 0, "askSize": 0, "marketCap": 195997024, "fiftyTwoWeekLow": 2.27, "fiftyTwoWeekHigh": 7.11, "fiftyDayAverage": 3.360606, "twoHundredDayAverage": 3.2505147, "currency": "INR", "fromCurrency": null, "lastMarket": null, "algorithm": null, "tradeable": false}, "sectorTrend": {"maxAge": 1, "symbol": null, "estimates": []}, "incomeStatementHistoryQuarterly": {"incomeStatementHistory": [{"maxAge": 1, "endDate": "2020-06-30", "totalRevenue": 0, "costOfRevenue": 0, "grossProfit": 0, "researchDevelopment": {}, "sellingGeneralAdministrative": 2450000, "nonRecurring": {}, "otherOperatingExpenses": 1670000, "totalOperatingExpenses": 7060000, "operatingIncome": -7060000, "totalOtherIncomeExpenseNet": 3340000, "ebit": -7060000, "interestExpense": {}, "incomeBeforeTax": -3720000, "incomeTaxExpense": 0, "minorityInterest": {}, "netIncomeFromContinuingOps": -3720000, "discontinuedOperations": {}, "extraordinaryItems": {}, "effectOfAccountingCharges": {}, "otherItems": {}, "netIncome": -3720000, "netIncomeApplicableToCommonShares": -3720000}, {"maxAge": 1, "endDate": "2020-03-31", "totalRevenue": 86430000, "costOfRevenue": 437720000, "grossProfit": -351290000, "researchDevelopment": {}, "sellingGeneralAdministrative": 3260000, "nonRecurring": {}, "otherOperatingExpenses": -28480000, "totalOperatingExpenses": 415620000, "operatingIncome": -329190000, "totalOtherIncomeExpenseNet": 8780000, "ebit": -329190000, "interestExpense": {}, "incomeBeforeTax": -320410000, "incomeTaxExpense": 0, "minorityInterest": {}, "netIncomeFromContinuingOps": -320410000, "discontinuedOperations": {}, "extraordinaryItems": {}, "effectOfAccountingCharges": {}, "otherItems": {}, "netIncome": -320410000, "netIncomeApplicableToCommonShares": -320410000}, {"maxAge": 1, "endDate": "2019-12-31", "totalRevenue": 57700000, "costOfRevenue": 149010000, "grossProfit": -91310000, "researchDevelopment": {}, "sellingGeneralAdministrative": 6130000, "nonRecurring": {}, "otherOperatingExpenses": 6250000, "totalOperatingExpenses": 164890000, "operatingIncome": -107190000, "totalOtherIncomeExpenseNet": 350000, "ebit": -107190000, "interestExpense": {}, "incomeBeforeTax": -106840000, "incomeTaxExpense": 0, "minorityInterest": {}, "netIncomeFromContinuingOps": -106840000, "discontinuedOperations": {}, "extraordinaryItems": {}, "effectOfAccountingCharges": {}, "otherItems": {}, "netIncome": -106840000, "netIncomeApplicableToCommonShares": -106840000}, {"maxAge": 1, "endDate": "2019-09-30", "totalRevenue": 80370000, "costOfRevenue": 155250000, "grossProfit": -74880000, "researchDevelopment": {}, "sellingGeneralAdministrative": 19030000, "nonRecurring": {}, "otherOperatingExpenses": 9240000, "totalOperatingExpenses": 187000000, "operatingIncome": -106630000, "totalOtherIncomeExpenseNet": 330000, "ebit": -106630000, "interestExpense": {}, "incomeBeforeTax": -106300000, "incomeTaxExpense": 0, "minorityInterest": {}, "netIncomeFromContinuingOps": -106300000, "discontinuedOperations": {}, "extraordinaryItems": {}, "effectOfAccountingCharges": {}, "otherItems": {}, "netIncome": -106300000, "netIncomeApplicableToCommonShares": -106300000}], "maxAge": 86400}, "cashflowStatementHistoryQuarterly": {"cashflowStatements": [{"maxAge": 1, "endDate": "2020-06-30", "netIncome": -3720000, "changeToLiabilities": 0}, {"maxAge": 1, "endDate": "2020-03-31", "netIncome": -320410000, "changeToLiabilities": 0}, {"maxAge": 1, "endDate": "2019-12-31", "netIncome": -106840000, "changeToLiabilities": 0}, {"maxAge": 1, "endDate": "2019-09-30", "netIncome": -106300000, "changeToLiabilities": 0}], "maxAge": 86400}, "insiderHolders": {"holders": [{"maxAge": 1, "name": "Agarwal (Abhishek Anil)", "relation": "Joint Managing director", "url": "", "transactionDescription": "Acquisition", "latestTransDate": "2010-05-18", "positionDirect": 2438378, "positionDirectDate": "2010-05-18"}, {"maxAge": 1, "name": "Agarwal (Anil J)", "relation": "Non Executive Chairman", "url": "", "transactionDescription": "Acquisition", "latestTransDate": "2015-11-20", "positionDirect": 5607471, "positionDirectDate": "2015-11-20"}, {"maxAge": 1, "name": "Agarwal (Sulochanadevi Anil)", "relation": "Promoter", "url": "", "transactionDescription": "Other", "latestTransDate": "2019-12-28", "positionDirect": 4625141, "positionDirectDate": "2019-12-28"}, {"maxAge": 1, "name": "Deutsche Securities Mauritius Ltd", "relation": "UNREPORTED", "url": "", "transactionDescription": "Acquisition", "latestTransDate": "2009-07-22", "positionDirect": 3490400, "positionDirectDate": "2009-07-22"}, {"maxAge": 1, "name": "Diya Infracon Pvt Ltd", "relation": "Institution- Corporation", "url": "", "transactionDescription": "Other", "latestTransDate": "2014-05-26", "positionDirect": 2500000, "positionDirectDate": "2014-05-26"}, {"maxAge": 1, "name": "Isika Infracon Pvt Ltd", "relation": "Institution- Corporation", "url": "", "transactionDescription": "Other", "latestTransDate": "2014-05-26", "positionDirect": 2500000, "positionDirectDate": "2014-05-26"}, {"maxAge": 1, "name": "Khaitan (Savita)", "relation": "UNREPORTED", "url": "", "transactionDescription": "Other", "latestTransDate": "2014-05-26", "positionDirect": 8000000, "positionDirectDate": "2014-05-26"}, {"maxAge": 1, "name": "Malani Infracon Pvt Ltd", "relation": "Institution- Corporation", "url": "", "transactionDescription": "Other", "latestTransDate": "2014-05-26", "positionDirect": 2500000, "positionDirectDate": "2014-05-26"}], "maxAge": 1}, "earnings": {"maxAge": 86400, "earningsChart": {"quarterly": [], "earningsDate": ["2020-09-15 05:30:S"]}, "financialsChart": {"yearly": [{"date": 2017, "revenue": 1359320000, "earnings": -33880000}, {"date": 2018, "revenue": 2173250000, "earnings": 103050000}, {"date": 2019, "revenue": 5336110000, "earnings": 943300000}, {"date": 2020, "revenue": 349020000, "earnings": -617250000}], "quarterly": [{"date": "3Q2019", "revenue": 80370000, "earnings": -106300000}, {"date": "4Q2019", "revenue": 57700000, "earnings": -106840000}, {"date": "1Q2020", "revenue": 86430000, "earnings": -320410000}, {"date": "2Q2020", "revenue": 0, "earnings": -3720000}]}, "financialCurrency": "INR"}, "calendarEvents": {"maxAge": 1, "earnings": {"earningsDate": ["2020-09-15 05:30:S"]}}, "upgradeDowngradeHistory": {"history": [], "maxAge": 86400}, "price": {"maxAge": 1, "regularMarketChangePercent": -0.046218537, "regularMarketChange": -0.11000013, "regularMarketTime": "2021-04-30 15:09:48", "priceHint": 4, "regularMarketPrice": 2.27, "regularMarketDayHigh": 2.39, "regularMarketDayLow": 2.27, "regularMarketVolume": 3347, "averageDailyVolume10Day": 7644, "averageDailyVolume3Month": 21579, "regularMarketPreviousClose": 2.38, "regularMarketSource": "FREE_REALTIME", "regularMarketOpen": 2.27, "exchange": "BSE", "exchangeName": "BSE", "exchangeDataDelayedBy": 0, "marketState": "CLOSED", "quoteType": "EQUITY", "symbol": "RMCL.BO", "underlyingSymbol": null, "shortName": "RADHA MADHAV CORPORATION LTD.", "longName": "Radha Madhav Corporation Limited", "currency": "INR", "quoteSourceName": "Delayed Quote", "currencySymbol": "\u20b9", "fromCurrency": null, "lastMarket": null, "marketCap": 195997024}, "balanceSheetHistory": {"balanceSheetStatements": [{"maxAge": 1, "endDate": "2020-03-31", "cash": 11930000, "shortTermInvestments": 6140000, "netReceivables": 84900000, "inventory": 97000000, "otherCurrentAssets": 164300000, "totalCurrentAssets": 364270000, "longTermInvestments": 9960000, "propertyPlantEquipment": 290370000, "intangibleAssets": 700000, "otherAssets": 5080000, "totalAssets": 670380000, "accountsPayable": 286850000, "otherCurrentLiab": 426700000, "otherLiab": 223740000, "totalCurrentLiabilities": 719120000, "totalLiab": 942860000, "commonStock": 912950000, "treasuryStock": -1185430000, "otherStockholderEquity": -1185430000, "totalStockholderEquity": -272480000, "netTangibleAssets": -273180000}, {"maxAge": 1, "endDate": "2019-03-31", "cash": 31660000, "netReceivables": 1085040000, "inventory": 808050000, "otherCurrentAssets": 257920000, "totalCurrentAssets": 2182990000, "propertyPlantEquipment": 302890000, "intangibleAssets": 850000, "otherAssets": 34430000, "totalAssets": 2521160000, "accountsPayable": 1553130000, "shortLongTermDebt": 78790000, "otherCurrentLiab": 293700000, "otherLiab": 309890000, "totalCurrentLiabilities": 1965920000, "totalLiab": 2275810000, "commonStock": 863420000, "retainedEarnings": -1871780000, "treasuryStock": 181080000, "capitalSurplus": 1072630000, "otherStockholderEquity": 181080000, "totalStockholderEquity": 245350000, "netTangibleAssets": 244500000}, {"maxAge": 1, "endDate": "2018-03-31", "cash": 56920000, "netReceivables": 822220000, "inventory": 708180000, "otherCurrentAssets": 170320000, "totalCurrentAssets": 1757660000, "propertyPlantEquipment": 291350000, "intangibleAssets": 1000000, "otherAssets": 15130000, "totalAssets": 2065140000, "accountsPayable": 1289400000, "shortLongTermDebt": 816270000, "otherCurrentLiab": 335960000, "otherLiab": 387650000, "totalCurrentLiabilities": 2529430000, "totalLiab": 2917080000, "commonStock": 863420000, "retainedEarnings": -2819180000, "treasuryStock": 31190000, "capitalSurplus": 1072630000, "otherStockholderEquity": 31190000, "totalStockholderEquity": -851940000, "netTangibleAssets": -852940000}, {"maxAge": 1, "endDate": "2017-03-31", "cash": 113820000, "netReceivables": 351730000, "inventory": 284660000, "otherCurrentAssets": 138950000, "totalCurrentAssets": 889190000, "propertyPlantEquipment": 299210000, "intangibleAssets": 1150000, "otherAssets": 28220000, "totalAssets": 1217770000, "accountsPayable": 410840000, "shortLongTermDebt": 1102400000, "otherCurrentLiab": 292690000, "otherLiab": 38800000, "totalCurrentLiabilities": 2284360000, "totalLiab": 2323160000, "commonStock": 663420000, "retainedEarnings": -2922630000, "treasuryStock": 81190000, "capitalSurplus": 1072630000, "otherStockholderEquity": 81190000, "totalStockholderEquity": -1105390000, "netTangibleAssets": -1106540000}], "maxAge": 86400}, "earningsTrend": {"trend": [{"maxAge": 1, "period": "0q", "endDate": null, "growth": {}, "earningsEstimate": {"avg": 0.0, "low": 0.0, "high": 0.0, "yearAgoEps": {}, "numberOfAnalysts": 0, "growth": {}}, "revenueEstimate": {"avg": 0, "low": 0, "high": 0, "numberOfAnalysts": 0, "yearAgoRevenue": {}, "growth": {}}, "epsTrend": {"current": 0.0, "7daysAgo": 0.0, "30daysAgo": 0.0, "60daysAgo": 0.0, "90daysAgo": 0.0}, "epsRevisions": {"upLast7days": 0, "upLast30days": 0, "downLast30days": 0, "downLast90days": {}}}, {"maxAge": 1, "period": "+1q", "endDate": null, "growth": {}, "earningsEstimate": {"avg": 0.0, "low": 0.0, "high": 0.0, "yearAgoEps": {}, "numberOfAnalysts": 0, "growth": {}}, "revenueEstimate": {"avg": 0, "low": 0, "high": 0, "numberOfAnalysts": 0, "yearAgoRevenue": {}, "growth": {}}, "epsTrend": {"current": 0.0, "7daysAgo": 0.0, "30daysAgo": 0.0, "60daysAgo": 0.0, "90daysAgo": 0.0}, "epsRevisions": {"upLast7days": 0, "upLast30days": 0, "downLast30days": 0, "downLast90days": {}}}, {"maxAge": 1, "period": "0y", "endDate": null, "growth": {}, "earningsEstimate": {"avg": 0.0, "low": 0.0, "high": 0.0, "yearAgoEps": {}, "numberOfAnalysts": 0, "growth": {}}, "revenueEstimate": {"avg": 0, "low": 0, "high": 0, "numberOfAnalysts": 0, "yearAgoRevenue": {}, "growth": {}}, "epsTrend": {"current": 0.0, "7daysAgo": 0.0, "30daysAgo": 0.0, "60daysAgo": 0.0, "90daysAgo": 0.0}, "epsRevisions": {"upLast7days": 0, "upLast30days": 0, "downLast30days": 0, "downLast90days": {}}}, {"maxAge": 1, "period": "+1y", "endDate": null, "growth": {}, "earningsEstimate": {"avg": 0.0, "low": 0.0, "high": 0.0, "yearAgoEps": {}, "numberOfAnalysts": 0, "growth": {}}, "revenueEstimate": {"avg": 0, "low": 0, "high": 0, "numberOfAnalysts": 0, "yearAgoRevenue": {}, "growth": {}}, "epsTrend": {"current": 0.0, "7daysAgo": 0.0, "30daysAgo": 0.0, "60daysAgo": 0.0, "90daysAgo": 0.0}, "epsRevisions": {"upLast7days": 0, "upLast30days": 0, "downLast30days": 0, "downLast90days": {}}}, {"maxAge": 1, "period": "+5y", "endDate": null, "growth": {}, "earningsEstimate": {"avg": {}, "low": {}, "high": {}, "yearAgoEps": {}, "numberOfAnalysts": {}, "growth": {}}, "revenueEstimate": {"avg": {}, "low": {}, "high": {}, "numberOfAnalysts": {}, "yearAgoRevenue": {}, "growth": {}}, "epsTrend": {"current": {}, "7daysAgo": {}, "30daysAgo": {}, "60daysAgo": {}, "90daysAgo": {}}, "epsRevisions": {"upLast7days": {}, "upLast30days": {}, "downLast30days": {}, "downLast90days": {}}}, {"maxAge": 1, "period": "-5y", "endDate": null, "growth": {}, "earningsEstimate": {"avg": {}, "low": {}, "high": {}, "yearAgoEps": {}, "numberOfAnalysts": {}, "growth": {}}, "revenueEstimate": {"avg": {}, "low": {}, "high": {}, "numberOfAnalysts": {}, "yearAgoRevenue": {}, "growth": {}}, "epsTrend": {"current": {}, "7daysAgo": {}, "30daysAgo": {}, "60daysAgo": {}, "90daysAgo": {}}, "epsRevisions": {"upLast7days": {}, "upLast30days": {}, "downLast30days": {}, "downLast90days": {}}}], "maxAge": 1}, "financialData": {"maxAge": 86400, "currentPrice": 2.27, "recommendationKey": "none", "grossProfits": -536560000, "financialCurrency": "INR"}}}