{"RMCL.NS": {"assetProfile": {"address1": "Daman Industrial Estate", "address2": "50/A Village Kadaiya", "city": "Daman", "zip": "396210", "country": "India", "phone": "91 26 0661 9000", "fax": "91 26 0661 9010", "website": "http://www.rmclindia.co.in", "industry": "Packaging & Containers", "sector": "Consumer Cyclical", "longBusinessSummary": "Radha Madhav Corporation Limited manufactures and sells packaging products in India and internationally. The company offers MOPVC and MOPET shrink films, polyolefin shrink films, extrusion coated and printed laminates, lami tubes, specialty films, preformed pouches, biaxially-oriented polypropylene (BOPP) films, offset printed cartons and liner cartons, soap wrappers, BOPP tapes, PET-PP straps, air bubble sheets, paper tubes, metalized films, PVC twist wrap films and calendar sheets, and lamination films. It also provides PVDC coated and cold formed blisters, PVC rigid sheets, collapsible tubes, masking films, metallized films, PVDC coated laminates, vacuum bags, liner bags, preformed pouches, nylon based five layer films, and surface printed three layer barrier films. In addition, the company offers dual color five layer barrier films, PVC thermoformed sheets, poly poly laminates, hot foil stampings, coated films, thermoforamble PVC films, jumbo bags, PP and BOPP bags, edge guards, and stretch and thermal films. Further, it provides packaging design and development services and solutions; packaging testing services, including controlled environment transport simulation testing, FEA modeling, pilot pulp, paper making and corrugator line, NATA certified testing to AS Standards, creep and compression testing, forensics analysis, controlled environment testing, LCA analysis, and dangerous goods testing; technical packaging advisory services; packaging machinery systems comprising solutions for carton loading, case erecting, case packing, robotics, materials handling and automation, palletization, stretch wrapping identification and traceability, as well as turnkey project management services; and pre-press services, such as design and manufacture of flexographic printing plates. Radha Madhav Corporation Limited was founded in 1994 and is based in Daman, India.", "companyOfficers": [{"maxAge": 1, "name": "Mr. Mitesh Anilkumar Agarwal", "age": 42, "title": "Chairman, MD & CEO", "yearBorn": 1978, "fiscalYear": 2019, "totalPay": 0, "exercisedValue": 0, "unexercisedValue": 0}, {"maxAge": 1, "name": "Mr. Abhisek Anilkumar Agarwal", "age": 38, "title": "Joint MD & Director", "yearBorn": 1982, "fiscalYear": 2019, "totalPay": 0, "exercisedValue": 0, "unexercisedValue": 0}, {"maxAge": 1, "name": "Mr. Mangesh Gangram Shetye CS", "title": "Company Sec. & Compliance Officer", "fiscalYear": 2019, "totalPay": 180000, "exercisedValue": 0, "unexercisedValue": 0}], "compensationAsOfEpochDate": "2019-12-31 05:30:00", "maxAge": 86400}, "recommendationTrend": {"trend": [{"period": "0m", "strongBuy": 0, "buy": 0, "hold": 0, "sell": 0, "strongSell": 0}, {"period": "-1m", "strongBuy": 0, "buy": 0, "hold": 0, "sell": 0, "strongSell": 0}, {"period": "-2m", "strongBuy": 0, "buy": 0, "hold": 0, "sell": 0, "strongSell": 0}, {"period": "-3m", "strongBuy": 0, "buy": 0, "hold": 0, "sell": 0, "strongSell": 0}], "maxAge": 86400}, "cashflowStatementHistory": {"cashflowStatements": [{"maxAge": 1, "endDate": "2020-03-31", "netIncome": -617250000, "depreciation": 14520000, "changeToNetincome": -283260000, "changeToAccountReceivables": 1242150000, "changeToLiabilities": -1266280000, "changeToInventory": 711050000, "changeToOperatingActivities": 52350000, "totalCashFromOperatingActivities": -146720000, "capitalExpenditures": -3620000, "otherCashflowsFromInvestingActivities": -170000, "totalCashflowsFromInvestingActivities": -2290000, "netBorrowings": -90000, "totalCashFromFinancingActivities": 96770000, "changeInCash": -52240000, "issuanceOfStock": 96860000}, {"maxAge": 1, "endDate": "2019-03-31", "netIncome": 943300000, "depreciation": 14270000, "changeToNetincome": -31710000, "changeToAccountReceivables": -258760000, "changeToLiabilities": 263730000, "changeToInventory": -99870000, "changeToOperatingActivities": -113820000, "totalCashFromOperatingActivities": 717180000, "capitalExpenditures": -25700000, "otherCashflowsFromInvestingActivities": 28650000, "totalCashflowsFromInvestingActivities": 2950000, "netBorrowings": -895280000, "otherCashflowsFromFinancingActivities": 149890000, "totalCashFromFinancingActivities": -745390000, "changeInCash": -25260000, "issuanceOfStock": 96860000}, {"maxAge": 1, "endDate": "2018-03-31", "netIncome": 103050000, "depreciation": 13860000, "changeToNetincome": 3490000, "changeToAccountReceivables": -493960000, "changeToLiabilities": 876930000, "changeToInventory": -423520000, "changeToOperatingActivities": 4390000, "totalCashFromOperatingActivities": 84280000, "capitalExpenditures": -5890000, "otherCashflowsFromInvestingActivities": 840000, "totalCashflowsFromInvestingActivities": -5050000, "netBorrowings": -286130000, "otherCashflowsFromFinancingActivities": 149890000, "totalCashFromFinancingActivities": -136130000, "changeInCash": -56900000, "issuanceOfStock": 150000000}, {"maxAge": 1, "endDate": "2017-03-31", "netIncome": -33880000, "depreciation": 15430000, "changeToNetincome": -4690000, "changeToAccountReceivables": -38440000, "changeToLiabilities": 35300000, "changeToInventory": -95280000, "changeToOperatingActivities": 149950000, "totalCashFromOperatingActivities": 28400000, "capitalExpenditures": -2600000, "otherCashflowsFromInvestingActivities": 3270000, "totalCashflowsFromInvestingActivities": 450000, "netBorrowings": -10700000, "otherCashflowsFromFinancingActivities": 50000000, "totalCashFromFinancingActivities": 39300000, "changeInCash": 68150000, "issuanceOfStock": 150000000}], "maxAge": 86400}, "indexTrend": {"maxAge": 1, "symbol": "SP5", "peRatio": 19.7411, "pegRatio": 1.34172, "estimates": [{"period": "0q", "growth": 0.549}, {"period": "+1q", "growth": 0.431}, {"period": "0y", "growth": 0.305}, {"period": "+1y", "growth": 0.109}, {"period": "+5y", "growth": 0.120865}, {"period": "-5y"}]}, "defaultKeyStatistics": {"maxAge": 1, "priceHint": 4, "enterpriseValue": 180960000, "profitMargins": -2.8860002, "floatShares": 54708300, "sharesOutstanding": 91295800, "heldPercentInsiders": 0.4041, "heldPercentInstitutions": 0.0, "beta": 1.297852, "category": null, "bookValue": -3.451, "fundFamily": null, "legalType": null, "lastFiscalYearEnd": "2020-03-31 05:30:00", "nextFiscalYearEnd": "2022-03-31 05:30:00", "mostRecentQuarter": "2020-09-30 05:30:00", "netIncomeToCommon": -437200000, "trailingEps": -4.913, "lastSplitFactor": null, "enterpriseToRevenue": 1.195, "enterpriseToEbitda": -0.413}, "industryTrend": {"maxAge": 1, "symbol": null, "estimates": []}, "quoteType": {"exchange": "NSI", "quoteType": "EQUITY", "symbol": "RMCL.NS", "underlyingSymbol": "RMCL.NS", "shortName": "RADHA MADHAV CORP", "longName": "Radha Madhav Corporation Limited", "firstTradeDateEpochUtc": "2007-11-26 09:15:00", "timeZoneFullName": "Asia/Kolkata", "timeZoneShortName": "IST", "uuid": "88c20ee4-fb39-3de4-8639-433b2ec63d95", "gmtOffSetMilliseconds": 19800000, "maxAge": 1}, "incomeStatementHistory": {"incomeStatementHistory": [{"maxAge": 1, "endDate": "2020-03-31", "totalRevenue": 349020000, "costOfRevenue": 885580000, "grossProfit": -536560000, "researchDevelopment": {}, "sellingGeneralAdministrative": 75730000, "nonRecurring": {}, "otherOperatingExpenses": 200000, "totalOperatingExpenses": 976030000, "operatingIncome": -627010000, "totalOtherIncomeExpenseNet": 9760000, "ebit": -627010000, "interestExpense": {}, "incomeBeforeTax": -617250000, "incomeTaxExpense": 0, "minorityInterest": {}, "netIncomeFromContinuingOps": -617250000, "discontinuedOperations": {}, "extraordinaryItems": {}, "effectOfAccountingCharges": {}, "otherItems": {}, "netIncome": -617250000, "netIncomeApplicableToCommonShares": -617250000}, {"maxAge": 1, "endDate": "2019-03-31", "totalRevenue": 5336110000, "costOfRevenue": 1938350000, "grossProfit": 3397760000, "researchDevelopment": {}, "sellingGeneralAdministrative": 51820000, "nonRecurring": {}, "otherOperatingExpenses": 3137800000, "totalOperatingExpenses": 5142280000, "operatingIncome": 193830000, "totalOtherIncomeExpenseNet": 749470000, "ebit": 193830000, "interestExpense": {}, "incomeBeforeTax": 943300000, "incomeTaxExpense": 0, "minorityInterest": {}, "netIncomeFromContinuingOps": 943300000, "discontinuedOperations": {}, "extraordinaryItems": {}, "effectOfAccountingCharges": {}, "otherItems": {}, "netIncome": 943300000, "netIncomeApplicableToCommonShares": 943300000}, {"maxAge": 1, "endDate": "2018-03-31", "totalRevenue": 2173250000, "costOfRevenue": 1343880000, "grossProfit": 829370000, "researchDevelopment": {}, "sellingGeneralAdministrative": 34970000, "nonRecurring": {}, "otherOperatingExpenses": 676670000, "totalOperatingExpenses": 2069420000, "operatingIncome": 103830000, "totalOtherIncomeExpenseNet": -780000, "ebit": 103830000, "interestExpense": {}, "incomeBeforeTax": 103050000, "incomeTaxExpense": 0, "minorityInterest": {}, "netIncomeFromContinuingOps": 103050000, "discontinuedOperations": {}, "extraordinaryItems": {}, "effectOfAccountingCharges": {}, "otherItems": {}, "netIncome": 103050000, "netIncomeApplicableToCommonShares": 103050000}, {"maxAge": 1, "endDate": "2017-03-31", "totalRevenue": 1359320000, "costOfRevenue": 769900000, "grossProfit": 589420000, "researchDevelopment": {}, "sellingGeneralAdministrative": 30240000, "nonRecurring": {}, "otherOperatingExpenses": 581950000, "totalOperatingExpenses": 1397530000, "operatingIncome": -38210000, "totalOtherIncomeExpenseNet": 4330000, "ebit": -38210000, "interestExpense": {}, "incomeBeforeTax": -33880000, "incomeTaxExpense": 0, "minorityInterest": {}, "netIncomeFromContinuingOps": -33880000, "discontinuedOperations": {}, "extraordinaryItems": {}, "effectOfAccountingCharges": {}, "otherItems": {}, "netIncome": -33880000, "netIncomeApplicableToCommonShares": -33880000}], "maxAge": 86400}, "fundOwnership": {"ownershipList": [], "maxAge": 1}, "summaryDetail": {"maxAge": 1, "priceHint": 4, "previousClose": 2.25, "open": 2.3, "dayLow": 2.2, "dayHigh": 2.35, "regularMarketPreviousClose": 2.25, "regularMarketOpen": 2.3, "regularMarketDayLow": 2.2, "regularMarketDayHigh": 2.35, "payoutRatio": 0.0, "beta": 1.297852, "volume": 27635, "regularMarketVolume": 27635, "averageVolume": 123511, "averageVolume10days": 86970, "averageDailyVolume10Day": 86970, "bid": 0.0, "ask": 0.0, "bidSize": 0, "askSize": 0, "marketCap": 222112368, "fiftyTwoWeekLow": 2.2, "fiftyTwoWeekHigh": 5.25, "priceToSalesTrailing12Months": 1.466185, "fiftyDayAverage": 2.551515, "twoHundredDayAverage": 2.9457142, "currency": "INR", "fromCurrency": null, "lastMarket": null, "algorithm": null, "tradeable": false}, "insiderHolders": {"holders": [{"maxAge": 1, "name": "Agarwal (Abhishek Anil)", "relation": "Joint Managing director", "url": "", "transactionDescription": "Acquisition", "latestTransDate": "2010-05-18", "positionDirect": 2438378, "positionDirectDate": "2010-05-18"}, {"maxAge": 1, "name": "Agarwal (Anil J)", "relation": "Non Executive Chairman", "url": "", "transactionDescription": "Acquisition", "latestTransDate": "2015-11-20", "positionDirect": 5607471, "positionDirectDate": "2015-11-20"}, {"maxAge": 1, "name": "Agarwal (Sulochanadevi Anil)", "relation": "Promoter", "url": "", "transactionDescription": "Other", "latestTransDate": "2019-12-28", "positionDirect": 4625141, "positionDirectDate": "2019-12-28"}, {"maxAge": 1, "name": "Deutsche Securities Mauritius Ltd", "relation": "UNREPORTED", "url": "", "transactionDescription": "Acquisition", "latestTransDate": "2009-07-22", "positionDirect": 3490400, "positionDirectDate": "2009-07-22"}, {"maxAge": 1, "name": "Diya Infracon Pvt Ltd", "relation": "Institution- Corporation", "url": "", "transactionDescription": "Other", "latestTransDate": "2014-05-26", "positionDirect": 2500000, "positionDirectDate": "2014-05-26"}, {"maxAge": 1, "name": "Isika Infracon Pvt Ltd", "relation": "Institution- Corporation", "url": "", "transactionDescription": "Other", "latestTransDate": "2014-05-26", "positionDirect": 2500000, "positionDirectDate": "2014-05-26"}, {"maxAge": 1, "name": "Khaitan (Savita)", "relation": "UNREPORTED", "url": "", "transactionDescription": "Other", "latestTransDate": "2014-05-26", "positionDirect": 8000000, "positionDirectDate": "2014-05-26"}, {"maxAge": 1, "name": "Malani Infracon Pvt Ltd", "relation": "Institution- Corporation", "url": "", "transactionDescription": "Other", "latestTransDate": "2014-05-26", "positionDirect": 2500000, "positionDirectDate": "2014-05-26"}], "maxAge": 1}, "calendarEvents": {"maxAge": 1, "earnings": {"earningsDate": []}}, "upgradeDowngradeHistory": {"history": [], "maxAge": 86400}, "price": {"maxAge": 1, "regularMarketChangePercent": 0.022222199, "regularMarketChange": 0.049999952, "regularMarketTime": "2021-04-30 15:29:55", "priceHint": 4, "regularMarketPrice": 2.3, "regularMarketDayHigh": 2.35, "regularMarketDayLow": 2.2, "regularMarketVolume": 27635, "averageDailyVolume10Day": 86970, "averageDailyVolume3Month": 123511, "regularMarketPreviousClose": 2.25, "regularMarketSource": "FREE_REALTIME", "regularMarketOpen": 2.3, "exchange": "NSI", "exchangeName": "NSE", "exchangeDataDelayedBy": 15, "marketState": "CLOSED", "quoteType": "EQUITY", "symbol": "RMCL.NS", "underlyingSymbol": null, "shortName": "RADHA MADHAV CORP", "longName": "Radha Madhav Corporation Limited", "currency": "INR", "quoteSourceName": "Delayed Quote", "currencySymbol": "\u20b9", "fromCurrency": null, "lastMarket": null, "marketCap": 222112368}, "balanceSheetHistory": {"balanceSheetStatements": [{"maxAge": 1, "endDate": "2020-03-31", "cash": 11930000, "shortTermInvestments": 6140000, "netReceivables": 84900000, "inventory": 97000000, "otherCurrentAssets": 164300000, "totalCurrentAssets": 364270000, "longTermInvestments": 9960000, "propertyPlantEquipment": 290370000, "intangibleAssets": 700000, "otherAssets": 5080000, "totalAssets": 670380000, "accountsPayable": 286850000, "otherCurrentLiab": 426700000, "otherLiab": 223740000, "totalCurrentLiabilities": 719120000, "totalLiab": 942860000, "commonStock": 912950000, "treasuryStock": -1185430000, "otherStockholderEquity": -1185430000, "totalStockholderEquity": -272480000, "netTangibleAssets": -273180000}, {"maxAge": 1, "endDate": "2019-03-31", "cash": 31660000, "netReceivables": 1085040000, "inventory": 808050000, "otherCurrentAssets": 257920000, "totalCurrentAssets": 2182990000, "propertyPlantEquipment": 302890000, "intangibleAssets": 850000, "otherAssets": 34430000, "totalAssets": 2521160000, "accountsPayable": 1553130000, "shortLongTermDebt": 78790000, "otherCurrentLiab": 293700000, "otherLiab": 309890000, "totalCurrentLiabilities": 1965920000, "totalLiab": 2275810000, "commonStock": 863420000, "retainedEarnings": -1871780000, "treasuryStock": 181080000, "capitalSurplus": 1072630000, "otherStockholderEquity": 181080000, "totalStockholderEquity": 245350000, "netTangibleAssets": 244500000}, {"maxAge": 1, "endDate": "2018-03-31", "cash": 56920000, "netReceivables": 822220000, "inventory": 708180000, "otherCurrentAssets": 170320000, "totalCurrentAssets": 1757660000, "propertyPlantEquipment": 291350000, "intangibleAssets": 1000000, "otherAssets": 15130000, "totalAssets": 2065140000, "accountsPayable": 1289400000, "shortLongTermDebt": 816270000, "otherCurrentLiab": 335960000, "otherLiab": 387650000, "totalCurrentLiabilities": 2529430000, "totalLiab": 2917080000, "commonStock": 863420000, "retainedEarnings": -2819180000, "treasuryStock": 31190000, "capitalSurplus": 1072630000, "otherStockholderEquity": 31190000, "totalStockholderEquity": -851940000, "netTangibleAssets": -852940000}, {"maxAge": 1, "endDate": "2017-03-31", "cash": 113820000, "netReceivables": 351730000, "inventory": 284660000, "otherCurrentAssets": 138950000, "totalCurrentAssets": 889190000, "propertyPlantEquipment": 299210000, "intangibleAssets": 1150000, "otherAssets": 28220000, "totalAssets": 1217770000, "accountsPayable": 410840000, "shortLongTermDebt": 1102400000, "otherCurrentLiab": 292690000, "otherLiab": 38800000, "totalCurrentLiabilities": 2284360000, "totalLiab": 2323160000, "commonStock": 663420000, "retainedEarnings": -2922630000, "treasuryStock": 81190000, "capitalSurplus": 1072630000, "otherStockholderEquity": 81190000, "totalStockholderEquity": -1105390000, "netTangibleAssets": -1106540000}], "maxAge": 86400}, "earningsTrend": {"trend": [{"maxAge": 1, "period": "0q", "endDate": null, "growth": {}, "earningsEstimate": {"avg": 0.0, "low": 0.0, "high": 0.0, "yearAgoEps": {}, "numberOfAnalysts": 0, "growth": {}}, "revenueEstimate": {"avg": 0, "low": 0, "high": 0, "numberOfAnalysts": 0, "yearAgoRevenue": {}, "growth": {}}, "epsTrend": {"current": 0.0, "7daysAgo": 0.0, "30daysAgo": 0.0, "60daysAgo": 0.0, "90daysAgo": 0.0}, "epsRevisions": {"upLast7days": 0, "upLast30days": 0, "downLast30days": 0, "downLast90days": {}}}, {"maxAge": 1, "period": "+1q", "endDate": null, "growth": {}, "earningsEstimate": {"avg": 0.0, "low": 0.0, "high": 0.0, "yearAgoEps": {}, "numberOfAnalysts": 0, "growth": {}}, "revenueEstimate": {"avg": 0, "low": 0, "high": 0, "numberOfAnalysts": 0, "yearAgoRevenue": {}, "growth": {}}, "epsTrend": {"current": 0.0, "7daysAgo": 0.0, "30daysAgo": 0.0, "60daysAgo": 0.0, "90daysAgo": 0.0}, "epsRevisions": {"upLast7days": 0, "upLast30days": 0, "downLast30days": 0, "downLast90days": {}}}, {"maxAge": 1, "period": "0y", "endDate": null, "growth": {}, "earningsEstimate": {"avg": 0.0, "low": 0.0, "high": 0.0, "yearAgoEps": {}, "numberOfAnalysts": 0, "growth": {}}, "revenueEstimate": {"avg": 0, "low": 0, "high": 0, "numberOfAnalysts": 0, "yearAgoRevenue": {}, "growth": {}}, "epsTrend": {"current": 0.0, "7daysAgo": 0.0, "30daysAgo": 0.0, "60daysAgo": 0.0, "90daysAgo": 0.0}, "epsRevisions": {"upLast7days": 0, "upLast30days": 0, "downLast30days": 0, "downLast90days": {}}}, {"maxAge": 1, "period": "+1y", "endDate": null, "growth": {}, "earningsEstimate": {"avg": 0.0, "low": 0.0, "high": 0.0, "yearAgoEps": {}, "numberOfAnalysts": 0, "growth": {}}, "revenueEstimate": {"avg": 0, "low": 0, "high": 0, "numberOfAnalysts": 0, "yearAgoRevenue": {}, "growth": {}}, "epsTrend": {"current": 0.0, "7daysAgo": 0.0, "30daysAgo": 0.0, "60daysAgo": 0.0, "90daysAgo": 0.0}, "epsRevisions": {"upLast7days": 0, "upLast30days": 0, "downLast30days": 0, "downLast90days": {}}}, {"maxAge": 1, "period": "+5y", "endDate": null, "growth": {}, "earningsEstimate": {"avg": {}, "low": {}, "high": {}, "yearAgoEps": {}, "numberOfAnalysts": {}, "growth": {}}, "revenueEstimate": {"avg": {}, "low": {}, "high": {}, "numberOfAnalysts": {}, "yearAgoRevenue": {}, "growth": {}}, "epsTrend": {"current": {}, "7daysAgo": {}, "30daysAgo": {}, "60daysAgo": {}, "90daysAgo": {}}, "epsRevisions": {"upLast7days": {}, "upLast30days": {}, "downLast30days": {}, "downLast90days": {}}}, {"maxAge": 1, "period": "-5y", "endDate": null, "growth": {}, "earningsEstimate": {"avg": {}, "low": {}, "high": {}, "yearAgoEps": {}, "numberOfAnalysts": {}, "growth": {}}, "revenueEstimate": {"avg": {}, "low": {}, "high": {}, "numberOfAnalysts": {}, "yearAgoRevenue": {}, "growth": {}}, "epsTrend": {"current": {}, "7daysAgo": {}, "30daysAgo": {}, "60daysAgo": {}, "90daysAgo": {}}, "epsRevisions": {"upLast7days": {}, "upLast30days": {}, "downLast30days": {}, "downLast90days": {}}}], "maxAge": 1}, "institutionOwnership": {"ownershipList": [], "maxAge": 1}, "majorHoldersBreakdown": {"maxAge": 1, "insidersPercentHeld": 0.4041, "institutionsPercentHeld": 0.0, "institutionsFloatPercentHeld": 0.0, "institutionsCount": 0}, "balanceSheetHistoryQuarterly": {"balanceSheetStatements": [{"maxAge": 1, "endDate": "2020-09-30", "cash": 10880000, "shortTermInvestments": 8410000, "netReceivables": 44330000, "inventory": 87070000, "otherCurrentAssets": 157070000, "totalCurrentAssets": 307760000, "longTermInvestments": 8240000, "propertyPlantEquipment": 284570000, "intangibleAssets": 630000, "otherAssets": 4680000, "totalAssets": 605880000, "accountsPayable": 251630000, "otherCurrentLiab": 371870000, "otherLiab": 284640000, "totalCurrentLiabilities": 628420000, "totalLiab": 913060000, "commonStock": 912950000, "treasuryStock": -1220130000, "otherStockholderEquity": -1220130000, "totalStockholderEquity": -307180000, "netTangibleAssets": -307810000}, {"maxAge": 1, "endDate": "2020-06-30", "totalStockholderEquity": -272480000, "netTangibleAssets": -273180000}, {"maxAge": 1, "endDate": "2020-03-31", "cash": 11930000, "shortTermInvestments": 6140000, "netReceivables": 84900000, "inventory": 97000000, "otherCurrentAssets": 164300000, "totalCurrentAssets": 364270000, "longTermInvestments": 9960000, "propertyPlantEquipment": 290370000, "intangibleAssets": 700000, "otherAssets": 5080000, "totalAssets": 670380000, "accountsPayable": 286850000, "otherCurrentLiab": 426700000, "otherLiab": 223740000, "totalCurrentLiabilities": 719120000, "totalLiab": 942860000, "commonStock": 912950000, "treasuryStock": -1185430000, "otherStockholderEquity": -1185430000, "totalStockholderEquity": -272480000, "netTangibleAssets": -273180000}, {"maxAge": 1, "endDate": "2019-12-31", "totalStockholderEquity": 151900000, "netTangibleAssets": 151120000}], "maxAge": 86400}, "earningsHistory": {"history": [{"maxAge": 1, "epsActual": {}, "epsEstimate": {}, "epsDifference": {}, "surprisePercent": {}, "quarter": {}, "period": "-4q"}, {"maxAge": 1, "epsActual": {}, "epsEstimate": {}, "epsDifference": {}, "surprisePercent": {}, "quarter": {}, "period": "-3q"}, {"maxAge": 1, "epsActual": {}, "epsEstimate": {}, "epsDifference": {}, "surprisePercent": {}, "quarter": {}, "period": "-2q"}, {"maxAge": 1, "epsActual": {}, "epsEstimate": {}, "epsDifference": {}, "surprisePercent": {}, "quarter": {}, "period": "-1q"}], "maxAge": 86400}, "summaryProfile": {"address1": "Daman Industrial Estate", "address2": "50/A Village Kadaiya", "city": "Daman", "zip": "396210", "country": "India", "phone": "91 26 0661 9000", "fax": "91 26 0661 9010", "website": "http://www.rmclindia.co.in", "industry": "Packaging & Containers", "sector": "Consumer Cyclical", "longBusinessSummary": "Radha Madhav Corporation Limited manufactures and sells packaging products in India and internationally. The company offers MOPVC and MOPET shrink films, polyolefin shrink films, extrusion coated and printed laminates, lami tubes, specialty films, preformed pouches, biaxially-oriented polypropylene (BOPP) films, offset printed cartons and liner cartons, soap wrappers, BOPP tapes, PET-PP straps, air bubble sheets, paper tubes, metalized films, PVC twist wrap films and calendar sheets, and lamination films. It also provides PVDC coated and cold formed blisters, PVC rigid sheets, collapsible tubes, masking films, metallized films, PVDC coated laminates, vacuum bags, liner bags, preformed pouches, nylon based five layer films, and surface printed three layer barrier films. In addition, the company offers dual color five layer barrier films, PVC thermoformed sheets, poly poly laminates, hot foil stampings, coated films, thermoforamble PVC films, jumbo bags, PP and BOPP bags, edge guards, and stretch and thermal films. Further, it provides packaging design and development services and solutions; packaging testing services, including controlled environment transport simulation testing, FEA modeling, pilot pulp, paper making and corrugator line, NATA certified testing to AS Standards, creep and compression testing, forensics analysis, controlled environment testing, LCA analysis, and dangerous goods testing; technical packaging advisory services; packaging machinery systems comprising solutions for carton loading, case erecting, case packing, robotics, materials handling and automation, palletization, stretch wrapping identification and traceability, as well as turnkey project management services; and pre-press services, such as design and manufacture of flexographic printing plates. Radha Madhav Corporation Limited was founded in 1994 and is based in Daman, India.", "companyOfficers": [], "maxAge": 86400}, "netSharePurchaseActivity": {"maxAge": 1, "period": "6m", "buyInfoCount": 0, "buyInfoShares": 0, "sellInfoCount": 0, "netInfoCount": 0, "netInfoShares": 0, "netPercentInsiderShares": 0.0, "totalInsiderShares": 35964900}, "insiderTransactions": {"transactions": [{"maxAge": 1, "shares": 374859, "filerUrl": "", "transactionText": "", "filerName": "Agarwal (Sulochanadevi Anil)", "filerRelation": "Promoter", "moneyText": "", "startDate": "2019-12-28", "ownership": "D"}, {"maxAge": 1, "shares": 5000000, "filerUrl": "", "transactionText": "", "filerName": "Agarwal (Sulochanadevi Anil)", "filerRelation": "UNREPORTED", "moneyText": "", "startDate": "2018-06-29", "ownership": "D"}, {"maxAge": 1, "shares": 1000000, "filerUrl": "", "transactionText": "", "filerName": "Agarwal (Anil J)", "filerRelation": "Non Executive Chairman", "moneyText": "", "startDate": "2015-11-20", "ownership": "D"}, {"maxAge": 1, "shares": 2500000, "filerUrl": "", "transactionText": "", "filerName": "Agarwal (Anil J)", "filerRelation": "Non Executive Chairman", "moneyText": "", "startDate": "2014-05-26", "ownership": "D"}, {"maxAge": 1, "shares": 2500000, "filerUrl": "", "transactionText": "", "filerName": "Diya Infracon Pvt Ltd", "filerRelation": "Institution- Corporation", "moneyText": "", "startDate": "2014-05-26", "ownership": "D"}, {"maxAge": 1, "shares": 2500000, "filerUrl": "", "transactionText": "", "filerName": "Isika Infracon Pvt Ltd", "filerRelation": "Institution- Corporation", "moneyText": "", "startDate": "2014-05-26", "ownership": "D"}, {"maxAge": 1, "shares": 8000000, "filerUrl": "", "transactionText": "", "filerName": "Khaitan (Savita)", "filerRelation": "UNREPORTED", "moneyText": "", "startDate": "2014-05-26", "ownership": "D"}, {"maxAge": 1, "shares": 2500000, "filerUrl": "", "transactionText": "", "filerName": "Malani Infracon Pvt Ltd", "filerRelation": "Institution- Corporation", "moneyText": "", "startDate": "2014-05-26", "ownership": "D"}, {"maxAge": 1, "shares": 97107, "filerUrl": "", "transactionText": "", "filerName": "Agarwal (Anil J)", "filerRelation": "Non Executive Chairman", "moneyText": "", "startDate": "2010-05-21", "ownership": "D"}, {"maxAge": 1, "shares": 31084, "filerUrl": "", "transactionText": "", "filerName": "Agarwal (Abhishek Anil)", "filerRelation": "Joint Managing director", "moneyText": "", "startDate": "2010-05-18", "ownership": "D"}, {"maxAge": 1, "shares": 44318, "filerUrl": "", "transactionText": "", "filerName": "Agarwal (Abhishek Anil)", "filerRelation": "Joint Managing director", "moneyText": "", "startDate": "2010-05-03", "ownership": "D"}, {"maxAge": 1, "shares": 29390, "filerUrl": "", "transactionText": "", "filerName": "Agarwal (Abhishek Anil)", "filerRelation": "Joint Managing director", "moneyText": "", "startDate": "2010-04-29", "ownership": "D"}, {"maxAge": 1, "shares": 239900, "filerUrl": "", "transactionText": "", "filerName": "Deutsche Securities Mauritius Ltd", "filerRelation": "UNREPORTED", "moneyText": "", "startDate": "2009-07-22", "ownership": "D"}], "maxAge": 1}, "sectorTrend": {"maxAge": 1, "symbol": null, "estimates": []}, "incomeStatementHistoryQuarterly": {"incomeStatementHistory": [{"maxAge": 1, "endDate": "2020-09-30", "totalRevenue": 7360000, "costOfRevenue": 9950000, "grossProfit": -2590000, "researchDevelopment": {}, "sellingGeneralAdministrative": 2210000, "nonRecurring": {}, "otherOperatingExpenses": 1140000, "totalOperatingExpenses": 16230000, "operatingIncome": -8870000, "totalOtherIncomeExpenseNet": 2640000, "ebit": -8870000, "interestExpense": {}, "incomeBeforeTax": -6230000, "incomeTaxExpense": 0, "minorityInterest": {}, "netIncomeFromContinuingOps": -6230000, "discontinuedOperations": {}, "extraordinaryItems": {}, "effectOfAccountingCharges": {}, "otherItems": {}, "netIncome": -6230000, "netIncomeApplicableToCommonShares": -6230000}, {"maxAge": 1, "endDate": "2020-06-30", "totalRevenue": 0, "costOfRevenue": 0, "grossProfit": 0, "researchDevelopment": {}, "sellingGeneralAdministrative": 2450000, "nonRecurring": {}, "otherOperatingExpenses": 1670000, "totalOperatingExpenses": 7060000, "operatingIncome": -7060000, "totalOtherIncomeExpenseNet": 3340000, "ebit": -7060000, "interestExpense": {}, "incomeBeforeTax": -3720000, "incomeTaxExpense": 0, "minorityInterest": {}, "netIncomeFromContinuingOps": -3720000, "discontinuedOperations": {}, "extraordinaryItems": {}, "effectOfAccountingCharges": {}, "otherItems": {}, "netIncome": -3720000, "netIncomeApplicableToCommonShares": -3720000}, {"maxAge": 1, "endDate": "2020-03-31", "totalRevenue": 86430000, "costOfRevenue": 437720000, "grossProfit": -351290000, "researchDevelopment": {}, "sellingGeneralAdministrative": 3260000, "nonRecurring": {}, "otherOperatingExpenses": -28480000, "totalOperatingExpenses": 415620000, "operatingIncome": -329190000, "totalOtherIncomeExpenseNet": 8780000, "ebit": -329190000, "interestExpense": {}, "incomeBeforeTax": -320410000, "incomeTaxExpense": 0, "minorityInterest": {}, "netIncomeFromContinuingOps": -320410000, "discontinuedOperations": {}, "extraordinaryItems": {}, "effectOfAccountingCharges": {}, "otherItems": {}, "netIncome": -320410000, "netIncomeApplicableToCommonShares": -320410000}, {"maxAge": 1, "endDate": "2019-12-31", "totalRevenue": 57700000, "costOfRevenue": 149010000, "grossProfit": -91310000, "researchDevelopment": {}, "sellingGeneralAdministrative": 6130000, "nonRecurring": {}, "otherOperatingExpenses": 6250000, "totalOperatingExpenses": 164890000, "operatingIncome": -107190000, "totalOtherIncomeExpenseNet": 350000, "ebit": -107190000, "interestExpense": {}, "incomeBeforeTax": -106840000, "incomeTaxExpense": 0, "minorityInterest": {}, "netIncomeFromContinuingOps": -106840000, "discontinuedOperations": {}, "extraordinaryItems": {}, "effectOfAccountingCharges": {}, "otherItems": {}, "netIncome": -106840000, "netIncomeApplicableToCommonShares": -106840000}], "maxAge": 86400}, "cashflowStatementHistoryQuarterly": {"cashflowStatements": [{"maxAge": 1, "endDate": "2020-09-30", "netIncome": -6230000, "changeToLiabilities": 0}, {"maxAge": 1, "endDate": "2020-06-30", "netIncome": -3720000, "changeToLiabilities": 0}, {"maxAge": 1, "endDate": "2020-03-31", "netIncome": -320410000, "changeToLiabilities": 0}, {"maxAge": 1, "endDate": "2019-12-31", "netIncome": -106840000, "changeToLiabilities": 0}], "maxAge": 86400}, "earnings": {"maxAge": 86400, "earningsChart": {"quarterly": [], "earningsDate": []}, "financialsChart": {"yearly": [{"date": 2017, "revenue": 1359320000, "earnings": -33880000}, {"date": 2018, "revenue": 2173250000, "earnings": 103050000}, {"date": 2019, "revenue": 5336110000, "earnings": 943300000}, {"date": 2020, "revenue": 349020000, "earnings": -617250000}], "quarterly": [{"date": "4Q2019", "revenue": 57700000, "earnings": -106840000}, {"date": "1Q2020", "revenue": 86430000, "earnings": -320410000}, {"date": "2Q2020", "revenue": 0, "earnings": -3720000}, {"date": "3Q2020", "revenue": 7360000, "earnings": -6230000}]}, "financialCurrency": "INR"}, "financialData": {"maxAge": 86400, "currentPrice": 2.3, "recommendationKey": "none", "totalCash": 19290000, "totalCashPerShare": 0.217, "ebitda": -437664992, "totalDebt": 0, "quickRatio": 0.101, "currentRatio": 0.49, "totalRevenue": 151490000, "revenuePerShare": 1.702, "returnOnAssets": -0.23961, "grossProfits": -536560000, "revenueGrowth": -0.908, "grossMargins": -2.93874, "ebitdaMargins": -2.88907, "operatingMargins": -2.98574, "profitMargins": -2.8860002, "financialCurrency": "INR"}}}