{"RML.BO": {"recommendationTrend": {"trend": [{"period": "0m", "strongBuy": 0, "buy": 0, "hold": 0, "sell": 0, "strongSell": 0}, {"period": "-1m", "strongBuy": 0, "buy": 0, "hold": 0, "sell": 0, "strongSell": 0}, {"period": "-2m", "strongBuy": 0, "buy": 0, "hold": 0, "sell": 0, "strongSell": 0}, {"period": "-3m", "strongBuy": 0, "buy": 0, "hold": 0, "sell": 0, "strongSell": 0}], "maxAge": 86400}, "cashflowStatementHistory": {"cashflowStatements": [{"maxAge": 1, "endDate": "2020-03-31", "netIncome": -455100000, "depreciation": 646800000, "changeToNetincome": 122100000, "changeToAccountReceivables": 596100000, "changeToLiabilities": -264900000, "changeToInventory": 149600000, "changeToOperatingActivities": -112500000, "totalCashFromOperatingActivities": 691600000, "capitalExpenditures": -1044700000, "otherCashflowsFromInvestingActivities": 3500000, "totalCashflowsFromInvestingActivities": -1025200000, "dividendsPaid": -53900000, "netBorrowings": 530300000, "otherCashflowsFromFinancingActivities": -305400000, "totalCashFromFinancingActivities": 337700000, "changeInCash": 4100000, "issuanceOfStock": 166700000}, {"maxAge": 1, "endDate": "2019-03-31", "netIncome": 24200000, "depreciation": 650200000, "changeToNetincome": 313400000, "changeToAccountReceivables": -29200000, "changeToLiabilities": -399700000, "changeToInventory": -192500000, "changeToOperatingActivities": 48500000, "totalCashFromOperatingActivities": 446700000, "capitalExpenditures": -613300000, "investments": -6000000, "otherCashflowsFromInvestingActivities": 4500000, "totalCashflowsFromInvestingActivities": -598400000, "dividendsPaid": -134900000, "netBorrowings": 606400000, "otherCashflowsFromFinancingActivities": -411900000, "totalCashFromFinancingActivities": 259600000, "changeInCash": 107900000, "issuanceOfStock": 200000000}, {"maxAge": 1, "endDate": "2018-03-31", "netIncome": 242200000, "depreciation": 605700000, "changeToNetincome": 273300000, "changeToAccountReceivables": -581000000, "changeToLiabilities": 590000000, "changeToInventory": -261700000, "changeToOperatingActivities": -253500000, "totalCashFromOperatingActivities": 651900000, "capitalExpenditures": -788800000, "investments": -6000000, "otherCashflowsFromInvestingActivities": 6000000, "totalCashflowsFromInvestingActivities": -778800000, "dividendsPaid": -94300000, "netBorrowings": -53500000, "otherCashflowsFromFinancingActivities": -310500000, "totalCashFromFinancingActivities": 141700000, "changeInCash": 14800000, "issuanceOfStock": 600000000}, {"maxAge": 1, "endDate": "2017-03-31", "netIncome": 43200000, "depreciation": 567500000, "changeToNetincome": 355500000, "changeToAccountReceivables": -186000000, "changeToLiabilities": 503700000, "changeToInventory": -254100000, "changeToOperatingActivities": -188700000, "totalCashFromOperatingActivities": 875800000, "capitalExpenditures": -779600000, "investments": 6200000, "otherCashflowsFromInvestingActivities": 3700000, "totalCashflowsFromInvestingActivities": -769400000, "dividendsPaid": -21000000, "netBorrowings": 259900000, "otherCashflowsFromFinancingActivities": -306100000, "totalCashFromFinancingActivities": -67200000, "changeInCash": 39200000, "issuanceOfStock": 600000000}], "maxAge": 86400}, "institutionOwnership": {"ownershipList": [], "maxAge": 1}, "balanceSheetHistoryQuarterly": {"balanceSheetStatements": [{"maxAge": 1, "endDate": "2020-06-30", "totalStockholderEquity": 1838700000, "netTangibleAssets": 1792200000}, {"maxAge": 1, "endDate": "2020-03-31", "cash": 183500000, "netReceivables": 1929000000, "inventory": 1568400000, "otherCurrentAssets": 182700000, "totalCurrentAssets": 3925600000, "longTermInvestments": 6000000, "propertyPlantEquipment": 4257600000, "goodWill": 40600000, "intangibleAssets": 5900000, "otherAssets": 982500000, "totalAssets": 9218200000, "accountsPayable": 1894400000, "shortLongTermDebt": 734700000, "otherCurrentLiab": 180500000, "longTermDebt": 1999100000, "otherLiab": 336500000, "totalCurrentLiabilities": 5007800000, "totalLiab": 7379500000, "commonStock": 125500000, "retainedEarnings": 643300000, "treasuryStock": 87900000, "capitalSurplus": 982000000, "otherStockholderEquity": 87900000, "totalStockholderEquity": 1838700000, "netTangibleAssets": 1792200000}, {"maxAge": 1, "endDate": "2019-12-31", "totalStockholderEquity": 2022801000, "netTangibleAssets": 1953162000}, {"maxAge": 1, "endDate": "2019-09-30", "cash": 319680000, "shortTermInvestments": 40602000, "netReceivables": 2246181000, "inventory": 1613419000, "otherCurrentAssets": 331828000, "totalCurrentAssets": 4551710000, "longTermInvestments": 177633000, "propertyPlantEquipment": 3950876000, "goodWill": 60283000, "intangibleAssets": 9356000, "otherAssets": 502868000, "totalAssets": 9252726000, "accountsPayable": 1861945000, "otherCurrentLiab": 1641438000, "longTermDebt": 1337711000, "otherLiab": 177089000, "totalCurrentLiabilities": 5715125000, "totalLiab": 7229925000, "commonStock": 119732000, "treasuryStock": 1903069000, "otherStockholderEquity": 1903069000, "totalStockholderEquity": 2022801000, "netTangibleAssets": 1953162000}], "maxAge": 86400}, "earningsHistory": {"history": [{"maxAge": 1, "epsActual": {}, "epsEstimate": {}, "epsDifference": {}, "surprisePercent": {}, "quarter": {}, "period": "-4q"}, {"maxAge": 1, "epsActual": {}, "epsEstimate": {}, "epsDifference": {}, "surprisePercent": {}, "quarter": {}, "period": "-3q"}, {"maxAge": 1, "epsActual": {}, "epsEstimate": {}, "epsDifference": {}, "surprisePercent": {}, "quarter": {}, "period": "-2q"}, {"maxAge": 1, "epsActual": 11.22, "epsEstimate": 11.86, "epsDifference": -0.64, "surprisePercent": -0.054, "quarter": "2018-06-30", "period": "-1q"}], "maxAge": 86400}, "indexTrend": {"maxAge": 1, "symbol": "SP5", "peRatio": 19.7411, "pegRatio": 1.34172, "estimates": [{"period": "0q", "growth": 0.549}, {"period": "+1q", "growth": 0.431}, {"period": "0y", "growth": 0.305}, {"period": "+1y", "growth": 0.109}, {"period": "+5y", "growth": 0.120865}, {"period": "-5y"}]}, "industryTrend": {"maxAge": 1, "symbol": null, "estimates": []}, "insiderTransactions": {"transactions": [{"maxAge": 1, "shares": 580720, "value": 2210568, "filerUrl": "", "transactionText": "Other at price 3.81 per share.", "filerName": "Rane Holdings Ltd", "filerRelation": "Promoter", "moneyText": "", "startDate": "2020-03-20", "ownership": "D"}, {"maxAge": 1, "shares": 6799958, "filerUrl": "", "transactionText": "", "filerName": "Rane Holdings Ltd", "filerRelation": "Promoter", "moneyText": "", "startDate": "2020-03-20", "ownership": "D"}, {"maxAge": 1, "shares": 5272888, "filerUrl": "", "transactionText": "", "filerName": "Rane Holdings Ltd", "filerRelation": "Promoter", "moneyText": "", "startDate": "2019-12-18", "ownership": "D"}, {"maxAge": 1, "shares": 4193, "filerUrl": "", "transactionText": "", "filerName": "Ramani (T G)", "filerRelation": "Promoter", "moneyText": "", "startDate": "2019-03-01", "ownership": "D"}, {"maxAge": 1, "shares": 2020, "filerUrl": "", "transactionText": "", "filerName": "Narayan (Shanthi)", "filerRelation": "Promoter", "moneyText": "", "startDate": "2018-03-01", "ownership": "D"}, {"maxAge": 1, "shares": 7980, "filerUrl": "", "transactionText": "", "filerName": "Narayan (Shanthi)", "filerRelation": "Promoter", "moneyText": "", "startDate": "2018-02-28", "ownership": "D"}, {"maxAge": 1, "shares": 419, "filerUrl": "", "transactionText": "", "filerName": "Narayan (Sumant)", "filerRelation": "Promoter", "moneyText": "", "startDate": "2018-02-26", "ownership": "D"}, {"maxAge": 1, "shares": 831, "filerUrl": "", "transactionText": "", "filerName": "Narayan (Sumant)", "filerRelation": "UNREPORTED", "moneyText": "", "startDate": "2018-02-14", "ownership": "D"}, {"maxAge": 1, "shares": 1450, "filerUrl": "", "transactionText": "", "filerName": "Narayan (Suchitra)", "filerRelation": "UNREPORTED", "moneyText": "", "startDate": "2018-02-12", "ownership": "D"}, {"maxAge": 1, "shares": 100, "filerUrl": "", "transactionText": "", "filerName": "Narayan (Suchitra)", "filerRelation": "Promoter", "moneyText": "", "startDate": "2018-01-29", "ownership": "D"}, {"maxAge": 1, "shares": 114, "filerUrl": "", "transactionText": "", "filerName": "Narayan (Sumant)", "filerRelation": "Promoter", "moneyText": "", "startDate": "2018-01-29", "ownership": "D"}, {"maxAge": 1, "shares": 800, "filerUrl": "", "transactionText": "", "filerName": "Narayan (Suchitra)", "filerRelation": "UNREPORTED", "moneyText": "", "startDate": "2017-12-21", "ownership": "D"}, {"maxAge": 1, "shares": 6649418, "filerUrl": "", "transactionText": "", "filerName": "Rane Holdings Ltd", "filerRelation": "Promoter", "moneyText": "", "startDate": "2017-09-11", "ownership": "D"}, {"maxAge": 1, "shares": 5550642, "filerUrl": "", "transactionText": "", "filerName": "Rane Holdings Ltd", "filerRelation": "Promoter", "moneyText": "", "startDate": "2017-09-11", "ownership": "D"}, {"maxAge": 1, "shares": 4732, "filerUrl": "", "transactionText": "", "filerName": "Lakshman (Pushpa)", "filerRelation": "UNREPORTED", "moneyText": "", "startDate": "2016-08-22", "ownership": "D"}, {"maxAge": 1, "shares": 4732, "filerUrl": "", "transactionText": "", "filerName": "Lakshman (Pushpa)", "filerRelation": "UNREPORTED", "moneyText": "", "startDate": "2016-01-22", "ownership": "D"}, {"maxAge": 1, "shares": 544, "filerUrl": "", "transactionText": "", "filerName": "Rane Holdings Ltd", "filerRelation": "Promoter", "moneyText": "", "startDate": "2014-03-24", "ownership": "D"}, {"maxAge": 1, "shares": 346504, "filerUrl": "", "transactionText": "", "filerName": "Rane Holdings Ltd", "filerRelation": "Promoter", "moneyText": "", "startDate": "2014-03-21", "ownership": "D"}, {"maxAge": 1, "shares": 1749, "filerUrl": "", "transactionText": "", "filerName": "Rane Holdings Ltd", "filerRelation": "Promoter", "moneyText": "", "startDate": "2014-03-14", "ownership": "D"}, {"maxAge": 1, "shares": 6142, "filerUrl": "", "transactionText": "", "filerName": "Rane Holdings Ltd", "filerRelation": "Promoter", "moneyText": "", "startDate": "2014-03-06", "ownership": "D"}, {"maxAge": 1, "shares": 388, "filerUrl": "", "transactionText": "", "filerName": "Rane Holdings Ltd", "filerRelation": "Promoter", "moneyText": "", "startDate": "2014-03-05", "ownership": "D"}, {"maxAge": 1, "shares": 6413, "filerUrl": "", "transactionText": "", "filerName": "Rane Holdings Ltd", "filerRelation": "Promoter", "moneyText": "", "startDate": "2014-03-03", "ownership": "D"}, {"maxAge": 1, "shares": 170, "filerUrl": "", "transactionText": "", "filerName": "Rane Holdings Ltd", "filerRelation": "Promoter", "moneyText": "", "startDate": "2014-02-28", "ownership": "D"}, {"maxAge": 1, "shares": 2063, "filerUrl": "", "transactionText": "", "filerName": "Rane Holdings Ltd", "filerRelation": "Promoter", "moneyText": "", "startDate": "2014-02-26", "ownership": "D"}, {"maxAge": 1, "shares": 200, "filerUrl": "", "transactionText": "", "filerName": "Rane Holdings Ltd", "filerRelation": "Promoter", "moneyText": "", "startDate": "2014-02-24", "ownership": "D"}, {"maxAge": 1, "shares": 99, "filerUrl": "", "transactionText": "", "filerName": "Rane Holdings Ltd", "filerRelation": "Promoter", "moneyText": "", "startDate": "2014-02-21", "ownership": "D"}, {"maxAge": 1, "shares": 130, "filerUrl": "", "transactionText": "", "filerName": "Rane Holdings Ltd", "filerRelation": "Promoter", "moneyText": "", "startDate": "2014-02-20", "ownership": "D"}, {"maxAge": 1, "shares": 737, "filerUrl": "", "transactionText": "", "filerName": "Rane Holdings Ltd", "filerRelation": "Promoter", "moneyText": "", "startDate": "2014-02-19", "ownership": "D"}, {"maxAge": 1, "shares": 24557, "filerUrl": "", "transactionText": "", "filerName": "Rane Holdings Ltd", "filerRelation": "Promoter", "moneyText": "", "startDate": "2014-02-18", "ownership": "D"}, {"maxAge": 1, "shares": 1369, "filerUrl": "", "transactionText": "", "filerName": "Rane Holdings Ltd", "filerRelation": "Promoter", "moneyText": "", "startDate": "2014-02-17", "ownership": "D"}, {"maxAge": 1, "shares": 1650, "filerUrl": "", "transactionText": "", "filerName": "Rane Holdings Ltd", "filerRelation": "Promoter", "moneyText": "", "startDate": "2014-02-14", "ownership": "D"}, {"maxAge": 1, "shares": 968, "filerUrl": "", "transactionText": "", "filerName": "Rane Holdings Ltd", "filerRelation": "Promoter", "moneyText": "", "startDate": "2014-02-13", "ownership": "D"}, {"maxAge": 1, "shares": 3354, "filerUrl": "", "transactionText": "", "filerName": "Rane Holdings Ltd", "filerRelation": "Promoter", "moneyText": "", "startDate": "2014-02-12", "ownership": "D"}, {"maxAge": 1, "shares": 53, "filerUrl": "", "transactionText": "", "filerName": "Rane Holdings Ltd", "filerRelation": "Promoter", "moneyText": "", "startDate": "2014-02-11", "ownership": "D"}, {"maxAge": 1, "shares": 3000, "filerUrl": "", "transactionText": "", "filerName": "Rane Holdings Ltd", "filerRelation": "Promoter", "moneyText": "", "startDate": "2014-02-10", "ownership": "D"}, {"maxAge": 1, "shares": 36244, "filerUrl": "", "transactionText": "", "filerName": "Rane Holdings Ltd", "filerRelation": "Promoter", "moneyText": "", "startDate": "2014-02-06", "ownership": "D"}, {"maxAge": 1, "shares": 365, "filerUrl": "", "transactionText": "", "filerName": "Rane Holdings Ltd", "filerRelation": "Promoter", "moneyText": "", "startDate": "2014-02-04", "ownership": "D"}, {"maxAge": 1, "shares": 1011, "filerUrl": "", "transactionText": "", "filerName": "Rane Holdings Ltd", "filerRelation": "Promoter", "moneyText": "", "startDate": "2014-02-03", "ownership": "D"}, {"maxAge": 1, "shares": 993, "filerUrl": "", "transactionText": "", "filerName": "Rane Holdings Ltd", "filerRelation": "Promoter", "moneyText": "", "startDate": "2014-01-31", "ownership": "D"}, {"maxAge": 1, "shares": 1766, "filerUrl": "", "transactionText": "", "filerName": "Rane Holdings Ltd", "filerRelation": "Promoter", "moneyText": "", "startDate": "2014-01-30", "ownership": "D"}, {"maxAge": 1, "shares": 1010, "filerUrl": "", "transactionText": "", "filerName": "Rane Holdings Ltd", "filerRelation": "Promoter", "moneyText": "", "startDate": "2014-01-29", "ownership": "D"}, {"maxAge": 1, "shares": 1424, "filerUrl": "", "transactionText": "", "filerName": "Rane Holdings Ltd", "filerRelation": "Promoter", "moneyText": "", "startDate": "2014-01-28", "ownership": "D"}, {"maxAge": 1, "shares": 3866, "filerUrl": "", "transactionText": "", "filerName": "Lakshman (Malavika)", "filerRelation": "Promoter", "moneyText": "", "startDate": "2013-06-11", "ownership": "D"}], "maxAge": 1}, "quoteType": {"exchange": "BSE", "quoteType": "EQUITY", "symbol": "RML.BO", "underlyingSymbol": "RML.BO", "shortName": "RANE (MADRAS) LTD.", "longName": "Rane (Madras) Limited", "firstTradeDateEpochUtc": "2005-08-30 09:15:00", "timeZoneFullName": "Asia/Kolkata", "timeZoneShortName": "IST", "uuid": "e47ec0ef-1f74-38ee-aef6-a57995be9a91", "gmtOffSetMilliseconds": 19800000, "maxAge": 1}, "incomeStatementHistory": {"incomeStatementHistory": [{"maxAge": 1, "endDate": "2020-03-31", "totalRevenue": 12770800000, "costOfRevenue": 7901200000, "grossProfit": 4869600000, "researchDevelopment": {}, "sellingGeneralAdministrative": 2359500000, "nonRecurring": {}, "otherOperatingExpenses": 2051100000, "totalOperatingExpenses": 12968100000, "operatingIncome": -197300000, "totalOtherIncomeExpenseNet": -248000000, "ebit": -197300000, "interestExpense": -372800000, "incomeBeforeTax": -445300000, "incomeTaxExpense": 9800000, "minorityInterest": {}, "netIncomeFromContinuingOps": -455100000, "discontinuedOperations": {}, "extraordinaryItems": {}, "effectOfAccountingCharges": {}, "otherItems": {}, "netIncome": -455100000, "netIncomeApplicableToCommonShares": -455100000}, {"maxAge": 1, "endDate": "2019-03-31", "totalRevenue": 15546200000, "costOfRevenue": 9675200000, "grossProfit": 5871000000, "researchDevelopment": {}, "sellingGeneralAdministrative": 2362900000, "nonRecurring": {}, "otherOperatingExpenses": 2291300000, "totalOperatingExpenses": 14988900000, "operatingIncome": 557300000, "totalOtherIncomeExpenseNet": -301000000, "ebit": 557300000, "interestExpense": -342900000, "incomeBeforeTax": 256300000, "incomeTaxExpense": 232100000, "minorityInterest": {}, "netIncomeFromContinuingOps": 24200000, "discontinuedOperations": {}, "extraordinaryItems": {}, "effectOfAccountingCharges": {}, "otherItems": {}, "netIncome": 24200000, "netIncomeApplicableToCommonShares": 24200000}, {"maxAge": 1, "endDate": "2018-03-31", "totalRevenue": 14006800000, "costOfRevenue": 8343300000, "grossProfit": 5663500000, "researchDevelopment": {}, "sellingGeneralAdministrative": 2248200000, "nonRecurring": {}, "otherOperatingExpenses": 2155200000, "totalOperatingExpenses": 13361000000, "operatingIncome": 645800000, "totalOtherIncomeExpenseNet": -244800000, "ebit": 645800000, "interestExpense": -333500000, "incomeBeforeTax": 401000000, "incomeTaxExpense": 158800000, "minorityInterest": {}, "netIncomeFromContinuingOps": 242200000, "discontinuedOperations": {}, "extraordinaryItems": {}, "effectOfAccountingCharges": {}, "otherItems": {}, "netIncome": 242200000, "netIncomeApplicableToCommonShares": 242200000}, {"maxAge": 1, "endDate": "2017-03-31", "totalRevenue": 11968000000, "costOfRevenue": 6832800000, "grossProfit": 5135200000, "researchDevelopment": {}, "sellingGeneralAdministrative": 2122500000, "nonRecurring": {}, "otherOperatingExpenses": 2071500000, "totalOperatingExpenses": 11598400000, "operatingIncome": 369600000, "totalOtherIncomeExpenseNet": -244000000, "ebit": 369600000, "interestExpense": -301900000, "incomeBeforeTax": 125600000, "incomeTaxExpense": 82400000, "minorityInterest": {}, "netIncomeFromContinuingOps": 43200000, "discontinuedOperations": {}, "extraordinaryItems": {}, "effectOfAccountingCharges": {}, "otherItems": {}, "netIncome": 43200000, "netIncomeApplicableToCommonShares": 43200000}], "maxAge": 86400}, "fundOwnership": {"ownershipList": [], "maxAge": 1}, "summaryDetail": {"maxAge": 1, "priceHint": 2, "previousClose": 351.0, "open": 372.05, "dayLow": 341.75, "dayHigh": 372.05, "regularMarketPreviousClose": 351.0, "regularMarketOpen": 372.05, "regularMarketDayLow": 341.75, "regularMarketDayHigh": 372.05, "forwardPE": 20.949213, "volume": 1312, "regularMarketVolume": 1312, "averageVolume": 2887, "averageVolume10days": 7397, "averageDailyVolume10Day": 7397, "bid": 345.85, "ask": 349.9, "bidSize": 0, "askSize": 0, "marketCap": 4148713728, "fiftyTwoWeekLow": 130.0, "fiftyTwoWeekHigh": 372.05, "fiftyDayAverage": 261.61514, "twoHundredDayAverage": 225.41434, "trailingAnnualDividendRate": 4.5, "trailingAnnualDividendYield": 0.012820513, "currency": "INR", "fromCurrency": null, "lastMarket": null, "algorithm": null, "tradeable": false}, "sectorTrend": {"maxAge": 1, "symbol": null, "estimates": []}, "incomeStatementHistoryQuarterly": {"incomeStatementHistory": [{"maxAge": 1, "endDate": "2020-06-30", "totalRevenue": 1099245000, "costOfRevenue": 649791000, "grossProfit": 449454000, "researchDevelopment": {}, "sellingGeneralAdministrative": 460373000, "nonRecurring": {}, "otherOperatingExpenses": 311637000, "totalOperatingExpenses": 1580261000, "operatingIncome": -481016000, "totalOtherIncomeExpenseNet": -39982000, "ebit": -481016000, "interestExpense": -83338000, "incomeBeforeTax": -520998000, "incomeTaxExpense": -101917000, "minorityInterest": {}, "netIncomeFromContinuingOps": -419081000, "discontinuedOperations": {}, "extraordinaryItems": {}, "effectOfAccountingCharges": {}, "otherItems": {}, "netIncome": -419081000, "netIncomeApplicableToCommonShares": -419081000}, {"maxAge": 1, "endDate": "2020-03-31", "totalRevenue": 2857651000, "costOfRevenue": 2036315000, "grossProfit": 821336000, "researchDevelopment": {}, "sellingGeneralAdministrative": 574049000, "nonRecurring": {}, "otherOperatingExpenses": 217325000, "totalOperatingExpenses": 3003580000, "operatingIncome": -145929000, "totalOtherIncomeExpenseNet": -30360000, "ebit": -145929000, "interestExpense": -89441000, "incomeBeforeTax": -176289000, "incomeTaxExpense": -3194000, "minorityInterest": {}, "netIncomeFromContinuingOps": -173095000, "discontinuedOperations": {}, "extraordinaryItems": {}, "effectOfAccountingCharges": {}, "otherItems": {}, "netIncome": -173095000, "netIncomeApplicableToCommonShares": -173095000}, {"maxAge": 1, "endDate": "2019-12-31", "totalRevenue": 3162082000, "costOfRevenue": 1846966000, "grossProfit": 1315116000, "researchDevelopment": {}, "sellingGeneralAdministrative": 581424000, "nonRecurring": {}, "otherOperatingExpenses": 594282000, "totalOperatingExpenses": 3184638000, "operatingIncome": -22556000, "totalOtherIncomeExpenseNet": -51960000, "ebit": -22556000, "interestExpense": -94518000, "incomeBeforeTax": -74516000, "incomeTaxExpense": -2773000, "minorityInterest": {}, "netIncomeFromContinuingOps": -71743000, "discontinuedOperations": {}, "extraordinaryItems": {}, "effectOfAccountingCharges": {}, "otherItems": {}, "netIncome": -71743000, "netIncomeApplicableToCommonShares": -71743000}, {"maxAge": 1, "endDate": "2019-09-30", "totalRevenue": 3302515000, "costOfRevenue": 1968519000, "grossProfit": 1333996000, "researchDevelopment": {}, "sellingGeneralAdministrative": 597779000, "nonRecurring": {}, "otherOperatingExpenses": 598527000, "totalOperatingExpenses": 3324841000, "operatingIncome": -22326000, "totalOtherIncomeExpenseNet": -86080000, "ebit": -22326000, "interestExpense": -96038000, "incomeBeforeTax": -108406000, "incomeTaxExpense": -826000, "minorityInterest": {}, "netIncomeFromContinuingOps": -107580000, "discontinuedOperations": {}, "extraordinaryItems": {}, "effectOfAccountingCharges": {}, "otherItems": {}, "netIncome": -107580000, "netIncomeApplicableToCommonShares": -107580000}], "maxAge": 86400}, "cashflowStatementHistoryQuarterly": {"cashflowStatements": [{"maxAge": 1, "endDate": "2020-06-30", "netIncome": -419081000, "changeToLiabilities": 0}, {"maxAge": 1, "endDate": "2020-03-31", "netIncome": -173095000, "changeToLiabilities": 0}, {"maxAge": 1, "endDate": "2019-12-31", "netIncome": -71743000, "changeToLiabilities": 0}, {"maxAge": 1, "endDate": "2019-09-30", "netIncome": -107580000, "changeToLiabilities": 0}], "maxAge": 86400}, "insiderHolders": {"holders": [{"maxAge": 1, "name": "Lakshman (Malavika)", "relation": "Promoter", "url": "", "transactionDescription": "Acquisition", "latestTransDate": "2013-06-11", "positionDirect": 4866, "positionDirectDate": "2013-06-11"}, {"maxAge": 1, "name": "Lakshman (Pushpa)", "relation": "UNREPORTED", "url": "", "transactionDescription": "Sale", "latestTransDate": "2016-08-22", "positionDirectDate": "2016-08-22"}, {"maxAge": 1, "name": "Narayan (Shanthi)", "relation": "Promoter", "url": "", "transactionDescription": "Sale", "latestTransDate": "2018-03-01", "positionDirect": 24775, "positionDirectDate": "2018-03-01"}, {"maxAge": 1, "name": "Narayan (Suchitra)", "relation": "UNREPORTED", "url": "", "transactionDescription": "Sale", "latestTransDate": "2018-02-12", "positionDirect": 0, "positionDirectDate": "2018-02-12"}, {"maxAge": 1, "name": "Narayan (Sumant)", "relation": "Promoter", "url": "", "transactionDescription": "Sale", "latestTransDate": "2018-02-26", "positionDirect": 0, "positionDirectDate": "2018-02-26"}, {"maxAge": 1, "name": "Ramani (T G)", "relation": "Promoter", "url": "", "transactionDescription": "Other", "latestTransDate": "2019-03-01", "positionDirect": 0, "positionDirectDate": "2019-03-01"}, {"maxAge": 1, "name": "Rane Holdings Ltd", "relation": "Promoter", "url": "", "transactionDescription": "Other", "latestTransDate": "2020-03-20", "positionDirect": 1161440, "positionDirectDate": "2020-03-20"}], "maxAge": 1}, "earnings": {"maxAge": 86400, "earningsChart": {"quarterly": [{"date": "2Q2018", "actual": 11.22, "estimate": 11.86}], "currentQuarterEstimateDate": "3Q", "currentQuarterEstimateYear": 2018, "earningsDate": ["2020-08-07 05:30:S"]}, "financialsChart": {"yearly": [{"date": 2017, "revenue": 11968000000, "earnings": 43200000}, {"date": 2018, "revenue": 14006800000, "earnings": 242200000}, {"date": 2019, "revenue": 15546200000, "earnings": 24200000}, {"date": 2020, "revenue": 12770800000, "earnings": -455100000}], "quarterly": [{"date": "3Q2019", "revenue": 3302515000, "earnings": -107580000}, {"date": "4Q2019", "revenue": 3162082000, "earnings": -71743000}, {"date": "1Q2020", "revenue": 2857651000, "earnings": -173095000}, {"date": "2Q2020", "revenue": 1099245000, "earnings": -419081000}]}, "financialCurrency": "INR"}, "calendarEvents": {"maxAge": 1, "earnings": {"earningsDate": ["2020-08-07 05:30:S"], "revenueAverage": 4012650000}}, "upgradeDowngradeHistory": {"history": [], "maxAge": 86400}, "price": {"maxAge": 1, "regularMarketChangePercent": -0.012820513, "regularMarketChange": -4.5, "regularMarketTime": "2021-04-30 15:28:09", "priceHint": 2, "regularMarketPrice": 346.5, "regularMarketDayHigh": 372.05, "regularMarketDayLow": 341.75, "regularMarketVolume": 1312, "averageDailyVolume10Day": 7397, "averageDailyVolume3Month": 2887, "regularMarketPreviousClose": 351.0, "regularMarketSource": "FREE_REALTIME", "regularMarketOpen": 372.05, "exchange": "BSE", "exchangeName": "BSE", "exchangeDataDelayedBy": 0, "marketState": "CLOSED", "quoteType": "EQUITY", "symbol": "RML.BO", "underlyingSymbol": null, "shortName": "RANE (MADRAS) LTD.", "longName": "Rane (Madras) Limited", "currency": "INR", "quoteSourceName": "Delayed Quote", "currencySymbol": "\u20b9", "fromCurrency": null, "lastMarket": null, "marketCap": 4148713728}, "balanceSheetHistory": {"balanceSheetStatements": [{"maxAge": 1, "endDate": "2020-03-31", "cash": 183500000, "netReceivables": 1929000000, "inventory": 1568400000, "otherCurrentAssets": 182700000, "totalCurrentAssets": 3925600000, "longTermInvestments": 6000000, "propertyPlantEquipment": 4257600000, "goodWill": 40600000, "intangibleAssets": 5900000, "otherAssets": 982500000, "totalAssets": 9218200000, "accountsPayable": 1894400000, "shortLongTermDebt": 734700000, "otherCurrentLiab": 180500000, "longTermDebt": 1999100000, "otherLiab": 336500000, "totalCurrentLiabilities": 5007800000, "totalLiab": 7379500000, "commonStock": 125500000, "retainedEarnings": 643300000, "treasuryStock": 87900000, "capitalSurplus": 982000000, "otherStockholderEquity": 87900000, "totalStockholderEquity": 1838700000, "netTangibleAssets": 1792200000}, {"maxAge": 1, "endDate": "2019-03-31", "cash": 178100000, "netReceivables": 2510500000, "inventory": 1717900000, "otherCurrentAssets": 289300000, "totalCurrentAssets": 4733100000, "longTermInvestments": 6000000, "propertyPlantEquipment": 3942100000, "goodWill": 60300000, "intangibleAssets": 13900000, "otherAssets": 617600000, "totalAssets": 9373000000, "accountsPayable": 2159100000, "shortLongTermDebt": 523400000, "otherCurrentLiab": 140000000, "longTermDebt": 1413200000, "otherLiab": 404700000, "totalCurrentLiabilities": 5252400000, "totalLiab": 7071000000, "commonStock": 119700000, "retainedEarnings": 1236400000, "treasuryStock": 124800000, "capitalSurplus": 821100000, "otherStockholderEquity": 124800000, "totalStockholderEquity": 2302000000, "netTangibleAssets": 2227800000}, {"maxAge": 1, "endDate": "2018-03-31", "cash": 68800000, "netReceivables": 2506800000, "inventory": 1525400000, "otherCurrentAssets": 424400000, "totalCurrentAssets": 4558000000, "propertyPlantEquipment": 3951000000, "goodWill": 60300000, "intangibleAssets": 16000000, "otherAssets": 430100000, "totalAssets": 9015400000, "accountsPayable": 2560900000, "shortLongTermDebt": 205200000, "otherCurrentLiab": 121700000, "longTermDebt": 1493100000, "otherLiab": 110600000, "totalCurrentLiabilities": 5101600000, "totalLiab": 6718000000, "commonStock": 116100000, "retainedEarnings": 1401300000, "treasuryStock": 155300000, "capitalSurplus": 624700000, "otherStockholderEquity": 155300000, "totalStockholderEquity": 2297400000, "netTangibleAssets": 2221100000}, {"maxAge": 1, "endDate": "2017-03-31", "cash": 56100000, "shortTermInvestments": 1900000, "netReceivables": 1916500000, "inventory": 1263700000, "otherCurrentAssets": 307700000, "totalCurrentAssets": 3573200000, "propertyPlantEquipment": 3848800000, "goodWill": 60300000, "intangibleAssets": 16400000, "otherAssets": 366500000, "deferredLongTermAssetCharges": 9100000, "totalAssets": 7865200000, "accountsPayable": 1967700000, "shortLongTermDebt": 244500000, "otherCurrentLiab": 248900000, "longTermDebt": 1574200000, "otherLiab": 100500000, "totalCurrentLiabilities": 4591500000, "totalLiab": 6293200000, "commonStock": 105100000, "retainedEarnings": 1370600000, "treasuryStock": 60600000, "capitalSurplus": 35700000, "otherStockholderEquity": 60600000, "totalStockholderEquity": 1572000000, "netTangibleAssets": 1495300000}], "maxAge": 86400}, "earningsTrend": {"trend": [{"maxAge": 1, "period": "0q", "endDate": "2018-09-30", "growth": {}, "earningsEstimate": {"avg": 0.0, "low": 0.0, "high": 0.0, "yearAgoEps": {}, "numberOfAnalysts": 0, "growth": {}}, "revenueEstimate": {"avg": 4012650000, "low": 0, "high": 0, "numberOfAnalysts": 0, "yearAgoRevenue": {}, "growth": {}}, "epsTrend": {"current": 0.0, "7daysAgo": 0.0, "30daysAgo": 0.0, "60daysAgo": 0.0, "90daysAgo": 0.0}, "epsRevisions": {"upLast7days": 0, "upLast30days": 0, "downLast30days": 0, "downLast90days": {}}}, {"maxAge": 1, "period": "+1q", "endDate": "2018-12-31", "growth": {}, "earningsEstimate": {"avg": 0.0, "low": 0.0, "high": 0.0, "yearAgoEps": {}, "numberOfAnalysts": 0, "growth": {}}, "revenueEstimate": {"avg": 0, "low": 0, "high": 0, "numberOfAnalysts": 0, "yearAgoRevenue": {}, "growth": {}}, "epsTrend": {"current": 0.0, "7daysAgo": 0.0, "30daysAgo": 0.0, "60daysAgo": 0.0, "90daysAgo": 0.0}, "epsRevisions": {"upLast7days": 0, "upLast30days": 0, "downLast30days": 0, "downLast90days": {}}}, {"maxAge": 1, "period": "0y", "endDate": "2019-03-31", "growth": {}, "earningsEstimate": {"avg": 0.0, "low": 0.0, "high": 0.0, "yearAgoEps": {}, "numberOfAnalysts": 0, "growth": {}}, "revenueEstimate": {"avg": 13910000000, "low": 13910000000, "high": 13910000000, "numberOfAnalysts": 1, "yearAgoRevenue": 13977700000, "growth": -0.005}, "epsTrend": {"current": 0.0, "7daysAgo": 50.6, "30daysAgo": 50.6, "60daysAgo": 50.6, "90daysAgo": 50.6}, "epsRevisions": {"upLast7days": 0, "upLast30days": 0, "downLast30days": 0, "downLast90days": {}}}, {"maxAge": 1, "period": "+1y", "endDate": "2020-03-31", "growth": {}, "earningsEstimate": {"avg": 0.0, "low": 0.0, "high": 0.0, "yearAgoEps": {}, "numberOfAnalysts": 0, "growth": {}}, "revenueEstimate": {"avg": 15988000000, "low": 15988000000, "high": 15988000000, "numberOfAnalysts": 1, "yearAgoRevenue": 13910000000, "growth": 0.14899999}, "epsTrend": {"current": 0.0, "7daysAgo": 74.5, "30daysAgo": 74.5, "60daysAgo": 74.5, "90daysAgo": 74.5}, "epsRevisions": {"upLast7days": 0, "upLast30days": 0, "downLast30days": 0, "downLast90days": {}}}, {"maxAge": 1, "period": "+5y", "endDate": null, "growth": {}, "earningsEstimate": {"avg": {}, "low": {}, "high": {}, "yearAgoEps": {}, "numberOfAnalysts": {}, "growth": {}}, "revenueEstimate": {"avg": {}, "low": {}, "high": {}, "numberOfAnalysts": {}, "yearAgoRevenue": {}, "growth": {}}, "epsTrend": {"current": {}, "7daysAgo": {}, "30daysAgo": {}, "60daysAgo": {}, "90daysAgo": {}}, "epsRevisions": {"upLast7days": {}, "upLast30days": {}, "downLast30days": {}, "downLast90days": {}}}, {"maxAge": 1, "period": "-5y", "endDate": null, "growth": {}, "earningsEstimate": {"avg": {}, "low": {}, "high": {}, "yearAgoEps": {}, "numberOfAnalysts": {}, "growth": {}}, "revenueEstimate": {"avg": {}, "low": {}, "high": {}, "numberOfAnalysts": {}, "yearAgoRevenue": {}, "growth": {}}, "epsTrend": {"current": {}, "7daysAgo": {}, "30daysAgo": {}, "60daysAgo": {}, "90daysAgo": {}}, "epsRevisions": {"upLast7days": {}, "upLast30days": {}, "downLast30days": {}, "downLast90days": {}}}], "maxAge": 1}, "financialData": {"maxAge": 86400, "currentPrice": 346.5, "targetHighPrice": 320.0, "targetLowPrice": 320.0, "targetMeanPrice": 320.0, "targetMedianPrice": 320.0, "recommendationKey": "none", "numberOfAnalystOpinions": 1, "grossProfits": 4869600000, "financialCurrency": "INR"}}}