{"RNBDENIMS.BO": {"cashflowStatementHistory": {"cashflowStatements": [{"maxAge": 1, "endDate": "2020-03-31", "netIncome": 33054000, "depreciation": 85603000, "changeToNetincome": 4269000, "changeToAccountReceivables": -196272000, "changeToLiabilities": 38429000, "changeToInventory": 28418000, "changeToOperatingActivities": 62239000, "totalCashFromOperatingActivities": 55740000, "capitalExpenditures": -23851000, "investments": 5565000, "otherCashflowsFromInvestingActivities": 2548000, "totalCashflowsFromInvestingActivities": -15736000, "netBorrowings": 18973000, "otherCashflowsFromFinancingActivities": -59312000, "totalCashFromFinancingActivities": -40339000, "changeInCash": -335000}, {"maxAge": 1, "endDate": "2019-03-31", "netIncome": 38813000, "depreciation": 97344000, "changeToNetincome": 47564000, "changeToAccountReceivables": 29791000, "changeToLiabilities": -30406000, "changeToInventory": -26783000, "changeToOperatingActivities": -20743000, "totalCashFromOperatingActivities": 135580000, "capitalExpenditures": -23318000, "investments": -6023000, "otherCashflowsFromInvestingActivities": 3178000, "totalCashflowsFromInvestingActivities": -26065000, "netBorrowings": -45972000, "otherCashflowsFromFinancingActivities": -64504000, "totalCashFromFinancingActivities": -110476000, "changeInCash": -961000}, {"maxAge": 1, "endDate": "2018-03-31", "netIncome": 58434000, "depreciation": 64439000, "changeToNetincome": 4967000, "changeToAccountReceivables": -218115000, "changeToLiabilities": 197465000, "changeToInventory": -121483000, "changeToOperatingActivities": -37811000, "totalCashFromOperatingActivities": -52104000, "capitalExpenditures": -4687000, "investments": -1415000, "otherCashflowsFromInvestingActivities": 2265000, "totalCashflowsFromInvestingActivities": -1915000, "netBorrowings": 97134000, "otherCashflowsFromFinancingActivities": -42562000, "totalCashFromFinancingActivities": 54572000, "changeInCash": 553000}, {"maxAge": 1, "endDate": "2017-03-31", "netIncome": -4534000, "depreciation": 81865000, "changeToNetincome": 64004000, "changeToAccountReceivables": -88983000, "changeToLiabilities": 31508000, "changeToInventory": 28029000, "changeToOperatingActivities": -36000, "totalCashFromOperatingActivities": 111853000, "capitalExpenditures": -33291000, "investments": 12050000, "otherCashflowsFromInvestingActivities": 26469000, "totalCashflowsFromInvestingActivities": 5828000, "netBorrowings": -76451000, "otherCashflowsFromFinancingActivities": -41668000, "totalCashFromFinancingActivities": -118119000, "changeInCash": -438000}], "maxAge": 86400}, "institutionOwnership": {"ownershipList": [], "maxAge": 1}, "balanceSheetHistoryQuarterly": {"balanceSheetStatements": [{"maxAge": 1, "endDate": "2020-06-30", "totalStockholderEquity": 346559000, "netTangibleAssets": 346559000}, {"maxAge": 1, "endDate": "2020-03-31", "cash": 1067000, "shortTermInvestments": 3476000, "netReceivables": 512599000, "inventory": 271151000, "otherCurrentAssets": 132646000, "totalCurrentAssets": 924802000, "longTermInvestments": 39699000, "propertyPlantEquipment": 459129000, "otherAssets": 27841000, "deferredLongTermAssetCharges": 13654000, "totalAssets": 1451471000, "accountsPayable": 194362000, "shortLongTermDebt": 112404000, "otherCurrentLiab": 191846000, "longTermDebt": 166008000, "otherLiab": 47480000, "minorityInterest": -33913000, "totalCurrentLiabilities": 925337000, "totalLiab": 1138825000, "commonStock": 139947000, "retainedEarnings": 61352000, "treasuryStock": 1016000, "capitalSurplus": 144244000, "otherStockholderEquity": 1016000, "totalStockholderEquity": 346559000, "netTangibleAssets": 346559000}, {"maxAge": 1, "endDate": "2019-12-31", "totalStockholderEquity": 412139000, "netTangibleAssets": 412139000}, {"maxAge": 1, "endDate": "2019-09-30", "cash": 642000, "shortTermInvestments": 18034000, "netReceivables": 503365000, "inventory": 219161000, "otherCurrentAssets": 91346000, "totalCurrentAssets": 832548000, "longTermInvestments": 176025000, "propertyPlantEquipment": 228139000, "otherAssets": 34803000, "totalAssets": 1271515000, "accountsPayable": 285914000, "shortLongTermDebt": 67664000, "otherCurrentLiab": 103344000, "longTermDebt": 78350000, "otherLiab": 2290000, "totalCurrentLiabilities": 778736000, "totalLiab": 859376000, "commonStock": 139947000, "treasuryStock": 272192000, "otherStockholderEquity": 272192000, "totalStockholderEquity": 412139000, "netTangibleAssets": 412139000}], "maxAge": 86400}, "indexTrend": {"maxAge": 1, "symbol": "SP5", "peRatio": 19.7411, "pegRatio": 1.34172, "estimates": [{"period": "0q", "growth": 0.549}, {"period": "+1q", "growth": 0.431}, {"period": "0y", "growth": 0.305}, {"period": "+1y", "growth": 0.109}, {"period": "+5y", "growth": 0.120859005}, {"period": "-5y"}]}, "insiderTransactions": {"transactions": [{"maxAge": 1, "shares": 240000, "filerUrl": "", "transactionText": "", "filerName": "Borana (Rajkumar Mangilal)", "filerRelation": "Chairman of the Board", "moneyText": "", "startDate": "2015-10-16", "ownership": "D"}, {"maxAge": 1, "shares": 130000, "filerUrl": "", "transactionText": "", "filerName": "Borana (Rajkumar Mangilal)", "filerRelation": "Promoter", "moneyText": "", "startDate": "2015-09-15", "ownership": "D"}, {"maxAge": 1, "shares": 180000, "filerUrl": "", "transactionText": "", "filerName": "Borana (Ankur Mangilal)", "filerRelation": "Wholetime Director", "moneyText": "", "startDate": "2015-09-14", "ownership": "D"}], "maxAge": 1}, "quoteType": {"exchange": "BSE", "quoteType": "EQUITY", "symbol": "RNBDENIMS.BO", "underlyingSymbol": "RNBDENIMS.BO", "shortName": "R&B DENIMS LTD", "longName": "R&amp;B Denims Limited", "firstTradeDateEpochUtc": "2014-04-22 09:15:00", "timeZoneFullName": "Asia/Kolkata", "timeZoneShortName": "IST", "uuid": "35039595-787e-3bc8-a852-114ced6f1800", "gmtOffSetMilliseconds": 19800000, "maxAge": 1}, "incomeStatementHistory": {"incomeStatementHistory": [{"maxAge": 1, "endDate": "2020-03-31", "totalRevenue": 2569527000, "costOfRevenue": 1967247000, "grossProfit": 602280000, "researchDevelopment": {}, "sellingGeneralAdministrative": 143695000, "nonRecurring": {}, "otherOperatingExpenses": 267805000, "totalOperatingExpenses": 2464350000, "operatingIncome": 105177000, "totalOtherIncomeExpenseNet": -51786000, "ebit": 105177000, "interestExpense": -59924000, "incomeBeforeTax": 53391000, "incomeTaxExpense": 18394000, "minorityInterest": -33913000, "netIncomeFromContinuingOps": 34997000, "discontinuedOperations": {}, "extraordinaryItems": {}, "effectOfAccountingCharges": {}, "otherItems": {}, "netIncome": 33054000, "netIncomeApplicableToCommonShares": 33054000}, {"maxAge": 1, "endDate": "2019-03-31", "totalRevenue": 2444493000, "costOfRevenue": 1884449000, "grossProfit": 560044000, "researchDevelopment": {}, "sellingGeneralAdministrative": 141092000, "nonRecurring": {}, "otherOperatingExpenses": 191741000, "totalOperatingExpenses": 2314626000, "operatingIncome": 129867000, "totalOtherIncomeExpenseNet": -63219000, "ebit": 129867000, "interestExpense": -64512000, "incomeBeforeTax": 66648000, "incomeTaxExpense": 21280000, "minorityInterest": 12678000, "netIncomeFromContinuingOps": 45368000, "discontinuedOperations": {}, "extraordinaryItems": {}, "effectOfAccountingCharges": {}, "otherItems": {}, "netIncome": 38813000, "netIncomeApplicableToCommonShares": 38813000}, {"maxAge": 1, "endDate": "2018-03-31", "totalRevenue": 2173753000, "costOfRevenue": 1802499000, "grossProfit": 371254000, "researchDevelopment": {}, "sellingGeneralAdministrative": 86790000, "nonRecurring": {}, "otherOperatingExpenses": 135961000, "totalOperatingExpenses": 2089689000, "operatingIncome": 84064000, "totalOtherIncomeExpenseNet": -13843000, "ebit": 84064000, "interestExpense": -42823000, "incomeBeforeTax": 70221000, "incomeTaxExpense": 11787000, "minorityInterest": 12678000, "netIncomeFromContinuingOps": 58434000, "discontinuedOperations": {}, "extraordinaryItems": {}, "effectOfAccountingCharges": {}, "otherItems": {}, "netIncome": 58434000, "netIncomeApplicableToCommonShares": 58434000}, {"maxAge": 1, "endDate": "2017-03-31", "totalRevenue": 2077550000, "costOfRevenue": 1733783000, "grossProfit": 343767000, "researchDevelopment": {}, "sellingGeneralAdministrative": 88154000, "nonRecurring": {}, "otherOperatingExpenses": 103377000, "totalOperatingExpenses": 2007179000, "operatingIncome": 70371000, "totalOtherIncomeExpenseNet": -65775000, "ebit": 70371000, "interestExpense": -41862000, "incomeBeforeTax": 4596000, "incomeTaxExpense": 9130000, "minorityInterest": 12678000, "netIncomeFromContinuingOps": -4534000, "discontinuedOperations": {}, "extraordinaryItems": {}, "effectOfAccountingCharges": {}, "otherItems": {}, "netIncome": -4534000, "netIncomeApplicableToCommonShares": -4534000}], "maxAge": 86400}, "fundOwnership": {"ownershipList": [], "maxAge": 1}, "summaryDetail": {"maxAge": 1, "priceHint": 2, "previousClose": 43.0, "open": 41.5, "dayLow": 41.5, "dayHigh": 45.15, "regularMarketPreviousClose": 43.0, "regularMarketOpen": 41.5, "regularMarketDayLow": 41.5, "regularMarketDayHigh": 45.15, "trailingPE": 137.41722, "volume": 6204, "regularMarketVolume": 6204, "averageVolume": 2138, "averageVolume10days": 288, "averageDailyVolume10Day": 288, "bid": 41.5, "ask": 44.0, "bidSize": 0, "askSize": 0, "marketCap": 580780032, "fiftyTwoWeekLow": 25.2, "fiftyTwoWeekHigh": 45.15, "fiftyDayAverage": 35.515152, "twoHundredDayAverage": 31.27316, "currency": "INR", "fromCurrency": null, "lastMarket": null, "algorithm": null, "tradeable": false}, "incomeStatementHistoryQuarterly": {"incomeStatementHistory": [{"maxAge": 1, "endDate": "2020-06-30", "totalRevenue": 13689000, "costOfRevenue": 500000, "grossProfit": 13189000, "researchDevelopment": {}, "sellingGeneralAdministrative": 7789000, "nonRecurring": {}, "otherOperatingExpenses": 7742000, "totalOperatingExpenses": 33946000, "operatingIncome": -20257000, "totalOtherIncomeExpenseNet": -12619000, "ebit": -20257000, "interestExpense": -14320000, "incomeBeforeTax": -32876000, "incomeTaxExpense": -8798000, "minorityInterest": {}, "netIncomeFromContinuingOps": -24078000, "discontinuedOperations": {}, "extraordinaryItems": {}, "effectOfAccountingCharges": {}, "otherItems": {}, "netIncome": -24078000, "netIncomeApplicableToCommonShares": -24078000}, {"maxAge": 1, "endDate": "2020-03-31", "totalRevenue": 580256000, "costOfRevenue": 298844000, "grossProfit": 281412000, "researchDevelopment": {}, "sellingGeneralAdministrative": 67321000, "nonRecurring": {}, "otherOperatingExpenses": 119906000, "totalOperatingExpenses": 537526000, "operatingIncome": 42730000, "totalOtherIncomeExpenseNet": -31564000, "ebit": 42730000, "interestExpense": -32874000, "incomeBeforeTax": 11166000, "incomeTaxExpense": 7983000, "minorityInterest": -33913000, "netIncomeFromContinuingOps": 3183000, "discontinuedOperations": {}, "extraordinaryItems": {}, "effectOfAccountingCharges": {}, "otherItems": {}, "netIncome": 1240000, "netIncomeApplicableToCommonShares": 1240000}, {"maxAge": 1, "endDate": "2019-12-31", "totalRevenue": 627534000, "costOfRevenue": 522174000, "grossProfit": 105360000, "researchDevelopment": {}, "sellingGeneralAdministrative": 25854000, "nonRecurring": {}, "otherOperatingExpenses": 45827000, "totalOperatingExpenses": 605468000, "operatingIncome": 22066000, "totalOtherIncomeExpenseNet": -6074000, "ebit": 22066000, "interestExpense": -9781000, "incomeBeforeTax": 15992000, "incomeTaxExpense": 3026000, "minorityInterest": -33913000, "netIncomeFromContinuingOps": 12966000, "discontinuedOperations": {}, "extraordinaryItems": {}, "effectOfAccountingCharges": {}, "otherItems": {}, "netIncome": 12966000, "netIncomeApplicableToCommonShares": 12966000}, {"maxAge": 1, "endDate": "2019-09-30", "totalRevenue": 668183000, "costOfRevenue": 551775000, "grossProfit": 116408000, "researchDevelopment": {}, "sellingGeneralAdministrative": 26130000, "nonRecurring": {}, "otherOperatingExpenses": 55185000, "totalOperatingExpenses": 644692000, "operatingIncome": 23491000, "totalOtherIncomeExpenseNet": -6209000, "ebit": 23491000, "interestExpense": -9030000, "incomeBeforeTax": 17282000, "incomeTaxExpense": 4960000, "minorityInterest": -33913000, "netIncomeFromContinuingOps": 12322000, "discontinuedOperations": {}, "extraordinaryItems": {}, "effectOfAccountingCharges": {}, "otherItems": {}, "netIncome": 12322000, "netIncomeApplicableToCommonShares": 12322000}], "maxAge": 86400}, "cashflowStatementHistoryQuarterly": {"cashflowStatements": [{"maxAge": 1, "endDate": "2020-06-30", "netIncome": -24078000, "changeToLiabilities": 0}, {"maxAge": 1, "endDate": "2020-03-31", "netIncome": 1240000, "changeToLiabilities": 0}, {"maxAge": 1, "endDate": "2019-12-31", "netIncome": 12966000, "changeToLiabilities": 0}, {"maxAge": 1, "endDate": "2019-09-30", "netIncome": 12322000, "changeToLiabilities": 0}], "maxAge": 86400}, "insiderHolders": {"holders": [{"maxAge": 1, "name": "Borana (Ankur Mangilal)", "relation": "Wholetime Director", "url": "", "transactionDescription": "Acquisition", "latestTransDate": "2015-09-14", "positionDirect": 1122918, "positionDirectDate": "2015-09-14"}, {"maxAge": 1, "name": "Borana (Rajkumar Mangilal)", "relation": "Chairman of the Board", "url": "", "transactionDescription": "Acquisition", "latestTransDate": "2015-10-16", "positionDirect": 1312921, "positionDirectDate": "2015-10-16"}], "maxAge": 1}, "calendarEvents": {"maxAge": 1, "earnings": {"earningsDate": []}}, "upgradeDowngradeHistory": {"history": [], "maxAge": 86400}, "price": {"maxAge": 1, "regularMarketChangePercent": -0.034883723, "regularMarketChange": -1.5, "regularMarketTime": "2021-04-30 15:29:58", "priceHint": 2, "regularMarketPrice": 41.5, "regularMarketDayHigh": 45.15, "regularMarketDayLow": 41.5, "regularMarketVolume": 6204, "averageDailyVolume10Day": 288, "averageDailyVolume3Month": 2138, "regularMarketPreviousClose": 43.0, "regularMarketSource": "FREE_REALTIME", "regularMarketOpen": 41.5, "exchange": "BSE", "exchangeName": "BSE", "exchangeDataDelayedBy": 0, "marketState": "CLOSED", "quoteType": "EQUITY", "symbol": "RNBDENIMS.BO", "underlyingSymbol": null, "shortName": "R&B DENIMS LTD", "longName": "R&amp;B Denims Limited", "currency": "INR", "quoteSourceName": "Delayed Quote", "currencySymbol": "\u20b9", "fromCurrency": null, "lastMarket": null, "marketCap": 580780032}, "balanceSheetHistory": {"balanceSheetStatements": [{"maxAge": 1, "endDate": "2020-03-31", "cash": 1067000, "shortTermInvestments": 3476000, "netReceivables": 512599000, "inventory": 271151000, "otherCurrentAssets": 132646000, "totalCurrentAssets": 924802000, "longTermInvestments": 39699000, "propertyPlantEquipment": 459129000, "otherAssets": 27841000, "deferredLongTermAssetCharges": 13654000, "totalAssets": 1451471000, "accountsPayable": 194362000, "shortLongTermDebt": 112404000, "otherCurrentLiab": 191846000, "longTermDebt": 166008000, "otherLiab": 47480000, "minorityInterest": -33913000, "totalCurrentLiabilities": 925337000, "totalLiab": 1138825000, "commonStock": 139947000, "retainedEarnings": 61352000, "treasuryStock": 1016000, "capitalSurplus": 144244000, "otherStockholderEquity": 1016000, "totalStockholderEquity": 346559000, "netTangibleAssets": 346559000}, {"maxAge": 1, "endDate": "2019-03-31", "cash": 1403000, "shortTermInvestments": 23175000, "netReceivables": 317273000, "inventory": 299569000, "otherCurrentAssets": 116081000, "totalCurrentAssets": 759450000, "longTermInvestments": 25566000, "propertyPlantEquipment": 521154000, "otherAssets": 33713000, "deferredLongTermAssetCharges": 12698000, "totalAssets": 1339883000, "accountsPayable": 155998000, "shortLongTermDebt": 139837000, "otherCurrentLiab": 59019000, "longTermDebt": 234437000, "otherLiab": 2243000, "minorityInterest": 12678000, "totalCurrentLiabilities": 697427000, "totalLiab": 934107000, "commonStock": 139947000, "retainedEarnings": 108560000, "treasuryStock": 347000, "capitalSurplus": 144244000, "otherStockholderEquity": 347000, "totalStockholderEquity": 393098000, "netTangibleAssets": 393098000}, {"maxAge": 1, "endDate": "2018-03-31", "cash": 1251000, "shortTermInvestments": 19315000, "netReceivables": 352963000, "inventory": 243935000, "otherCurrentAssets": 63724000, "totalCurrentAssets": 682976000, "longTermInvestments": 153276000, "propertyPlantEquipment": 260826000, "otherAssets": 14933000, "deferredLongTermAssetCharges": 8826000, "totalAssets": 1112011000, "accountsPayable": 287171000, "shortLongTermDebt": 82492000, "otherCurrentLiab": 28635000, "longTermDebt": 168852000, "otherLiab": 1296000, "totalCurrentLiabilities": 582845000, "totalLiab": 752993000, "commonStock": 139946000, "retainedEarnings": 74685000, "treasuryStock": 143000, "capitalSurplus": 144244000, "otherStockholderEquity": 143000, "totalStockholderEquity": 359018000, "netTangibleAssets": 359018000}, {"maxAge": 1, "endDate": "2017-03-31", "cash": 698000, "shortTermInvestments": 17473000, "netReceivables": 134848000, "inventory": 122452000, "otherCurrentAssets": 28082000, "totalCurrentAssets": 305146000, "longTermInvestments": 124602000, "propertyPlantEquipment": 322499000, "otherAssets": 11026000, "deferredLongTermAssetCharges": 4949000, "totalAssets": 763273000, "accountsPayable": 89706000, "shortLongTermDebt": 82492000, "otherCurrentLiab": 32001000, "longTermDebt": 232449000, "otherLiab": 1044000, "totalCurrentLiabilities": 229598000, "totalLiab": 463091000, "commonStock": 139947000, "retainedEarnings": 16251000, "treasuryStock": -260000, "capitalSurplus": 144244000, "otherStockholderEquity": -260000, "totalStockholderEquity": 300182000, "netTangibleAssets": 300182000}], "maxAge": 86400}, "financialData": {"maxAge": 86400, "currentPrice": 41.5, "recommendationKey": "none", "grossProfits": 602280000, "financialCurrency": "INR"}}}