{"RODIUM.BO": {"cashflowStatementHistory": {"cashflowStatements": [{"maxAge": 1, "endDate": "2020-03-31", "netIncome": 1384677, "depreciation": 1058646, "changeToNetincome": 20637605, "changeToAccountReceivables": -144540212, "changeToLiabilities": -18048189, "changeToInventory": 137781896, "changeToOperatingActivities": 256621505, "totalCashFromOperatingActivities": 254986704, "capitalExpenditures": -1695764, "investments": -6824150, "otherCashflowsFromInvestingActivities": 10720173, "totalCashflowsFromInvestingActivities": 709428, "dividendsPaid": -3247900, "netBorrowings": -158915218, "otherCashflowsFromFinancingActivities": -48382801, "totalCashFromFinancingActivities": -210545919, "changeInCash": 45150213}, {"maxAge": 1, "endDate": "2019-03-31", "netIncome": 21704375, "depreciation": 1024854, "changeToNetincome": 10687113, "changeToAccountReceivables": -2443936, "changeToLiabilities": 17153904, "changeToInventory": -130977093, "changeToOperatingActivities": -45273929, "totalCashFromOperatingActivities": -127941322, "capitalExpenditures": -749980, "investments": -1926896, "otherCashflowsFromInvestingActivities": 9887304, "totalCashflowsFromInvestingActivities": 6012128, "dividendsPaid": -2598320, "netBorrowings": 118113125, "otherCashflowsFromFinancingActivities": -54356, "totalCashFromFinancingActivities": 115460449, "changeInCash": -6468746}, {"maxAge": 1, "endDate": "2018-03-31", "netIncome": 2659707, "depreciation": 1002031, "changeToNetincome": 2247888, "changeToAccountReceivables": -74866124, "changeToLiabilities": 20905939, "changeToInventory": -122339243, "changeToOperatingActivities": -12108760, "totalCashFromOperatingActivities": -182306706, "capitalExpenditures": -1051334, "investments": 18969113, "otherCashflowsFromInvestingActivities": 13084662, "totalCashflowsFromInvestingActivities": 20387941, "dividendsPaid": -3247899, "netBorrowings": 129076953, "otherCashflowsFromFinancingActivities": 9589610, "totalCashFromFinancingActivities": 135418664, "changeInCash": -26500100}, {"maxAge": 1, "endDate": "2017-03-31", "netIncome": 8061332, "depreciation": 651079, "changeToNetincome": 1764745, "changeToAccountReceivables": -90003723, "changeToLiabilities": 4416771, "changeToInventory": 281360897, "changeToOperatingActivities": -135371733, "totalCashFromOperatingActivities": 71089659, "capitalExpenditures": -1108692, "investments": 16056277, "otherCashflowsFromInvestingActivities": 15473991, "totalCashflowsFromInvestingActivities": 30589076, "dividendsPaid": -3121073, "netBorrowings": -46870554, "otherCashflowsFromFinancingActivities": 6985173, "totalCashFromFinancingActivities": -43006454, "changeInCash": 58672281}], "maxAge": 86400}, "institutionOwnership": {"maxAge": 1, "ownershipList": []}, "balanceSheetHistoryQuarterly": {"balanceSheetStatements": [{"maxAge": 1, "endDate": "2020-06-30", "totalStockholderEquity": 159927946, "netTangibleAssets": 159857882}, {"maxAge": 1, "endDate": "2020-03-31", "cash": 28781505, "shortTermInvestments": 6601270, "netReceivables": 200636305, "inventory": 688404143, "otherCurrentAssets": 44465048, "totalCurrentAssets": 1013331582, "longTermInvestments": 140580851, "propertyPlantEquipment": 1279172, "intangibleAssets": 70064, "otherAssets": 2708055, "deferredLongTermAssetCharges": 1182055, "totalAssets": 1157969724, "accountsPayable": 52248458, "shortLongTermDebt": 46000000, "otherCurrentLiab": 50419836, "longTermDebt": 220962652, "otherLiab": 3850084, "minorityInterest": 2850227, "totalCurrentLiabilities": 770378815, "totalLiab": 995191551, "commonStock": 32479000, "retainedEarnings": 48038039, "treasuryStock": 79410907, "otherStockholderEquity": 79410907, "totalStockholderEquity": 159927946, "netTangibleAssets": 159857882}, {"maxAge": 1, "endDate": "2019-12-31", "totalStockholderEquity": 122707000, "netTangibleAssets": 122640000}, {"maxAge": 1, "endDate": "2019-09-30", "cash": 155987000, "shortTermInvestments": 51149000, "netReceivables": 200744000, "inventory": 755142000, "otherCurrentAssets": 33981000, "totalCurrentAssets": 1197003000, "longTermInvestments": 12380000, "propertyPlantEquipment": 1587000, "intangibleAssets": 67000, "otherAssets": 2057000, "deferredLongTermAssetCharges": 644000, "totalAssets": 1213094000, "accountsPayable": 20383000, "shortLongTermDebt": 3435000, "otherCurrentLiab": 79592000, "longTermDebt": 359214000, "otherLiab": 4288000, "minorityInterest": 2852000, "totalCurrentLiabilities": 724033000, "totalLiab": 1087535000, "commonStock": 32479000, "treasuryStock": 90228000, "otherStockholderEquity": 90228000, "totalStockholderEquity": 122707000, "netTangibleAssets": 122640000}], "maxAge": 86400}, "indexTrend": {"maxAge": 1, "symbol": "SP5", "peRatio": 19.7411, "pegRatio": 1.34172, "estimates": [{"period": "0q", "growth": 0.549}, {"period": "+1q", "growth": 0.431}, {"period": "0y", "growth": 0.305}, {"period": "+1y", "growth": 0.109}, {"period": "+5y", "growth": 0.120859005}, {"period": "-5y"}]}, "insiderTransactions": {"transactions": [{"maxAge": 1, "shares": 2000, "filerUrl": "", "transactionText": "", "filerName": "Chheda (Deepak)", "filerRelation": "Chairman of the Board", "moneyText": "", "startDate": "2014-06-05", "ownership": "D"}, {"maxAge": 1, "shares": 1000, "filerUrl": "", "transactionText": "", "filerName": "Dedhia (Rohit Keshavji)", "filerRelation": "Director (Executive)", "moneyText": "", "startDate": "2014-03-26", "ownership": "D"}, {"maxAge": 1, "shares": 1300, "filerUrl": "", "transactionText": "", "filerName": "Chheda (Deepak)", "filerRelation": "Chairman of the Board", "moneyText": "", "startDate": "2014-03-26", "ownership": "D"}, {"maxAge": 1, "shares": 4000, "filerUrl": "", "transactionText": "", "filerName": "Chheda (Deepak)", "filerRelation": "Chairman of the Board", "moneyText": "", "startDate": "2014-01-30", "ownership": "D"}, {"maxAge": 1, "shares": 1000, "filerUrl": "", "transactionText": "", "filerName": "Dedhia (Rohit Keshavji)", "filerRelation": "Director (Executive)", "moneyText": "", "startDate": "2014-01-29", "ownership": "D"}, {"maxAge": 1, "shares": 1000, "filerUrl": "", "transactionText": "", "filerName": "Chheda (Deepak)", "filerRelation": "Chairman of the Board", "moneyText": "", "startDate": "2013-09-27", "ownership": "D"}, {"maxAge": 1, "shares": 5000, "filerUrl": "", "transactionText": "", "filerName": "Nisar (Harish Damji)", "filerRelation": "Director (Executive)", "moneyText": "", "startDate": "2013-09-26", "ownership": "D"}, {"maxAge": 1, "shares": 1750, "filerUrl": "", "transactionText": "", "filerName": "Chheda (Deepak)", "filerRelation": "Chairman of the Board", "moneyText": "", "startDate": "2013-09-20", "ownership": "D"}, {"maxAge": 1, "shares": 1000, "filerUrl": "", "transactionText": "", "filerName": "Chheda (Deepak)", "filerRelation": "Chairman of the Board", "moneyText": "", "startDate": "2013-09-19", "ownership": "D"}, {"maxAge": 1, "shares": 3000, "filerUrl": "", "transactionText": "", "filerName": "Dedhia (Rohit Keshavji)", "filerRelation": "Director (Executive)", "moneyText": "", "startDate": "2013-09-16", "ownership": "D"}, {"maxAge": 1, "shares": 900, "filerUrl": "", "transactionText": "", "filerName": "Dedhia (Rohit Keshavji)", "filerRelation": "Director (Executive)", "moneyText": "", "startDate": "2013-06-26", "ownership": "D"}, {"maxAge": 1, "shares": 1000, "filerUrl": "", "transactionText": "", "filerName": "Dedhia (Rohit Keshavji)", "filerRelation": "Director (Executive)", "moneyText": "", "startDate": "2013-06-25", "ownership": "D"}, {"maxAge": 1, "shares": 1100, "filerUrl": "", "transactionText": "", "filerName": "Dedhia (Rohit Keshavji)", "filerRelation": "Director (Executive)", "moneyText": "", "startDate": "2013-06-21", "ownership": "D"}, {"maxAge": 1, "shares": 3000, "filerUrl": "", "transactionText": "", "filerName": "Nisar (Harish Damji)", "filerRelation": "Director (Executive)", "moneyText": "", "startDate": "2013-06-07", "ownership": "D"}, {"maxAge": 1, "shares": 7000, "filerUrl": "", "transactionText": "", "filerName": "Chheda (Deepak)", "filerRelation": "Chairman of the Board", "moneyText": "", "startDate": "2013-03-21", "ownership": "D"}, {"maxAge": 1, "shares": 1000, "filerUrl": "", "transactionText": "", "filerName": "Nisar (Harish Damji)", "filerRelation": "Director (Executive)", "moneyText": "", "startDate": "2011-09-09", "ownership": "D"}, {"maxAge": 1, "shares": 1000, "filerUrl": "", "transactionText": "", "filerName": "Shah (Shailesh Damji)", "filerRelation": "Director (Executive)", "moneyText": "", "startDate": "2011-09-09", "ownership": "D"}, {"maxAge": 1, "shares": 1000, "filerUrl": "", "transactionText": "", "filerName": "Dedhia (Rohit Keshavji)", "filerRelation": "Director (Executive)", "moneyText": "", "startDate": "2011-09-09", "ownership": "D"}, {"maxAge": 1, "shares": 1000, "filerUrl": "", "transactionText": "", "filerName": "Chheda (Deepak)", "filerRelation": "Chairman of the Board", "moneyText": "", "startDate": "2011-09-09", "ownership": "D"}, {"maxAge": 1, "shares": 309784, "filerUrl": "", "transactionText": "", "filerName": "Nisar (Harish Damji)", "filerRelation": "Director (Executive)", "moneyText": "", "startDate": "2009-11-30", "ownership": "D"}, {"maxAge": 1, "shares": 309784, "filerUrl": "", "transactionText": "", "filerName": "Dedhia (Rohit Keshavji)", "filerRelation": "Director (Executive)", "moneyText": "", "startDate": "2009-11-30", "ownership": "D"}, {"maxAge": 1, "shares": 587521, "filerUrl": "", "transactionText": "", "filerName": "Shah (Shailesh Damji)", "filerRelation": "Director (Executive)", "moneyText": "", "startDate": "2009-11-30", "ownership": "D"}, {"maxAge": 1, "shares": 929351, "filerUrl": "", "transactionText": "", "filerName": "Chheda (Deepak)", "filerRelation": "Chairman of the Board", "moneyText": "", "startDate": "2009-11-30", "ownership": "D"}], "maxAge": 1}, "quoteType": {"exchange": "BSE", "quoteType": "EQUITY", "symbol": "RODIUM.BO", "underlyingSymbol": "RODIUM.BO", "shortName": "RODIUM REALTY LIMITED", "longName": "Rodium Realty Limited", "firstTradeDateEpochUtc": "2008-03-17 09:15:00", "timeZoneFullName": "Asia/Kolkata", "timeZoneShortName": "IST", "uuid": "c48783df-de5b-397d-b523-fd1c40438e13", "messageBoardId": null, "gmtOffSetMilliseconds": 19800000, "maxAge": 1}, "incomeStatementHistory": {"incomeStatementHistory": [{"maxAge": 1, "endDate": "2020-03-31", "totalRevenue": 378545716, "costOfRevenue": 305239318, "grossProfit": 73306398, "researchDevelopment": {}, "sellingGeneralAdministrative": 19144105, "nonRecurring": {}, "otherOperatingExpenses": 33553421, "totalOperatingExpenses": 359086266, "operatingIncome": 19459450, "totalOtherIncomeExpenseNet": -16369940, "ebit": 19459450, "interestExpense": -33337365, "incomeBeforeTax": 3089510, "incomeTaxExpense": 1706977, "minorityInterest": 2850227, "netIncomeFromContinuingOps": 1382533, "discontinuedOperations": {}, "extraordinaryItems": {}, "effectOfAccountingCharges": {}, "otherItems": {}, "netIncome": 1384677, "netIncomeApplicableToCommonShares": 1384677}, {"maxAge": 1, "endDate": "2019-03-31", "totalRevenue": 396271872, "costOfRevenue": 317611121, "grossProfit": 78660751, "researchDevelopment": {}, "sellingGeneralAdministrative": 14983129, "nonRecurring": {}, "otherOperatingExpenses": 21626942, "totalOperatingExpenses": 355429436, "operatingIncome": 40842436, "totalOtherIncomeExpenseNet": -6785185, "ebit": 40842436, "interestExpense": -18257344, "incomeBeforeTax": 34057251, "incomeTaxExpense": 12368267, "minorityInterest": 2850321, "netIncomeFromContinuingOps": 21688984, "discontinuedOperations": {}, "extraordinaryItems": {}, "effectOfAccountingCharges": {}, "otherItems": {}, "netIncome": 21704375, "netIncomeApplicableToCommonShares": 21704375}, {"maxAge": 1, "endDate": "2018-03-31", "totalRevenue": 295793648, "costOfRevenue": 246084014, "grossProfit": 49709634, "researchDevelopment": {}, "sellingGeneralAdministrative": 20586248, "nonRecurring": {}, "otherOperatingExpenses": 20863316, "totalOperatingExpenses": 288727465, "operatingIncome": 7066183, "totalOtherIncomeExpenseNet": -386284, "ebit": 7066183, "interestExpense": -18304491, "incomeBeforeTax": 6679899, "incomeTaxExpense": 4031480, "minorityInterest": 2865712, "netIncomeFromContinuingOps": 2648419, "discontinuedOperations": {}, "extraordinaryItems": {}, "effectOfAccountingCharges": {}, "otherItems": {}, "netIncome": 2659707, "netIncomeApplicableToCommonShares": 2659707}, {"maxAge": 1, "endDate": "2017-03-31", "totalRevenue": 493587735, "costOfRevenue": 428826283, "grossProfit": 64761452, "researchDevelopment": {}, "sellingGeneralAdministrative": 23721510, "nonRecurring": {}, "otherOperatingExpenses": 18934733, "totalOperatingExpenses": 472343896, "operatingIncome": 21243839, "totalOtherIncomeExpenseNet": -7666784, "ebit": 21243839, "interestExpense": -19911532, "incomeBeforeTax": 13577055, "incomeTaxExpense": 5515723, "minorityInterest": 2865712, "netIncomeFromContinuingOps": 8061332, "discontinuedOperations": {}, "extraordinaryItems": {}, "effectOfAccountingCharges": {}, "otherItems": {}, "netIncome": 8061332, "netIncomeApplicableToCommonShares": 8061332}], "maxAge": 86400}, "fundOwnership": {"maxAge": 1, "ownershipList": []}, "summaryDetail": {"maxAge": 1, "priceHint": 2, "previousClose": 65.05, "open": 69.95, "dayLow": 61.1, "dayHigh": 69.95, "regularMarketPreviousClose": 65.05, "regularMarketOpen": 69.95, "regularMarketDayLow": 61.1, "regularMarketDayHigh": 69.95, "volume": 182, "regularMarketVolume": 182, "averageVolume": 849, "averageVolume10days": 254, "averageDailyVolume10Day": 254, "bid": 61.85, "ask": 66.0, "bidSize": 0, "askSize": 0, "marketCap": 200882608, "fiftyTwoWeekLow": 55.3, "fiftyTwoWeekHigh": 116.0, "fiftyDayAverage": 67.25857, "twoHundredDayAverage": 81.37956, "trailingAnnualDividendRate": 1.0, "trailingAnnualDividendYield": 0.015372789, "currency": "INR", "fromCurrency": null, "toCurrency": null, "lastMarket": null, "algorithm": null, "tradeable": false}, "incomeStatementHistoryQuarterly": {"incomeStatementHistory": [{"maxAge": 1, "endDate": "2020-06-30", "totalRevenue": 19503000, "costOfRevenue": 16469000, "grossProfit": 3034000, "researchDevelopment": {}, "sellingGeneralAdministrative": 1796000, "nonRecurring": {}, "otherOperatingExpenses": 9243000, "totalOperatingExpenses": 27765000, "operatingIncome": -8262000, "totalOtherIncomeExpenseNet": -2057000, "ebit": -8262000, "interestExpense": -7633000, "incomeBeforeTax": -10319000, "incomeTaxExpense": 1270000, "minorityInterest": {}, "netIncomeFromContinuingOps": -11589000, "discontinuedOperations": {}, "extraordinaryItems": {}, "effectOfAccountingCharges": {}, "otherItems": {}, "netIncome": -11589000, "netIncomeApplicableToCommonShares": -11589000}, {"maxAge": 1, "endDate": "2020-03-31", "totalRevenue": 94545716, "costOfRevenue": 80858318, "grossProfit": 13687398, "researchDevelopment": {}, "sellingGeneralAdministrative": 11729105, "nonRecurring": {}, "otherOperatingExpenses": -13120579, "totalOperatingExpenses": 79769266, "operatingIncome": 14776450, "totalOtherIncomeExpenseNet": -9106940, "ebit": 14776450, "interestExpense": -8225365, "incomeBeforeTax": 5669510, "incomeTaxExpense": 1130977, "minorityInterest": 2850227, "netIncomeFromContinuingOps": 4538533, "discontinuedOperations": {}, "extraordinaryItems": {}, "effectOfAccountingCharges": {}, "otherItems": {}, "netIncome": 4540677, "netIncomeApplicableToCommonShares": 4540677}, {"maxAge": 1, "endDate": "2019-12-31", "totalRevenue": 63916000, "costOfRevenue": 46280000, "grossProfit": 17636000, "researchDevelopment": {}, "sellingGeneralAdministrative": 2672000, "nonRecurring": {}, "otherOperatingExpenses": 10557000, "totalOperatingExpenses": 59808000, "operatingIncome": 4108000, "totalOtherIncomeExpenseNet": -6812000, "ebit": 4108000, "interestExpense": -10031000, "incomeBeforeTax": -2704000, "incomeTaxExpense": 70000, "minorityInterest": 2850227, "netIncomeFromContinuingOps": -2774000, "discontinuedOperations": {}, "extraordinaryItems": {}, "effectOfAccountingCharges": {}, "otherItems": {}, "netIncome": -2774000, "netIncomeApplicableToCommonShares": -2774000}, {"maxAge": 1, "endDate": "2019-09-30", "totalRevenue": 70319000, "costOfRevenue": 50271000, "grossProfit": 20048000, "researchDevelopment": {}, "sellingGeneralAdministrative": 2054000, "nonRecurring": {}, "otherOperatingExpenses": 23405000, "totalOperatingExpenses": 76021000, "operatingIncome": -5702000, "totalOtherIncomeExpenseNet": 2327000, "ebit": -5702000, "interestExpense": -9101000, "incomeBeforeTax": -3375000, "incomeTaxExpense": -705000, "minorityInterest": 2852000, "netIncomeFromContinuingOps": -2670000, "discontinuedOperations": {}, "extraordinaryItems": {}, "effectOfAccountingCharges": {}, "otherItems": {}, "netIncome": -2670000, "netIncomeApplicableToCommonShares": -2670000}], "maxAge": 86400}, "cashflowStatementHistoryQuarterly": {"cashflowStatements": [{"maxAge": 1, "endDate": "2020-06-30", "netIncome": -11589000, "changeToLiabilities": 0}, {"maxAge": 1, "endDate": "2020-03-31", "netIncome": 4540677, "changeToLiabilities": 0}, {"maxAge": 1, "endDate": "2019-12-31", "netIncome": -2774000, "changeToLiabilities": 0}, {"maxAge": 1, "endDate": "2019-09-30", "netIncome": -2670000, "changeToLiabilities": 0}], "maxAge": 86400}, "insiderHolders": {"holders": [{"maxAge": 1, "name": "Chheda (Deepak)", "relation": "Chairman of the Board", "url": "", "transactionDescription": "Acquisition", "latestTransDate": "2014-06-05", "positionDirect": 948401, "positionDirectDate": "2014-06-05"}, {"maxAge": 1, "name": "Dedhia (Rohit Keshavji)", "relation": "Director (Executive)", "url": "", "transactionDescription": "Acquisition", "latestTransDate": "2014-03-26", "positionDirect": 318784, "positionDirectDate": "2014-03-26"}, {"maxAge": 1, "name": "Nisar (Harish Damji)", "relation": "Director (Executive)", "url": "", "transactionDescription": "Acquisition", "latestTransDate": "2013-09-26", "positionDirect": 318784, "positionDirectDate": "2013-09-26"}, {"maxAge": 1, "name": "Shah (Shailesh Damji)", "relation": "Director (Executive)", "url": "", "transactionDescription": "Acquisition", "latestTransDate": "2011-09-09", "positionDirect": 588521, "positionDirectDate": "2011-09-09"}], "maxAge": 1}, "calendarEvents": {"maxAge": 1, "earnings": {"earningsDate": ["2020-09-15 05:30:S"]}}, "price": {"maxAge": 1, "regularMarketChangePercent": -0.049192995, "regularMarketChange": -3.2000046, "regularMarketTime": "2021-04-30 15:29:59", "priceHint": 2, "regularMarketPrice": 61.85, "regularMarketDayHigh": 69.95, "regularMarketDayLow": 61.1, "regularMarketVolume": 182, "averageDailyVolume10Day": 254, "averageDailyVolume3Month": 849, "regularMarketPreviousClose": 65.05, "regularMarketSource": "FREE_REALTIME", "regularMarketOpen": 69.95, "exchange": "BSE", "exchangeName": "BSE", "exchangeDataDelayedBy": 0, "marketState": "CLOSED", "quoteType": "EQUITY", "symbol": "RODIUM.BO", "underlyingSymbol": null, "shortName": "RODIUM REALTY LIMITED", "longName": "Rodium Realty Limited", "currency": "INR", "quoteSourceName": "Delayed Quote", "currencySymbol": "\u20b9", "fromCurrency": null, "toCurrency": null, "lastMarket": null, "marketCap": 200882608}, "balanceSheetHistory": {"balanceSheetStatements": [{"maxAge": 1, "endDate": "2020-03-31", "cash": 28781505, "shortTermInvestments": 6601270, "netReceivables": 200636305, "inventory": 688404143, "otherCurrentAssets": 44465048, "totalCurrentAssets": 1013331582, "longTermInvestments": 140580851, "propertyPlantEquipment": 1279172, "intangibleAssets": 70064, "otherAssets": 2708055, "deferredLongTermAssetCharges": 1182055, "totalAssets": 1157969724, "accountsPayable": 52248458, "shortLongTermDebt": 46000000, "otherCurrentLiab": 50419836, "longTermDebt": 220962652, "otherLiab": 3850084, "minorityInterest": 2850227, "totalCurrentLiabilities": 770378815, "totalLiab": 995191551, "commonStock": 32479000, "retainedEarnings": 48038039, "treasuryStock": 79410907, "otherStockholderEquity": 79410907, "totalStockholderEquity": 159927946, "netTangibleAssets": 159857882}, {"maxAge": 1, "endDate": "2019-03-31", "cash": 12155189, "shortTermInvestments": 7125850, "netReceivables": 304530095, "inventory": 826186039, "otherCurrentAssets": 39927628, "totalCurrentAssets": 1207953453, "longTermInvestments": 134166913, "propertyPlantEquipment": 1570853, "intangibleAssets": 58040, "otherAssets": 2177887, "deferredLongTermAssetCharges": 1177887, "totalAssets": 1345927146, "accountsPayable": 70296648, "shortLongTermDebt": 160551473, "otherCurrentLiab": 44872866, "longTermDebt": 296193224, "otherLiab": 3724990, "minorityInterest": 2850321, "totalCurrentLiabilities": 916228503, "totalLiab": 1216146717, "commonStock": 32479000, "retainedEarnings": 50586559, "treasuryStock": 43864549, "otherStockholderEquity": 43864549, "totalStockholderEquity": 126930108, "netTangibleAssets": 126872068}, {"maxAge": 1, "endDate": "2018-03-31", "cash": 20243655, "shortTermInvestments": 47063527, "netReceivables": 202877700, "inventory": 695208946, "otherCurrentAssets": 49579568, "totalCurrentAssets": 1033796381, "longTermInvestments": 95024350, "propertyPlantEquipment": 2545727, "intangibleAssets": 241430, "otherAssets": 1375616, "deferredLongTermAssetCharges": 1075617, "totalAssets": 1132983504, "accountsPayable": 53142744, "shortLongTermDebt": 41151022, "otherCurrentLiab": 3189069, "longTermDebt": 307899070, "otherLiab": 3218502, "minorityInterest": 2865712, "totalCurrentLiabilities": 710791223, "totalLiab": 1021908795, "commonStock": 32479000, "retainedEarnings": 32009522, "treasuryStock": 43720475, "otherStockholderEquity": 43720475, "totalStockholderEquity": 108208997, "netTangibleAssets": 107967567}, {"maxAge": 1, "endDate": "2017-03-31", "cash": 5383799, "shortTermInvestments": 63644555, "netReceivables": 114193394, "inventory": 572869703, "otherCurrentAssets": 38503931, "totalCurrentAssets": 855115348, "longTermInvestments": 95245250, "propertyPlantEquipment": 2496424, "intangibleAssets": 433286, "otherAssets": 4036554, "deferredLongTermAssetCharges": 3736555, "totalAssets": 957326862, "accountsPayable": 32236805, "shortLongTermDebt": 31583897, "otherCurrentLiab": 8673965, "longTermDebt": 179686915, "otherLiab": 2307867, "totalCurrentLiabilities": 665939283, "totalLiab": 847934065, "commonStock": 32479000, "retainedEarnings": 33258911, "treasuryStock": 43654886, "otherStockholderEquity": 43654886, "totalStockholderEquity": 109392797, "netTangibleAssets": 108959511}], "maxAge": 86400}, "financialData": {"maxAge": 86400, "currentPrice": 61.85, "recommendationKey": "none", "grossProfits": 73306398, "financialCurrency": "INR"}}}