{"ROHITFERRO.NS": {"assetProfile": {"address1": "SKP House", "address2": "132A, S. P. Mukherjee Road", "city": "Kolkata", "zip": "700026", "country": "India", "phone": "91 33 4016 8000", "fax": "91 33 4016 8191", "website": "http://www.rohitferrotech.com", "industry": "Steel", "sector": "Basic Materials", "longBusinessSummary": "Rohit Ferro-Tech Limited, together with its subsidiaries, manufactures and sells ferro alloys in India and internationally. The company operates through two segments, Ferro Alloys and Minerals, and Iron and Steel. It offers high carbon ferro manganese, ferro chrome, ferro chrome chips, and ferro chrome fines; silico manganese; and ferro silicon for use in the production of steel. The company also produces stainless steel products, such as cast billets and ingots, rounds/bars, squares and hexagonal bars, and wire rods. Rohit Ferro-Tech Limited was incorporated in 2000 and is based in Kolkata, India.", "fullTimeEmployees": 410, "companyOfficers": [{"maxAge": 1, "name": "Mr. Vipul  Jain", "title": "Chief Financial Officer", "fiscalYear": 2020, "totalPay": 813008, "exercisedValue": 0, "unexercisedValue": 0}, {"maxAge": 1, "name": "Mr. Anil Prasad Shaw", "title": "Compliance & Nodal Officer and Company Sec.", "fiscalYear": 2020, "totalPay": 580800, "exercisedValue": 0, "unexercisedValue": 0}, {"maxAge": 1, "name": "Mr. Ranjeet Kumar Burnwal", "age": 53, "title": "Exec. Director", "yearBorn": 1967, "fiscalYear": 2020, "totalPay": 2568000, "exercisedValue": 0, "unexercisedValue": 0}, {"maxAge": 1, "name": "Mr. Ankit  Patni", "age": 35, "title": "MD & Exec. Director", "yearBorn": 1985, "fiscalYear": 2019, "exercisedValue": 0, "unexercisedValue": 0}], "compensationAsOfEpochDate": "2020-12-31 05:30:00", "maxAge": 86400}, "cashflowStatementHistory": {"cashflowStatements": [{"maxAge": 1, "endDate": "2020-03-31", "netIncome": -6794926000, "depreciation": 331278000, "changeToNetincome": 1338535000, "changeToAccountReceivables": 3734390000, "changeToLiabilities": 884211000, "changeToInventory": 466492000, "changeToOperatingActivities": 4771000, "totalCashFromOperatingActivities": -35249000, "capitalExpenditures": -22000, "otherCashflowsFromInvestingActivities": 12354000, "totalCashflowsFromInvestingActivities": 448940000, "netBorrowings": -569199000, "otherCashflowsFromFinancingActivities": 158756000, "totalCashFromFinancingActivities": -410443000, "changeInCash": 3248000}, {"maxAge": 1, "endDate": "2019-03-31", "netIncome": -1922501000, "depreciation": 335665000, "changeToNetincome": 211558000, "changeToAccountReceivables": 931048000, "changeToLiabilities": -22851000, "changeToInventory": 292480000, "changeToOperatingActivities": 174627000, "totalCashFromOperatingActivities": 26000, "capitalExpenditures": -717000, "otherCashflowsFromInvestingActivities": 11350000, "totalCashflowsFromInvestingActivities": 16925000, "netBorrowings": 206261000, "otherCashflowsFromFinancingActivities": -314121000, "totalCashFromFinancingActivities": -107860000, "changeInCash": -90909000}, {"maxAge": 1, "endDate": "2018-03-31", "netIncome": -4574697000, "depreciation": 342916000, "changeToNetincome": 480245000, "changeToAccountReceivables": 1095396000, "changeToLiabilities": -1590770000, "changeToInventory": 2455381000, "changeToOperatingActivities": 3524431000, "totalCashFromOperatingActivities": 1732902000, "capitalExpenditures": -8344000, "investments": 30517000, "otherCashflowsFromInvestingActivities": 835735000, "totalCashflowsFromInvestingActivities": 857908000, "netBorrowings": -2471097000, "otherCashflowsFromFinancingActivities": -103664000, "totalCashFromFinancingActivities": -2574761000, "changeInCash": 16049000}, {"maxAge": 1, "endDate": "2017-03-31", "netIncome": -3401826000, "depreciation": 347415000, "changeToNetincome": -149588000, "changeToAccountReceivables": 1274385000, "changeToLiabilities": 102658000, "changeToInventory": 2792882000, "changeToOperatingActivities": 2916667000, "totalCashFromOperatingActivities": 3882593000, "capitalExpenditures": -69960000, "investments": 30517000, "otherCashflowsFromInvestingActivities": 6158000, "totalCashflowsFromInvestingActivities": 127081000, "netBorrowings": -3974321000, "otherCashflowsFromFinancingActivities": -24224000, "totalCashFromFinancingActivities": -3998545000, "changeInCash": 11129000}], "maxAge": 86400}, "institutionOwnership": {"ownershipList": [], "maxAge": 1}, "majorHoldersBreakdown": {"maxAge": 1, "insidersPercentHeld": 0.72234, "institutionsPercentHeld": 0.0, "institutionsFloatPercentHeld": 0.0, "institutionsCount": 0}, "balanceSheetHistoryQuarterly": {"balanceSheetStatements": [{"maxAge": 1, "endDate": "2020-12-31", "totalStockholderEquity": -20168678000, "netTangibleAssets": -20168678000}, {"maxAge": 1, "endDate": "2020-09-30", "cash": 7916000, "netReceivables": 718211000, "inventory": 626611000, "otherCurrentAssets": 927491000, "totalCurrentAssets": 2280229000, "propertyPlantEquipment": 8894323000, "otherAssets": 355590000, "totalAssets": 11530142000, "accountsPayable": 3045548000, "shortLongTermDebt": 15575729000, "otherCurrentLiab": 793536000, "longTermDebt": 742656000, "otherLiab": 8154000, "totalCurrentLiabilities": 30948010000, "totalLiab": 31698820000, "commonStock": 1137761000, "treasuryStock": -21306439000, "otherStockholderEquity": -21306439000, "totalStockholderEquity": -20168678000, "netTangibleAssets": -20168678000}, {"maxAge": 1, "endDate": "2020-06-30", "totalStockholderEquity": -19781323000, "netTangibleAssets": -19781323000}, {"maxAge": 1, "endDate": "2020-03-31", "cash": 15545000, "netReceivables": 1094059000, "inventory": 579988000, "otherCurrentAssets": 862820000, "totalCurrentAssets": 2552608000, "propertyPlantEquipment": 9010213000, "otherAssets": 355353000, "totalAssets": 11918174000, "accountsPayable": 3110531000, "shortLongTermDebt": 13842744000, "otherCurrentLiab": 578899000, "longTermDebt": 742656000, "otherLiab": 8154000, "totalCurrentLiabilities": 30948687000, "totalLiab": 31699497000, "commonStock": 1137761000, "retainedEarnings": -24985551000, "treasuryStock": -173843000, "capitalSurplus": 4240310000, "otherStockholderEquity": -173843000, "totalStockholderEquity": -19781323000, "netTangibleAssets": -19781323000}], "maxAge": 86400}, "indexTrend": {"maxAge": 1, "symbol": "SP5", "peRatio": 19.7411, "pegRatio": 1.34172, "estimates": [{"period": "0q", "growth": 0.549}, {"period": "+1q", "growth": 0.431}, {"period": "0y", "growth": 0.305}, {"period": "+1y", "growth": 0.109}, {"period": "+5y", "growth": 0.120865}, {"period": "-5y"}]}, "defaultKeyStatistics": {"maxAge": 1, "priceHint": 4, "enterpriseValue": 28025407488, "profitMargins": -1.23924, "floatShares": 39588876, "sharesOutstanding": 113776000, "heldPercentInsiders": 0.72234, "heldPercentInstitutions": 0.0, "beta": 1.226587, "category": null, "bookValue": -176.965, "fundFamily": null, "legalType": null, "lastFiscalYearEnd": "2020-03-31 05:30:00", "nextFiscalYearEnd": "2022-03-31 05:30:00", "mostRecentQuarter": "2020-12-31 05:30:00", "netIncomeToCommon": -6780315136, "trailingEps": -59.582, "lastSplitFactor": null, "enterpriseToRevenue": 5.122, "enterpriseToEbitda": -31.731}, "summaryProfile": {"address1": "SKP House", "address2": "132A, S. P. Mukherjee Road", "city": "Kolkata", "zip": "700026", "country": "India", "phone": "91 33 4016 8000", "fax": "91 33 4016 8191", "website": "http://www.rohitferrotech.com", "industry": "Steel", "sector": "Basic Materials", "longBusinessSummary": "Rohit Ferro-Tech Limited, together with its subsidiaries, manufactures and sells ferro alloys in India and internationally. The company operates through two segments, Ferro Alloys and Minerals, and Iron and Steel. It offers high carbon ferro manganese, ferro chrome, ferro chrome chips, and ferro chrome fines; silico manganese; and ferro silicon for use in the production of steel. The company also produces stainless steel products, such as cast billets and ingots, rounds/bars, squares and hexagonal bars, and wire rods. Rohit Ferro-Tech Limited was incorporated in 2000 and is based in Kolkata, India.", "fullTimeEmployees": 410, "companyOfficers": [], "maxAge": 86400}, "netSharePurchaseActivity": {"maxAge": 1, "period": "6m", "buyInfoCount": 0, "buyInfoShares": 0, "sellInfoCount": 0, "netInfoCount": 0, "netInfoShares": 0, "netPercentInsiderShares": 0.0, "totalInsiderShares": 82049256}, "insiderTransactions": {"transactions": [{"maxAge": 1, "shares": 1250000, "filerUrl": "", "transactionText": "", "filerName": "Arthodock Vinimay Pvt Ltd", "filerRelation": "Institution- Corporation", "moneyText": "", "startDate": "2012-02-20", "ownership": "D"}, {"maxAge": 1, "shares": 2462485, "filerUrl": "", "transactionText": "", "filerName": "Poddar Mech Tech Services Pvt. Ltd.", "filerRelation": "Promoter", "moneyText": "", "startDate": "2012-02-20", "ownership": "D"}, {"maxAge": 1, "shares": 7993150, "filerUrl": "", "transactionText": "", "filerName": "Shreyansh Leafin Pvt Ltd", "filerRelation": "Institution- Corporation", "moneyText": "", "startDate": "2012-02-20", "ownership": "D"}, {"maxAge": 1, "shares": 261600, "filerUrl": "", "transactionText": "", "filerName": "Vasupujya Enterprises Pvt. Ltd.", "filerRelation": "Promoter", "moneyText": "", "startDate": "2012-02-20", "ownership": "D"}, {"maxAge": 1, "shares": 475000, "filerUrl": "", "transactionText": "", "filerName": "VNG Mercantiles Pvt Ltd", "filerRelation": "Institution- Corporation", "moneyText": "", "startDate": "2012-02-20", "ownership": "D"}, {"maxAge": 1, "shares": 7907765, "filerUrl": "", "transactionText": "", "filerName": "Whitestone Supplier Pvt Ltd", "filerRelation": "Institution- Corporation", "moneyText": "", "startDate": "2012-02-20", "ownership": "D"}], "maxAge": 1}, "quoteType": {"exchange": "NSI", "quoteType": "EQUITY", "symbol": "ROHITFERRO.NS", "underlyingSymbol": "ROHITFERRO.NS", "shortName": "ROHIT FERRO-TECH", "longName": "Rohit Ferro-Tech Limited", "firstTradeDateEpochUtc": "2006-04-13 09:15:00", "timeZoneFullName": "Asia/Kolkata", "timeZoneShortName": "IST", "uuid": "89671ee0-20ee-3acb-858a-600907450f8c", "gmtOffSetMilliseconds": 19800000, "maxAge": 1}, "incomeStatementHistory": {"incomeStatementHistory": [{"maxAge": 1, "endDate": "2020-03-31", "totalRevenue": 7383455000, "costOfRevenue": 5486343000, "grossProfit": 1897112000, "researchDevelopment": {}, "sellingGeneralAdministrative": 153906000, "nonRecurring": {}, "otherOperatingExpenses": 2616852000, "totalOperatingExpenses": 8588379000, "operatingIncome": -1204924000, "totalOtherIncomeExpenseNet": -5652281000, "ebit": -1204924000, "interestExpense": -313584000, "incomeBeforeTax": -6857205000, "incomeTaxExpense": -62279000, "minorityInterest": {}, "netIncomeFromContinuingOps": -6794926000, "discontinuedOperations": {}, "extraordinaryItems": {}, "effectOfAccountingCharges": {}, "otherItems": {}, "netIncome": -6794926000, "netIncomeApplicableToCommonShares": -6794926000}, {"maxAge": 1, "endDate": "2019-03-31", "totalRevenue": 8928299000, "costOfRevenue": 6500226000, "grossProfit": 2428073000, "researchDevelopment": {}, "sellingGeneralAdministrative": 191130000, "nonRecurring": {}, "otherOperatingExpenses": 3363102000, "totalOperatingExpenses": 10390123000, "operatingIncome": -1461824000, "totalOtherIncomeExpenseNet": -505579000, "ebit": -1461824000, "interestExpense": -500105000, "incomeBeforeTax": -1967403000, "incomeTaxExpense": 0, "minorityInterest": -90822000, "netIncomeFromContinuingOps": -1967403000, "discontinuedOperations": {}, "extraordinaryItems": {}, "effectOfAccountingCharges": {}, "otherItems": {}, "netIncome": -1922501000, "netIncomeApplicableToCommonShares": -1922501000}, {"maxAge": 1, "endDate": "2018-03-31", "totalRevenue": 7134872000, "costOfRevenue": 6831562000, "grossProfit": 303310000, "researchDevelopment": {}, "sellingGeneralAdministrative": 158747000, "nonRecurring": {}, "otherOperatingExpenses": 3103409000, "totalOperatingExpenses": 10436634000, "operatingIncome": -3301762000, "totalOtherIncomeExpenseNet": -1275529000, "ebit": -3301762000, "interestExpense": -498251000, "incomeBeforeTax": -4577291000, "incomeTaxExpense": 0, "minorityInterest": -47195000, "netIncomeFromContinuingOps": -4577291000, "discontinuedOperations": {}, "extraordinaryItems": {}, "effectOfAccountingCharges": {}, "otherItems": {}, "netIncome": -4574697000, "netIncomeApplicableToCommonShares": -4574697000}, {"maxAge": 1, "endDate": "2017-03-31", "totalRevenue": 6601495000, "costOfRevenue": 6892818000, "grossProfit": -291323000, "researchDevelopment": {}, "sellingGeneralAdministrative": 146739000, "nonRecurring": {}, "otherOperatingExpenses": 2800742000, "totalOperatingExpenses": 10187714000, "operatingIncome": -3586219000, "totalOtherIncomeExpenseNet": 181955000, "ebit": -3586219000, "interestExpense": -14465000, "incomeBeforeTax": -3404264000, "incomeTaxExpense": 0, "minorityInterest": -45844000, "netIncomeFromContinuingOps": -3404264000, "discontinuedOperations": {}, "extraordinaryItems": {}, "effectOfAccountingCharges": {}, "otherItems": {}, "netIncome": -3401826000, "netIncomeApplicableToCommonShares": -3401826000}], "maxAge": 86400}, "fundOwnership": {"ownershipList": [], "maxAge": 1}, "summaryDetail": {"maxAge": 1, "priceHint": 4, "previousClose": 1.6, "open": 1.65, "dayLow": 1.65, "dayHigh": 1.65, "regularMarketPreviousClose": 1.6, "regularMarketOpen": 1.65, "regularMarketDayLow": 1.65, "regularMarketDayHigh": 1.65, "exDividendDate": "2012-09-17 05:30:00", "payoutRatio": 0.0, "beta": 1.226587, "volume": 8085, "regularMarketVolume": 8085, "averageVolume": 8101, "averageVolume10days": 23594, "averageDailyVolume10Day": 23594, "bid": 0.0, "ask": 0.0, "bidSize": 0, "askSize": 0, "marketCap": 210023552, "fiftyTwoWeekLow": 0.4, "fiftyTwoWeekHigh": 3.2, "priceToSalesTrailing12Months": 0.03838612, "fiftyDayAverage": 2.4636364, "twoHundredDayAverage": 1.6435714, "currency": "INR", "fromCurrency": null, "lastMarket": null, "algorithm": null, "tradeable": false}, "incomeStatementHistoryQuarterly": {"incomeStatementHistory": [{"maxAge": 1, "endDate": "2020-12-31", "totalRevenue": 1881421000, "costOfRevenue": 1794705000, "grossProfit": 86716000, "researchDevelopment": {}, "sellingGeneralAdministrative": 32941000, "nonRecurring": {}, "otherOperatingExpenses": 211589000, "totalOperatingExpenses": 2097539000, "operatingIncome": -216118000, "totalOtherIncomeExpenseNet": -4243000, "ebit": -216118000, "interestExpense": -7714000, "incomeBeforeTax": -220361000, "incomeTaxExpense": 0, "minorityInterest": {}, "netIncomeFromContinuingOps": -220361000, "discontinuedOperations": {}, "extraordinaryItems": {}, "effectOfAccountingCharges": {}, "otherItems": {}, "netIncome": -220361000, "netIncomeApplicableToCommonShares": -220361000}, {"maxAge": 1, "endDate": "2020-09-30", "totalRevenue": 1617234000, "costOfRevenue": 1567247000, "grossProfit": 49987000, "researchDevelopment": {}, "sellingGeneralAdministrative": 33986000, "nonRecurring": {}, "otherOperatingExpenses": 185820000, "totalOperatingExpenses": 1845335000, "operatingIncome": -228101000, "totalOtherIncomeExpenseNet": 3580000, "ebit": -228101000, "interestExpense": -7714000, "incomeBeforeTax": -224521000, "incomeTaxExpense": 0, "minorityInterest": {}, "netIncomeFromContinuingOps": -224521000, "discontinuedOperations": {}, "extraordinaryItems": {}, "effectOfAccountingCharges": {}, "otherItems": {}, "netIncome": -224521000, "netIncomeApplicableToCommonShares": -224521000}, {"maxAge": 1, "endDate": "2020-06-30", "totalRevenue": 486468000, "costOfRevenue": 493168000, "grossProfit": -6700000, "researchDevelopment": {}, "sellingGeneralAdministrative": 30249000, "nonRecurring": {}, "otherOperatingExpenses": 88269000, "totalOperatingExpenses": 669438000, "operatingIncome": -182970000, "totalOtherIncomeExpenseNet": 3587000, "ebit": -182970000, "interestExpense": -7714000, "incomeBeforeTax": -179383000, "incomeTaxExpense": 0, "minorityInterest": {}, "netIncomeFromContinuingOps": -179383000, "discontinuedOperations": {}, "extraordinaryItems": {}, "effectOfAccountingCharges": {}, "otherItems": {}, "netIncome": -179383000, "netIncomeApplicableToCommonShares": -179383000}, {"maxAge": 1, "endDate": "2020-03-31", "totalRevenue": 1486218000, "costOfRevenue": 91131000, "grossProfit": 1395087000, "researchDevelopment": {}, "sellingGeneralAdministrative": 35984000, "nonRecurring": {}, "otherOperatingExpenses": 1861911000, "totalOperatingExpenses": 2070249000, "operatingIncome": -584031000, "totalOtherIncomeExpenseNet": -5541591000, "ebit": -584031000, "interestExpense": -189519000, "incomeBeforeTax": -6125622000, "incomeTaxExpense": 24838000, "minorityInterest": {}, "netIncomeFromContinuingOps": -6150460000, "discontinuedOperations": {}, "extraordinaryItems": {}, "effectOfAccountingCharges": {}, "otherItems": {}, "netIncome": -6156050000, "netIncomeApplicableToCommonShares": -6156050000}], "maxAge": 86400}, "cashflowStatementHistoryQuarterly": {"cashflowStatements": [{"maxAge": 1, "endDate": "2020-12-31", "netIncome": -220361000, "changeToLiabilities": 0}, {"maxAge": 1, "endDate": "2020-09-30", "netIncome": -224521000, "changeToLiabilities": 0}, {"maxAge": 1, "endDate": "2020-06-30", "netIncome": -179383000, "changeToLiabilities": 0}, {"maxAge": 1, "endDate": "2020-03-31", "netIncome": -6156050000, "changeToLiabilities": 0}], "maxAge": 86400}, "insiderHolders": {"holders": [{"maxAge": 1, "name": "Arthodock Vinimay Pvt Ltd", "relation": "Institution- Corporation", "url": "", "transactionDescription": "Acquisition", "latestTransDate": "2012-02-20", "positionDirect": 1250000, "positionDirectDate": "2012-02-20"}, {"maxAge": 1, "name": "Poddar Mech Tech Services Pvt. Ltd.", "relation": "Promoter", "url": "", "transactionDescription": "Acquisition", "latestTransDate": "2012-02-20", "positionDirect": 10479933, "positionDirectDate": "2012-02-20"}, {"maxAge": 1, "name": "Shreyansh Leafin Pvt Ltd", "relation": "Institution- Corporation", "url": "", "transactionDescription": "Acquisition", "latestTransDate": "2012-02-20", "positionDirect": 7993150, "positionDirectDate": "2012-02-20"}, {"maxAge": 1, "name": "VNG Mercantiles Pvt Ltd", "relation": "Institution- Corporation", "url": "", "transactionDescription": "Acquisition", "latestTransDate": "2012-02-20", "positionDirect": 475000, "positionDirectDate": "2012-02-20"}, {"maxAge": 1, "name": "Vasupujya Enterprises Pvt. Ltd.", "relation": "Promoter", "url": "", "transactionDescription": "Acquisition", "latestTransDate": "2012-02-20", "positionDirect": 8359538, "positionDirectDate": "2012-02-20"}, {"maxAge": 1, "name": "Whitestone Supplier Pvt Ltd", "relation": "Institution- Corporation", "url": "", "transactionDescription": "Acquisition", "latestTransDate": "2012-02-20", "positionDirect": 7907765, "positionDirectDate": "2012-02-20"}], "maxAge": 1}, "calendarEvents": {"maxAge": 1, "earnings": {"earningsDate": []}, "exDividendDate": "2012-09-17 05:30:00"}, "upgradeDowngradeHistory": {"history": [], "maxAge": 86400}, "price": {"maxAge": 1, "regularMarketChangePercent": 0.031249972, "regularMarketChange": 0.049999952, "regularMarketTime": "2021-04-30 12:57:09", "priceHint": 4, "regularMarketPrice": 1.65, "regularMarketDayHigh": 1.65, "regularMarketDayLow": 1.65, "regularMarketVolume": 8085, "averageDailyVolume10Day": 23594, "averageDailyVolume3Month": 8101, "regularMarketPreviousClose": 1.6, "regularMarketSource": "FREE_REALTIME", "regularMarketOpen": 1.65, "exchange": "NSI", "exchangeName": "NSE", "exchangeDataDelayedBy": 15, "marketState": "CLOSED", "quoteType": "EQUITY", "symbol": "ROHITFERRO.NS", "underlyingSymbol": null, "shortName": "ROHIT FERRO-TECH", "longName": "Rohit Ferro-Tech Limited", "currency": "INR", "quoteSourceName": "Delayed Quote", "currencySymbol": "\u20b9", "fromCurrency": null, "lastMarket": null, "marketCap": 210023552}, "balanceSheetHistory": {"balanceSheetStatements": [{"maxAge": 1, "endDate": "2020-03-31", "cash": 15545000, "netReceivables": 1094059000, "inventory": 579988000, "otherCurrentAssets": 862820000, "totalCurrentAssets": 2552608000, "propertyPlantEquipment": 9010213000, "otherAssets": 355353000, "totalAssets": 11918174000, "accountsPayable": 3110531000, "shortLongTermDebt": 13842744000, "otherCurrentLiab": 578899000, "longTermDebt": 742656000, "otherLiab": 8154000, "totalCurrentLiabilities": 30948687000, "totalLiab": 31699497000, "commonStock": 1137761000, "retainedEarnings": -24985551000, "treasuryStock": -173843000, "capitalSurplus": 4240310000, "otherStockholderEquity": -173843000, "totalStockholderEquity": -19781323000, "netTangibleAssets": -19781323000}, {"maxAge": 1, "endDate": "2019-03-31", "cash": 12297000, "netReceivables": 4872147000, "inventory": 1046480000, "otherCurrentAssets": 866345000, "totalCurrentAssets": 6799263000, "propertyPlantEquipment": 10756229000, "intangibleAssets": 400275000, "otherAssets": 356394000, "totalAssets": 18312161000, "accountsPayable": 2226319000, "shortLongTermDebt": 6313892000, "otherCurrentLiab": 556777000, "longTermDebt": 8634573000, "otherLiab": 8970000, "minorityInterest": -90822000, "totalCurrentLiabilities": 22449078000, "totalLiab": 31092621000, "commonStock": 1137761000, "retainedEarnings": -18183126000, "treasuryStock": 115417000, "capitalSurplus": 4240310000, "otherStockholderEquity": 115417000, "totalStockholderEquity": -12689638000, "netTangibleAssets": -13089913000}, {"maxAge": 1, "endDate": "2018-03-31", "cash": 103206000, "netReceivables": 5770998000, "inventory": 1338960000, "otherCurrentAssets": 1117182000, "totalCurrentAssets": 8331890000, "propertyPlantEquipment": 11099134000, "intangibleAssets": 394406000, "otherAssets": 386114000, "totalAssets": 20211544000, "accountsPayable": 2248948000, "shortLongTermDebt": 4949368000, "otherCurrentLiab": 863851000, "longTermDebt": 9711675000, "otherLiab": 9786000, "minorityInterest": -47195000, "totalCurrentLiabilities": 21018315000, "totalLiab": 30739776000, "commonStock": 1137761000, "retainedEarnings": -16260625000, "treasuryStock": 401517000, "capitalSurplus": 4240310000, "otherStockholderEquity": 401517000, "totalStockholderEquity": -10481037000, "netTangibleAssets": -10875443000}, {"maxAge": 1, "endDate": "2017-03-31", "cash": 87157000, "netReceivables": 7182644000, "inventory": 3794341000, "otherCurrentAssets": 1908400000, "totalCurrentAssets": 12977510000, "longTermInvestments": 417507000, "propertyPlantEquipment": 11436308000, "goodWill": 350693000, "intangibleAssets": 405382000, "otherAssets": 639803000, "totalAssets": 26227203000, "accountsPayable": 3839941000, "shortLongTermDebt": 3508762000, "otherCurrentLiab": 1218751000, "longTermDebt": 11185611000, "otherLiab": 20599000, "deferredLongTermLiab": 244980000, "minorityInterest": -45844000, "totalCurrentLiabilities": 20951987000, "totalLiab": 32158197000, "commonStock": 1137761000, "retainedEarnings": -11513899000, "treasuryStock": 250718000, "capitalSurplus": 4240270000, "otherStockholderEquity": 250718000, "totalStockholderEquity": -5885150000, "netTangibleAssets": -6641225000}], "maxAge": 86400}, "financialData": {"maxAge": 86400, "currentPrice": 1.65, "recommendationKey": "none", "totalCash": 7916000, "totalCashPerShare": 0.07, "ebitda": -883232256, "totalDebt": 27851581440, "totalRevenue": 5471341056, "revenuePerShare": 48.079, "grossProfits": 1897112000, "revenueGrowth": 0.003, "grossMargins": 0.27874002, "ebitdaMargins": -0.16143, "operatingMargins": -0.22138001, "profitMargins": -1.23924, "financialCurrency": "INR"}}}