{"ROHLTD.BO": {"recommendationTrend": {"trend": [{"period": "0m", "strongBuy": 0, "buy": 0, "hold": 0, "sell": 0, "strongSell": 0}, {"period": "-1m", "strongBuy": 0, "buy": 0, "hold": 0, "sell": 0, "strongSell": 0}, {"period": "-2m", "strongBuy": 0, "buy": 0, "hold": 0, "sell": 0, "strongSell": 0}, {"period": "-3m", "strongBuy": 0, "buy": 0, "hold": 0, "sell": 0, "strongSell": 0}], "maxAge": 86400}, "cashflowStatementHistory": {"cashflowStatements": [{"maxAge": 1, "endDate": "2020-03-31", "netIncome": 49126000, "depreciation": 189862000, "changeToNetincome": 100051000, "changeToAccountReceivables": -56526000, "changeToLiabilities": 33588000, "changeToInventory": 1548000, "changeToOperatingActivities": -25524000, "totalCashFromOperatingActivities": 292136000, "capitalExpenditures": -49856000, "investments": -133961000, "otherCashflowsFromInvestingActivities": 20816000, "totalCashflowsFromInvestingActivities": -163001000, "dividendsPaid": -54850000, "netBorrowings": -89952000, "otherCashflowsFromFinancingActivities": -134483000, "totalCashFromFinancingActivities": -277820000, "changeInCash": -148685000, "issuanceOfStock": 1465000}, {"maxAge": 1, "endDate": "2019-03-31", "netIncome": 119432000, "depreciation": 143219000, "changeToNetincome": 115473000, "changeToAccountReceivables": 44118000, "changeToLiabilities": 54447000, "changeToInventory": -995000, "changeToOperatingActivities": -68053000, "totalCashFromOperatingActivities": 407641000, "capitalExpenditures": -42914000, "investments": -16798000, "otherCashflowsFromInvestingActivities": 14074000, "totalCashflowsFromInvestingActivities": -45638000, "dividendsPaid": -56127000, "netBorrowings": -45621000, "otherCashflowsFromFinancingActivities": -134413000, "totalCashFromFinancingActivities": -227642000, "changeInCash": 134361000, "issuanceOfStock": 8519000}, {"maxAge": 1, "endDate": "2018-03-31", "netIncome": 33528000, "depreciation": 158091000, "changeToNetincome": 159080000, "changeToAccountReceivables": -53079000, "changeToLiabilities": -34706000, "changeToInventory": -1492000, "changeToOperatingActivities": -12062000, "totalCashFromOperatingActivities": 249448000, "capitalExpenditures": -34634000, "investments": 19243000, "otherCashflowsFromInvestingActivities": 8296000, "totalCashflowsFromInvestingActivities": -7009000, "dividendsPaid": -56127000, "netBorrowings": -51382000, "otherCashflowsFromFinancingActivities": -138773000, "totalCashFromFinancingActivities": -184731000, "changeInCash": 57708000, "issuanceOfStock": 5424000}, {"maxAge": 1, "endDate": "2017-03-31", "netIncome": -34616000, "depreciation": 160869000, "changeToNetincome": 105435000, "changeToAccountReceivables": -38498000, "changeToLiabilities": 109585000, "changeToInventory": 1292000, "changeToOperatingActivities": -37886000, "totalCashFromOperatingActivities": 266543000, "capitalExpenditures": -79478000, "investments": -22599000, "otherCashflowsFromInvestingActivities": 11156000, "totalCashflowsFromInvestingActivities": -89704000, "dividendsPaid": -27234000, "netBorrowings": 69431000, "otherCashflowsFromFinancingActivities": -153902000, "totalCashFromFinancingActivities": -111705000, "changeInCash": 65134000, "issuanceOfStock": 5424000}], "maxAge": 86400}, "institutionOwnership": {"ownershipList": [], "maxAge": 1}, "balanceSheetHistoryQuarterly": {"balanceSheetStatements": [{"maxAge": 1, "endDate": "2020-06-30", "totalStockholderEquity": 1715069000, "netTangibleAssets": 1535085000}, {"maxAge": 1, "endDate": "2020-03-31", "cash": 196534000, "shortTermInvestments": 83765000, "netReceivables": 264240000, "inventory": 22221000, "otherCurrentAssets": 167225000, "totalCurrentAssets": 754134000, "longTermInvestments": 12562000, "propertyPlantEquipment": 3105528000, "goodWill": 177470000, "intangibleAssets": 2514000, "otherAssets": 436925000, "deferredLongTermAssetCharges": 49814000, "totalAssets": 4489133000, "accountsPayable": 384457000, "shortLongTermDebt": 94124000, "otherCurrentLiab": 219895000, "longTermDebt": 846963000, "otherLiab": 33600000, "minorityInterest": 421405000, "totalCurrentLiabilities": 963275000, "totalLiab": 2352659000, "commonStock": 274252000, "retainedEarnings": 175124000, "treasuryStock": 113722000, "capitalSurplus": 1151971000, "otherStockholderEquity": 113722000, "totalStockholderEquity": 1715069000, "netTangibleAssets": 1535085000}, {"maxAge": 1, "endDate": "2019-12-31", "totalStockholderEquity": 1660698000, "netTangibleAssets": 1483228000}, {"maxAge": 1, "endDate": "2019-09-30", "cash": 360806000, "shortTermInvestments": 58013000, "netReceivables": 296679000, "inventory": 22592000, "otherCurrentAssets": 64939000, "totalCurrentAssets": 803029000, "longTermInvestments": 185880000, "propertyPlantEquipment": 2889612000, "goodWill": 177470000, "otherAssets": 294003000, "deferredLongTermAssetCharges": 56627000, "totalAssets": 4349994000, "accountsPayable": 401757000, "otherCurrentLiab": 627169000, "longTermDebt": 870983000, "otherLiab": 360181000, "minorityInterest": 408697000, "totalCurrentLiabilities": 1049435000, "totalLiab": 2280599000, "commonStock": 274252000, "treasuryStock": 1386446000, "otherStockholderEquity": 1386446000, "totalStockholderEquity": 1660698000, "netTangibleAssets": 1483228000}], "maxAge": 86400}, "earningsHistory": {"history": [{"maxAge": 1, "epsActual": {}, "epsEstimate": {}, "epsDifference": {}, "surprisePercent": {}, "quarter": {}, "period": "-4q"}, {"maxAge": 1, "epsActual": 0.42, "epsEstimate": 0.91, "epsDifference": -0.49, "surprisePercent": -0.538, "quarter": "2017-06-30", "period": "-3q"}, {"maxAge": 1, "epsActual": 1.53, "epsEstimate": 1.71, "epsDifference": -0.18, "surprisePercent": -0.105, "quarter": "2017-12-31", "period": "-2q"}, {"maxAge": 1, "epsActual": 0.36, "epsEstimate": 1.47, "epsDifference": -1.11, "surprisePercent": -0.755, "quarter": "2018-03-31", "period": "-1q"}], "maxAge": 86400}, "indexTrend": {"maxAge": 1, "symbol": "SP5", "peRatio": 19.7411, "pegRatio": 1.34172, "estimates": [{"period": "0q", "growth": 0.549}, {"period": "+1q", "growth": 0.431}, {"period": "0y", "growth": 0.305}, {"period": "+1y", "growth": 0.109}, {"period": "+5y", "growth": 0.120865}, {"period": "-5y"}]}, "industryTrend": {"maxAge": 1, "symbol": null, "estimates": []}, "insiderTransactions": {"transactions": [{"maxAge": 1, "shares": 27043, "filerUrl": "", "transactionText": "", "filerName": "Baljee (Chandrakamal)", "filerRelation": "Promoter", "moneyText": "", "startDate": "2020-03-12", "ownership": "D"}, {"maxAge": 1, "shares": 10000, "filerUrl": "", "transactionText": "", "filerName": "Baljee (Chandrakamal)", "filerRelation": "Promoter", "moneyText": "", "startDate": "2020-03-11", "ownership": "D"}, {"maxAge": 1, "shares": 10000, "filerUrl": "", "transactionText": "", "filerName": "Baljee (Chandrakamal)", "filerRelation": "Promoter", "moneyText": "", "startDate": "2019-09-30", "ownership": "D"}, {"maxAge": 1, "shares": 18472, "filerUrl": "", "transactionText": "", "filerName": "Baljee (Chandrakamal)", "filerRelation": "Promoter", "moneyText": "", "startDate": "2019-09-03", "ownership": "D"}, {"maxAge": 1, "shares": 168841, "filerUrl": "", "transactionText": "", "filerName": "Baljee (Arjun)", "filerRelation": "Promoter", "moneyText": "", "startDate": "2017-11-16", "ownership": "D"}, {"maxAge": 1, "shares": 1575, "filerUrl": "", "transactionText": "", "filerName": "Baljee (Arjun)", "filerRelation": "Promoter", "moneyText": "", "startDate": "2017-11-13", "ownership": "D"}, {"maxAge": 1, "shares": 51927, "filerUrl": "", "transactionText": "", "filerName": "Baljee (Arjun)", "filerRelation": "Promoter", "moneyText": "", "startDate": "2017-11-13", "ownership": "D"}, {"maxAge": 1, "shares": 352, "filerUrl": "", "transactionText": "", "filerName": "Baljee (Arjun)", "filerRelation": "Promoter", "moneyText": "", "startDate": "2017-11-08", "ownership": "D"}, {"maxAge": 1, "shares": 4777, "filerUrl": "", "transactionText": "", "filerName": "Baljee (Arjun)", "filerRelation": "Promoter", "moneyText": "", "startDate": "2017-11-08", "ownership": "D"}, {"maxAge": 1, "shares": 18321, "filerUrl": "", "transactionText": "", "filerName": "Sikka (Sunil)", "filerRelation": "Director (Non-Executive)", "moneyText": "", "startDate": "2017-09-19", "ownership": "D"}, {"maxAge": 1, "shares": 191169, "filerUrl": "", "transactionText": "", "filerName": "Baljee (Arjun)", "filerRelation": "Promoter", "moneyText": "", "startDate": "2017-09-19", "ownership": "D"}, {"maxAge": 1, "shares": 20000, "filerUrl": "", "transactionText": "", "filerName": "Sikka (Sunil)", "filerRelation": "Wholetime Director", "moneyText": "", "startDate": "2015-01-12", "ownership": "D"}, {"maxAge": 1, "shares": 108470, "filerUrl": "", "transactionText": "", "filerName": "Baljee (Chandrakamal)", "filerRelation": "Executive Chairman", "moneyText": "", "startDate": "2015-01-12", "ownership": "D"}, {"maxAge": 1, "shares": 27192, "filerUrl": "", "transactionText": "", "filerName": "Baljee (Chandrakamal)", "filerRelation": "Executive Chairman", "moneyText": "", "startDate": "2014-03-28", "ownership": "D"}, {"maxAge": 1, "shares": 55038, "filerUrl": "", "transactionText": "", "filerName": "Baljees Hotels & Real Estates Pvt Ltd", "filerRelation": "Promoter", "moneyText": "", "startDate": "2014-03-08", "ownership": "D"}, {"maxAge": 1, "shares": 19855, "filerUrl": "", "transactionText": "", "filerName": "Baljees Hotels & Real Estates Pvt Ltd", "filerRelation": "Promoter", "moneyText": "", "startDate": "2014-01-31", "ownership": "D"}, {"maxAge": 1, "shares": 28030, "filerUrl": "", "transactionText": "", "filerName": "Baljees Hotels & Real Estates Pvt Ltd", "filerRelation": "Promoter", "moneyText": "", "startDate": "2014-01-15", "ownership": "D"}, {"maxAge": 1, "shares": 59610, "filerUrl": "", "transactionText": "", "filerName": "Baljees Hotels & Real Estates Pvt Ltd", "filerRelation": "Promoter", "moneyText": "", "startDate": "2014-01-08", "ownership": "D"}, {"maxAge": 1, "shares": 42162, "filerUrl": "", "transactionText": "", "filerName": "Baljees Hotels & Real Estates Pvt Ltd", "filerRelation": "Promoter", "moneyText": "", "startDate": "2014-01-02", "ownership": "D"}, {"maxAge": 1, "shares": 59319, "filerUrl": "", "transactionText": "", "filerName": "Baljee (Arjun)", "filerRelation": "Promoter", "moneyText": "", "startDate": "2013-05-06", "ownership": "D"}, {"maxAge": 1, "shares": 10000, "filerUrl": "", "transactionText": "", "filerName": "Sikka (Sunil)", "filerRelation": "Wholetime Director", "moneyText": "", "startDate": "2012-09-27", "ownership": "D"}, {"maxAge": 1, "shares": 12128, "filerUrl": "", "transactionText": "", "filerName": "Hotel Staylonger Pvt Ltd", "filerRelation": "Promoter", "moneyText": "", "startDate": "2012-08-07", "ownership": "D"}, {"maxAge": 1, "shares": 50000, "filerUrl": "", "transactionText": "", "filerName": "Baljees Hotels & Real Estates Pvt Ltd", "filerRelation": "Promoter", "moneyText": "", "startDate": "2012-06-15", "ownership": "D"}, {"maxAge": 1, "shares": 58604, "filerUrl": "", "transactionText": "", "filerName": "Baljee (Arjun)", "filerRelation": "Promoter", "moneyText": "", "startDate": "2012-06-15", "ownership": "D"}, {"maxAge": 1, "shares": 12383, "filerUrl": "", "transactionText": "", "filerName": "Hotel Staylonger Pvt Ltd", "filerRelation": "Promoter", "moneyText": "", "startDate": "2012-06-14", "ownership": "D"}, {"maxAge": 1, "shares": 44142, "filerUrl": "", "transactionText": "", "filerName": "Baljee (Arjun)", "filerRelation": "Promoter", "moneyText": "", "startDate": "2012-05-03", "ownership": "D"}, {"maxAge": 1, "shares": 10079, "filerUrl": "", "transactionText": "", "filerName": "Hotel Staylonger Pvt Ltd", "filerRelation": "Promoter", "moneyText": "", "startDate": "2012-05-03", "ownership": "D"}, {"maxAge": 1, "shares": 9637, "filerUrl": "", "transactionText": "", "filerName": "Hotel Staylonger Pvt Ltd", "filerRelation": "Promoter", "moneyText": "", "startDate": "2012-03-06", "ownership": "D"}, {"maxAge": 1, "shares": 12854, "filerUrl": "", "transactionText": "", "filerName": "Hotel Staylonger Pvt Ltd", "filerRelation": "Promoter", "moneyText": "", "startDate": "2012-02-02", "ownership": "D"}, {"maxAge": 1, "shares": 13979, "filerUrl": "", "transactionText": "", "filerName": "Hotel Staylonger Pvt Ltd", "filerRelation": "Promoter", "moneyText": "", "startDate": "2011-12-23", "ownership": "D"}, {"maxAge": 1, "shares": 11975, "filerUrl": "", "transactionText": "", "filerName": "Hotel Staylonger Pvt Ltd", "filerRelation": "Promoter", "moneyText": "", "startDate": "2011-11-29", "ownership": "D"}, {"maxAge": 1, "shares": 36941, "filerUrl": "", "transactionText": "", "filerName": "Hotel Staylonger Pvt Ltd", "filerRelation": "Promoter", "moneyText": "", "startDate": "2011-11-09", "ownership": "D"}], "maxAge": 1}, "quoteType": {"exchange": "BSE", "quoteType": "EQUITY", "symbol": "ROHLTD.BO", "underlyingSymbol": "ROHLTD.BO", "shortName": "ROYAL ORCHID HOTELS LTD.", "longName": "Royal Orchid Hotels Limited", "firstTradeDateEpochUtc": "2006-02-06 09:15:00", "timeZoneFullName": "Asia/Kolkata", "timeZoneShortName": "IST", "uuid": "cba533f7-26d7-35c3-8c61-65ba9056b3af", "gmtOffSetMilliseconds": 19800000, "maxAge": 1}, "incomeStatementHistory": {"incomeStatementHistory": [{"maxAge": 1, "endDate": "2020-03-31", "totalRevenue": 2052355000, "costOfRevenue": 863745000, "grossProfit": 1188610000, "researchDevelopment": {}, "sellingGeneralAdministrative": 145284000, "nonRecurring": {}, "otherOperatingExpenses": 709808000, "totalOperatingExpenses": 1908710000, "operatingIncome": 143645000, "totalOtherIncomeExpenseNet": -36673000, "ebit": 143645000, "interestExpense": -156311000, "incomeBeforeTax": 106972000, "incomeTaxExpense": 56191000, "minorityInterest": 421405000, "netIncomeFromContinuingOps": 50781000, "discontinuedOperations": {}, "extraordinaryItems": {}, "effectOfAccountingCharges": {}, "otherItems": {}, "netIncome": 49126000, "netIncomeApplicableToCommonShares": 49126000}, {"maxAge": 1, "endDate": "2019-03-31", "totalRevenue": 2041064000, "costOfRevenue": 720816000, "grossProfit": 1320248000, "researchDevelopment": {}, "sellingGeneralAdministrative": 149428000, "nonRecurring": {}, "otherOperatingExpenses": 796098000, "totalOperatingExpenses": 1809561000, "operatingIncome": 231503000, "totalOtherIncomeExpenseNet": -18657000, "ebit": 231503000, "interestExpense": -132111000, "incomeBeforeTax": 212846000, "incomeTaxExpense": 81741000, "minorityInterest": 441709000, "netIncomeFromContinuingOps": 131105000, "discontinuedOperations": {}, "extraordinaryItems": {}, "effectOfAccountingCharges": {}, "otherItems": {}, "netIncome": 119432000, "netIncomeApplicableToCommonShares": 119432000}, {"maxAge": 1, "endDate": "2018-03-31", "totalRevenue": 1897602000, "costOfRevenue": 730830000, "grossProfit": 1166772000, "researchDevelopment": {}, "sellingGeneralAdministrative": 175435000, "nonRecurring": {}, "otherOperatingExpenses": 675827000, "totalOperatingExpenses": 1740271000, "operatingIncome": 157331000, "totalOtherIncomeExpenseNet": -65084000, "ebit": 157331000, "interestExpense": -146942000, "incomeBeforeTax": 92247000, "incomeTaxExpense": 68125000, "minorityInterest": 447847000, "netIncomeFromContinuingOps": 24122000, "discontinuedOperations": {}, "extraordinaryItems": {}, "effectOfAccountingCharges": {}, "otherItems": {}, "netIncome": 33528000, "netIncomeApplicableToCommonShares": 33528000}, {"maxAge": 1, "endDate": "2017-03-31", "totalRevenue": 1753333000, "costOfRevenue": 712114000, "grossProfit": 1041219000, "researchDevelopment": {}, "sellingGeneralAdministrative": 184841000, "nonRecurring": {}, "otherOperatingExpenses": 597668000, "totalOperatingExpenses": 1655854000, "operatingIncome": 97479000, "totalOtherIncomeExpenseNet": -96353000, "ebit": 97479000, "interestExpense": -154683000, "incomeBeforeTax": 1126000, "incomeTaxExpense": 46685000, "minorityInterest": 480356000, "netIncomeFromContinuingOps": -45559000, "discontinuedOperations": {}, "extraordinaryItems": {}, "effectOfAccountingCharges": {}, "otherItems": {}, "netIncome": -34616000, "netIncomeApplicableToCommonShares": -34616000}], "maxAge": 86400}, "fundOwnership": {"ownershipList": [], "maxAge": 1}, "summaryDetail": {"maxAge": 1, "priceHint": 2, "previousClose": 61.55, "open": 61.7, "dayLow": 59.45, "dayHigh": 62.65, "regularMarketPreviousClose": 61.55, "regularMarketOpen": 61.7, "regularMarketDayLow": 59.45, "regularMarketDayHigh": 62.65, "forwardPE": 11.673078, "volume": 4159, "regularMarketVolume": 4159, "averageVolume": 8914, "averageVolume10days": 4598, "averageDailyVolume10Day": 4598, "bid": 60.5, "ask": 61.65, "bidSize": 0, "askSize": 0, "marketCap": 1663586688, "fiftyTwoWeekLow": 32.4, "fiftyTwoWeekHigh": 96.0, "fiftyDayAverage": 73.893936, "twoHundredDayAverage": 68.72316, "trailingAnnualDividendRate": 2.0, "trailingAnnualDividendYield": 0.032493908, "currency": "INR", "fromCurrency": null, "lastMarket": null, "algorithm": null, "tradeable": false}, "sectorTrend": {"maxAge": 1, "symbol": null, "estimates": []}, "incomeStatementHistoryQuarterly": {"incomeStatementHistory": [{"maxAge": 1, "endDate": "2020-06-30", "totalRevenue": 42162000, "costOfRevenue": 80455000, "grossProfit": -38293000, "researchDevelopment": {}, "sellingGeneralAdministrative": {}, "nonRecurring": {}, "otherOperatingExpenses": 58641000, "totalOperatingExpenses": 188020000, "operatingIncome": -145858000, "totalOtherIncomeExpenseNet": -15139000, "ebit": -145858000, "interestExpense": -40729000, "incomeBeforeTax": -160997000, "incomeTaxExpense": -22077000, "minorityInterest": {}, "netIncomeFromContinuingOps": -138920000, "discontinuedOperations": {}, "extraordinaryItems": {}, "effectOfAccountingCharges": {}, "otherItems": {}, "netIncome": -138920000, "netIncomeApplicableToCommonShares": -138920000}, {"maxAge": 1, "endDate": "2020-03-31", "totalRevenue": 484556000, "costOfRevenue": 24256000, "grossProfit": 460300000, "researchDevelopment": {}, "sellingGeneralAdministrative": 145284000, "nonRecurring": {}, "otherOperatingExpenses": 247423000, "totalOperatingExpenses": 473507000, "operatingIncome": 11049000, "totalOtherIncomeExpenseNet": -19402000, "ebit": 11049000, "interestExpense": -39906000, "incomeBeforeTax": -8353000, "incomeTaxExpense": 999000, "minorityInterest": 421405000, "netIncomeFromContinuingOps": -9352000, "discontinuedOperations": {}, "extraordinaryItems": {}, "effectOfAccountingCharges": {}, "otherItems": {}, "netIncome": -11007000, "netIncomeApplicableToCommonShares": -11007000}, {"maxAge": 1, "endDate": "2019-12-31", "totalRevenue": 613298000, "costOfRevenue": 297029000, "grossProfit": 316269000, "researchDevelopment": {}, "sellingGeneralAdministrative": 145284000, "nonRecurring": {}, "otherOperatingExpenses": 168481000, "totalOperatingExpenses": 511057000, "operatingIncome": 102241000, "totalOtherIncomeExpenseNet": -11067000, "ebit": 102241000, "interestExpense": -38619000, "incomeBeforeTax": 91174000, "incomeTaxExpense": 34501000, "minorityInterest": 421405000, "netIncomeFromContinuingOps": 56673000, "discontinuedOperations": {}, "extraordinaryItems": {}, "effectOfAccountingCharges": {}, "otherItems": {}, "netIncome": 56673000, "netIncomeApplicableToCommonShares": 56673000}, {"maxAge": 1, "endDate": "2019-09-30", "totalRevenue": 469319000, "costOfRevenue": 266426000, "grossProfit": 202893000, "researchDevelopment": {}, "sellingGeneralAdministrative": 24588000, "nonRecurring": {}, "otherOperatingExpenses": 156730000, "totalOperatingExpenses": 467816000, "operatingIncome": 1503000, "totalOtherIncomeExpenseNet": -810000, "ebit": 1503000, "interestExpense": -37974000, "incomeBeforeTax": 693000, "incomeTaxExpense": 5064000, "minorityInterest": 408697000, "netIncomeFromContinuingOps": -4371000, "discontinuedOperations": {}, "extraordinaryItems": {}, "effectOfAccountingCharges": {}, "otherItems": {}, "netIncome": -4371000, "netIncomeApplicableToCommonShares": -4371000}], "maxAge": 86400}, "cashflowStatementHistoryQuarterly": {"cashflowStatements": [{"maxAge": 1, "endDate": "2020-06-30", "netIncome": -138920000, "changeToLiabilities": 0}, {"maxAge": 1, "endDate": "2020-03-31", "netIncome": -11007000, "changeToLiabilities": 0}, {"maxAge": 1, "endDate": "2019-12-31", "netIncome": 56673000, "changeToLiabilities": 0}, {"maxAge": 1, "endDate": "2019-09-30", "netIncome": -4371000, "changeToLiabilities": 0}], "maxAge": 86400}, "insiderHolders": {"holders": [{"maxAge": 1, "name": "Baljee (Arjun)", "relation": "Promoter", "url": "", "transactionDescription": "Sale", "latestTransDate": "2017-11-16", "positionDirect": 0, "positionDirectDate": "2017-11-16"}, {"maxAge": 1, "name": "Baljee (Chandrakamal)", "relation": "Promoter", "url": "", "transactionDescription": "Acquisition", "latestTransDate": "2020-03-12", "positionDirect": 12058131, "positionDirectDate": "2020-03-12"}, {"maxAge": 1, "name": "Baljees Hotels & Real Estates Pvt Ltd", "relation": "Promoter", "url": "", "transactionDescription": "Acquisition", "latestTransDate": "2014-03-08", "positionDirect": 5700783, "positionDirectDate": "2014-03-08"}, {"maxAge": 1, "name": "Hotel Staylonger Pvt Ltd", "relation": "Promoter", "url": "", "transactionDescription": "Acquisition", "latestTransDate": "2012-08-07", "positionDirect": 219976, "positionDirectDate": "2012-08-07"}, {"maxAge": 1, "name": "Sikka (Sunil)", "relation": "Director (Non-Executive)", "url": "", "transactionDescription": "Sale", "latestTransDate": "2017-09-19", "positionDirect": 6975, "positionDirectDate": "2017-09-19"}], "maxAge": 1}, "earnings": {"maxAge": 86400, "earningsChart": {"quarterly": [{"date": "2Q2017", "actual": 0.42, "estimate": 0.91}, {"date": "4Q2017", "actual": 1.53, "estimate": 1.71}, {"date": "1Q2018", "actual": 0.36, "estimate": 1.47}], "currentQuarterEstimateDate": "2Q", "currentQuarterEstimateYear": 2018, "earningsDate": ["2020-07-27 05:30:S"]}, "financialsChart": {"yearly": [{"date": 2017, "revenue": 1753333000, "earnings": -34616000}, {"date": 2018, "revenue": 1897602000, "earnings": 33528000}, {"date": 2019, "revenue": 2041064000, "earnings": 119432000}, {"date": 2020, "revenue": 2052355000, "earnings": 49126000}], "quarterly": [{"date": "3Q2019", "revenue": 469319000, "earnings": -4371000}, {"date": "4Q2019", "revenue": 613298000, "earnings": 56673000}, {"date": "1Q2020", "revenue": 484556000, "earnings": -11007000}, {"date": "2Q2020", "revenue": 42162000, "earnings": -138920000}]}, "financialCurrency": "INR"}, "calendarEvents": {"maxAge": 1, "earnings": {"earningsDate": ["2020-07-27 05:30:S"]}}, "upgradeDowngradeHistory": {"history": [], "maxAge": 86400}, "price": {"maxAge": 1, "regularMarketChangePercent": -0.013809886, "regularMarketChange": -0.8499985, "regularMarketTime": "2021-04-30 15:26:11", "priceHint": 2, "regularMarketPrice": 60.7, "regularMarketDayHigh": 62.65, "regularMarketDayLow": 59.45, "regularMarketVolume": 4159, "averageDailyVolume10Day": 4598, "averageDailyVolume3Month": 8914, "regularMarketPreviousClose": 61.55, "regularMarketSource": "FREE_REALTIME", "regularMarketOpen": 61.7, "exchange": "BSE", "exchangeName": "BSE", "exchangeDataDelayedBy": 0, "marketState": "CLOSED", "quoteType": "EQUITY", "symbol": "ROHLTD.BO", "underlyingSymbol": null, "shortName": "ROYAL ORCHID HOTELS LTD.", "longName": "Royal Orchid Hotels Limited", "currency": "INR", "quoteSourceName": "Delayed Quote", "currencySymbol": "\u20b9", "fromCurrency": null, "lastMarket": null, "marketCap": 1663586688}, "balanceSheetHistory": {"balanceSheetStatements": [{"maxAge": 1, "endDate": "2020-03-31", "cash": 196534000, "shortTermInvestments": 83765000, "netReceivables": 264240000, "inventory": 22221000, "otherCurrentAssets": 167225000, "totalCurrentAssets": 754134000, "longTermInvestments": 12562000, "propertyPlantEquipment": 3105528000, "goodWill": 177470000, "intangibleAssets": 2514000, "otherAssets": 436925000, "deferredLongTermAssetCharges": 49814000, "totalAssets": 4489133000, "accountsPayable": 384457000, "shortLongTermDebt": 94124000, "otherCurrentLiab": 219895000, "longTermDebt": 846963000, "otherLiab": 33600000, "minorityInterest": 421405000, "totalCurrentLiabilities": 963275000, "totalLiab": 2352659000, "commonStock": 274252000, "retainedEarnings": 175124000, "treasuryStock": 113722000, "capitalSurplus": 1151971000, "otherStockholderEquity": 113722000, "totalStockholderEquity": 1715069000, "netTangibleAssets": 1535085000}, {"maxAge": 1, "endDate": "2019-03-31", "cash": 345218000, "shortTermInvestments": 37665000, "netReceivables": 216625000, "inventory": 23769000, "otherCurrentAssets": 76822000, "totalCurrentAssets": 727164000, "longTermInvestments": 17435000, "propertyPlantEquipment": 2672775000, "goodWill": 177470000, "otherAssets": 440277000, "deferredLongTermAssetCharges": 39263000, "totalAssets": 4035121000, "accountsPayable": 352461000, "shortLongTermDebt": 104564000, "otherCurrentLiab": 187748000, "longTermDebt": 886653000, "otherLiab": 58124000, "minorityInterest": 441709000, "totalCurrentLiabilities": 873862000, "totalLiab": 1818639000, "commonStock": 274067000, "retainedEarnings": 247851000, "treasuryStock": 103727000, "capitalSurplus": 1149128000, "otherStockholderEquity": 103727000, "totalStockholderEquity": 1774773000, "netTangibleAssets": 1597303000}, {"maxAge": 1, "endDate": "2018-03-31", "cash": 210857000, "shortTermInvestments": 52854000, "netReceivables": 263431000, "inventory": 22774000, "otherCurrentAssets": 49227000, "totalCurrentAssets": 622976000, "longTermInvestments": 19061000, "propertyPlantEquipment": 2761849000, "goodWill": 177470000, "otherAssets": 439708000, "deferredLongTermAssetCharges": 55974000, "totalAssets": 4021064000, "accountsPayable": 318436000, "shortLongTermDebt": 69913000, "otherCurrentLiab": 225758000, "longTermDebt": 960636000, "otherLiab": 85204000, "minorityInterest": 447847000, "totalCurrentLiabilities": 836014000, "totalLiab": 1881854000, "commonStock": 273012000, "retainedEarnings": 180554000, "treasuryStock": 99631000, "capitalSurplus": 1138166000, "otherStockholderEquity": 99631000, "totalStockholderEquity": 1691363000, "netTangibleAssets": 1513893000}, {"maxAge": 1, "endDate": "2017-03-31", "cash": 153149000, "shortTermInvestments": 66479000, "netReceivables": 232821000, "inventory": 21823000, "otherCurrentAssets": 39558000, "totalCurrentAssets": 547267000, "longTermInvestments": 10201000, "propertyPlantEquipment": 2901709000, "goodWill": 177470000, "intangibleAssets": 88000, "otherAssets": 441626000, "deferredLongTermAssetCharges": 65781000, "totalAssets": 4078361000, "accountsPayable": 325420000, "shortLongTermDebt": 73315000, "otherCurrentLiab": 194775000, "longTermDebt": 1008611000, "otherLiab": 101125000, "minorityInterest": 480356000, "totalCurrentLiabilities": 824723000, "totalLiab": 1934459000, "commonStock": 272340000, "retainedEarnings": 148654000, "treasuryStock": 111868000, "capitalSurplus": 1130684000, "otherStockholderEquity": 111868000, "totalStockholderEquity": 1663546000, "netTangibleAssets": 1485988000}], "maxAge": 86400}, "earningsTrend": {"trend": [{"maxAge": 1, "period": "0q", "endDate": "2018-06-30", "growth": {}, "earningsEstimate": {"avg": 0.0, "low": 0.0, "high": 0.0, "yearAgoEps": {}, "numberOfAnalysts": 0, "growth": {}}, "revenueEstimate": {"avg": 0, "low": 0, "high": 0, "numberOfAnalysts": 0, "yearAgoRevenue": {}, "growth": {}}, "epsTrend": {"current": 0.0, "7daysAgo": 0.0, "30daysAgo": 0.0, "60daysAgo": 0.0, "90daysAgo": 0.0}, "epsRevisions": {"upLast7days": 0, "upLast30days": 0, "downLast30days": 0, "downLast90days": {}}}, {"maxAge": 1, "period": "+1q", "endDate": "2018-09-30", "growth": {}, "earningsEstimate": {"avg": 0.0, "low": 0.0, "high": 0.0, "yearAgoEps": 0.42, "numberOfAnalysts": 0, "growth": {}}, "revenueEstimate": {"avg": 287900000, "low": 0, "high": 0, "numberOfAnalysts": 0, "yearAgoRevenue": {}, "growth": {}}, "epsTrend": {"current": 0.0, "7daysAgo": 0.0, "30daysAgo": 0.0, "60daysAgo": 0.0, "90daysAgo": 0.0}, "epsRevisions": {"upLast7days": 0, "upLast30days": 0, "downLast30days": 0, "downLast90days": {}}}, {"maxAge": 1, "period": "0y", "endDate": "2019-03-31", "growth": {}, "earningsEstimate": {"avg": 0.0, "low": 0.0, "high": 0.0, "yearAgoEps": {}, "numberOfAnalysts": 0, "growth": {}}, "revenueEstimate": {"avg": 2046000000, "low": 2046000000, "high": 2046000000, "numberOfAnalysts": 1, "yearAgoRevenue": {}, "growth": {}}, "epsTrend": {"current": 0.0, "7daysAgo": 3.2, "30daysAgo": 3.2, "60daysAgo": 3.2, "90daysAgo": 3.2}, "epsRevisions": {"upLast7days": 0, "upLast30days": 0, "downLast30days": 0, "downLast90days": {}}}, {"maxAge": 1, "period": "+1y", "endDate": "2020-03-31", "growth": {}, "earningsEstimate": {"avg": 0.0, "low": 0.0, "high": 0.0, "yearAgoEps": {}, "numberOfAnalysts": 0, "growth": {}}, "revenueEstimate": {"avg": 2231000000, "low": 2231000000, "high": 2231000000, "numberOfAnalysts": 1, "yearAgoRevenue": 2046000000, "growth": 0.09}, "epsTrend": {"current": 0.0, "7daysAgo": 5.2, "30daysAgo": 5.2, "60daysAgo": 5.2, "90daysAgo": 5.2}, "epsRevisions": {"upLast7days": 0, "upLast30days": 0, "downLast30days": 0, "downLast90days": {}}}, {"maxAge": 1, "period": "+5y", "endDate": null, "growth": {}, "earningsEstimate": {"avg": {}, "low": {}, "high": {}, "yearAgoEps": {}, "numberOfAnalysts": {}, "growth": {}}, "revenueEstimate": {"avg": {}, "low": {}, "high": {}, "numberOfAnalysts": {}, "yearAgoRevenue": {}, "growth": {}}, "epsTrend": {"current": {}, "7daysAgo": {}, "30daysAgo": {}, "60daysAgo": {}, "90daysAgo": {}}, "epsRevisions": {"upLast7days": {}, "upLast30days": {}, "downLast30days": {}, "downLast90days": {}}}, {"maxAge": 1, "period": "-5y", "endDate": null, "growth": {}, "earningsEstimate": {"avg": {}, "low": {}, "high": {}, "yearAgoEps": {}, "numberOfAnalysts": {}, "growth": {}}, "revenueEstimate": {"avg": {}, "low": {}, "high": {}, "numberOfAnalysts": {}, "yearAgoRevenue": {}, "growth": {}}, "epsTrend": {"current": {}, "7daysAgo": {}, "30daysAgo": {}, "60daysAgo": {}, "90daysAgo": {}}, "epsRevisions": {"upLast7days": {}, "upLast30days": {}, "downLast30days": {}, "downLast90days": {}}}], "maxAge": 1}, "financialData": {"maxAge": 86400, "currentPrice": 60.7, "targetHighPrice": 221.0, "targetLowPrice": 221.0, "targetMeanPrice": 221.0, "targetMedianPrice": 221.0, "recommendationKey": "none", "numberOfAnalystOpinions": 1, "grossProfits": 1188610000, "financialCurrency": "INR"}}}