{"ROLLT.BO": {"cashflowStatementHistory": {"cashflowStatements": [{"maxAge": 1, "endDate": "2020-03-31", "netIncome": -232854000, "depreciation": 259081000, "changeToNetincome": 53598000, "changeToAccountReceivables": -11130000, "changeToLiabilities": 47532000, "changeToInventory": 26909000, "changeToOperatingActivities": 6407000, "totalCashFromOperatingActivities": 149543000, "capitalExpenditures": -26052000, "investments": -8390000, "otherCashflowsFromInvestingActivities": 87476000, "totalCashflowsFromInvestingActivities": 55553000, "netBorrowings": -205039000, "otherCashflowsFromFinancingActivities": -1000, "totalCashFromFinancingActivities": -205040000, "changeInCash": 235000}, {"maxAge": 1, "endDate": "2019-03-31", "netIncome": -238226000, "depreciation": 90688000, "changeToNetincome": 88049000, "changeToAccountReceivables": 98337000, "changeToLiabilities": 27766000, "changeToInventory": 7877000, "changeToOperatingActivities": -327019000, "totalCashFromOperatingActivities": -250195000, "capitalExpenditures": -17663000, "investments": 76462000, "otherCashflowsFromInvestingActivities": 31704000, "totalCashflowsFromInvestingActivities": 90503000, "netBorrowings": 11753000, "otherCashflowsFromFinancingActivities": 137306000, "totalCashFromFinancingActivities": 149059000, "changeInCash": -10635000}, {"maxAge": 1, "endDate": "2018-03-31", "netIncome": -4443000, "depreciation": 144582000, "changeToNetincome": -255927000, "changeToAccountReceivables": -14941000, "changeToLiabilities": -67701000, "changeToInventory": -146738000, "changeToOperatingActivities": 121435000, "totalCashFromOperatingActivities": -223733000, "capitalExpenditures": -18884000, "investments": 26367000, "otherCashflowsFromInvestingActivities": 79261000, "totalCashflowsFromInvestingActivities": 281531000, "netBorrowings": -55741000, "otherCashflowsFromFinancingActivities": -10408000, "totalCashFromFinancingActivities": -66149000, "changeInCash": -8350000}, {"maxAge": 1, "endDate": "2017-03-31", "netIncome": -194039000, "depreciation": 132531000, "changeToNetincome": -85545000, "changeToAccountReceivables": -211665000, "changeToLiabilities": -34754000, "changeToInventory": 21527000, "changeToOperatingActivities": 191886000, "totalCashFromOperatingActivities": -180059000, "capitalExpenditures": -90882000, "investments": 13950000, "otherCashflowsFromInvestingActivities": 144560000, "totalCashflowsFromInvestingActivities": 67628000, "netBorrowings": 133681000, "otherCashflowsFromFinancingActivities": -9261000, "totalCashFromFinancingActivities": 124420000, "changeInCash": 11989000}], "maxAge": 86400}, "institutionOwnership": {"maxAge": 1, "ownershipList": []}, "balanceSheetHistoryQuarterly": {"balanceSheetStatements": [{"maxAge": 1, "endDate": "2020-06-30", "totalStockholderEquity": 598587000, "netTangibleAssets": -20195000}, {"maxAge": 1, "endDate": "2020-03-31", "cash": 50074000, "shortTermInvestments": 55877000, "netReceivables": 661664000, "inventory": 218945000, "otherCurrentAssets": 19972000, "totalCurrentAssets": 1006532000, "longTermInvestments": 675367000, "propertyPlantEquipment": 1812455000, "goodWill": 195416000, "intangibleAssets": 423366000, "otherAssets": 170804000, "deferredLongTermAssetCharges": 137642000, "totalAssets": 4283940000, "accountsPayable": 541352000, "shortLongTermDebt": 918725000, "otherCurrentLiab": 1092683000, "longTermDebt": 719685000, "otherLiab": 351762000, "minorityInterest": 40463000, "totalCurrentLiabilities": 2573443000, "totalLiab": 3644890000, "commonStock": 250084000, "treasuryStock": 348503000, "otherStockholderEquity": 348503000, "totalStockholderEquity": 598587000, "netTangibleAssets": -20195000}, {"maxAge": 1, "endDate": "2019-12-31", "totalStockholderEquity": 488500000, "netTangibleAssets": -92200000}, {"maxAge": 1, "endDate": "2019-09-30", "cash": 29400000, "shortTermInvestments": 30600000, "netReceivables": 489400000, "inventory": 243300000, "otherCurrentAssets": 18500000, "totalCurrentAssets": 811200000, "longTermInvestments": 81400000, "propertyPlantEquipment": 951900000, "goodWill": 195400000, "intangibleAssets": 385300000, "otherAssets": 272100000, "deferredLongTermAssetCharges": 137600000, "totalAssets": 2697300000, "accountsPayable": 508100000, "shortLongTermDebt": 77600000, "otherCurrentLiab": 1022700000, "longTermDebt": 225600000, "otherLiab": 298600000, "minorityInterest": 55700000, "totalCurrentLiabilities": 1628900000, "totalLiab": 2153100000, "commonStock": 250100000, "treasuryStock": 238400000, "otherStockholderEquity": 238400000, "totalStockholderEquity": 488500000, "netTangibleAssets": -92200000}], "maxAge": 86400}, "indexTrend": {"maxAge": 1, "symbol": "SP5", "peRatio": 19.7411, "pegRatio": 1.34172, "estimates": [{"period": "0q", "growth": 0.549}, {"period": "+1q", "growth": 0.431}, {"period": "0y", "growth": 0.305}, {"period": "+1y", "growth": 0.109}, {"period": "+5y", "growth": 0.120859005}, {"period": "-5y"}]}, "insiderTransactions": {"transactions": [{"maxAge": 1, "shares": 92377, "filerUrl": "", "transactionText": "", "filerName": "WLD Investments Pvt. Ltd.", "filerRelation": "Institution- Corporation", "moneyText": "", "startDate": "2010-05-24", "ownership": "D"}, {"maxAge": 1, "shares": 75000, "filerUrl": "", "transactionText": "", "filerName": "WLD Investments Pvt. Ltd.", "filerRelation": "Institution- Corporation", "moneyText": "", "startDate": "2010-05-21", "ownership": "D"}, {"maxAge": 1, "shares": 25000, "filerUrl": "", "transactionText": "", "filerName": "WLD Investments Pvt. Ltd.", "filerRelation": "Institution- Corporation", "moneyText": "", "startDate": "2010-04-30", "ownership": "D"}, {"maxAge": 1, "shares": 25000, "filerUrl": "", "transactionText": "", "filerName": "WLD Investments Pvt. Ltd.", "filerRelation": "Institution- Corporation", "moneyText": "", "startDate": "2010-04-29", "ownership": "D"}, {"maxAge": 1, "shares": 100000, "filerUrl": "", "transactionText": "", "filerName": "WLD Investments Pvt. Ltd.", "filerRelation": "Institution- Corporation", "moneyText": "", "startDate": "2010-04-27", "ownership": "D"}, {"maxAge": 1, "shares": 375000, "filerUrl": "", "transactionText": "", "filerName": "WLD Investments Pvt. Ltd.", "filerRelation": "Institution- Corporation", "moneyText": "", "startDate": "2010-04-21", "ownership": "D"}, {"maxAge": 1, "shares": 200000, "filerUrl": "", "transactionText": "", "filerName": "WLD Investments Pvt. Ltd.", "filerRelation": "Institution- Corporation", "moneyText": "", "startDate": "2010-04-16", "ownership": "D"}, {"maxAge": 1, "shares": 199248, "filerUrl": "", "transactionText": "", "filerName": "WLD Investments Pvt. Ltd.", "filerRelation": "Institution- Corporation", "moneyText": "", "startDate": "2010-04-15", "ownership": "D"}], "maxAge": 1}, "quoteType": {"exchange": "BSE", "quoteType": "EQUITY", "symbol": "ROLLT.BO", "underlyingSymbol": "ROLLT.BO", "shortName": "ROLLATAINERS LTD.", "longName": "Rollatainers Limited", "firstTradeDateEpochUtc": "2002-07-01 09:15:00", "timeZoneFullName": "Asia/Kolkata", "timeZoneShortName": "IST", "uuid": "84f9b6c7-f26f-33cd-a704-9838428c49af", "messageBoardId": null, "gmtOffSetMilliseconds": 19800000, "maxAge": 1}, "incomeStatementHistory": {"incomeStatementHistory": [{"maxAge": 1, "endDate": "2020-03-31", "totalRevenue": 1422884000, "costOfRevenue": 740008000, "grossProfit": 682876000, "researchDevelopment": {}, "sellingGeneralAdministrative": 284241000, "nonRecurring": {}, "otherOperatingExpenses": 325890000, "totalOperatingExpenses": 1607645000, "operatingIncome": -184761000, "totalOtherIncomeExpenseNet": -47212000, "ebit": -184761000, "interestExpense": -68714000, "incomeBeforeTax": -231973000, "incomeTaxExpense": 881000, "minorityInterest": 40463000, "netIncomeFromContinuingOps": -232854000, "discontinuedOperations": {}, "extraordinaryItems": {}, "effectOfAccountingCharges": {}, "otherItems": {}, "netIncome": -232854000, "netIncomeApplicableToCommonShares": -232854000}, {"maxAge": 1, "endDate": "2019-03-31", "totalRevenue": 1353475000, "costOfRevenue": 684680000, "grossProfit": 668795000, "researchDevelopment": {}, "sellingGeneralAdministrative": 485013000, "nonRecurring": {}, "otherOperatingExpenses": 225649000, "totalOperatingExpenses": 1477872000, "operatingIncome": -124397000, "totalOtherIncomeExpenseNet": -46978000, "ebit": -124397000, "interestExpense": -11849000, "incomeBeforeTax": -171375000, "incomeTaxExpense": 66851000, "minorityInterest": 68620000, "netIncomeFromContinuingOps": -238226000, "discontinuedOperations": {}, "extraordinaryItems": {}, "effectOfAccountingCharges": {}, "otherItems": {}, "netIncome": -238226000, "netIncomeApplicableToCommonShares": -238226000}, {"maxAge": 1, "endDate": "2018-03-31", "totalRevenue": 1366813000, "costOfRevenue": 741906000, "grossProfit": 624907000, "researchDevelopment": {}, "sellingGeneralAdministrative": 457891000, "nonRecurring": {}, "otherOperatingExpenses": 215606000, "totalOperatingExpenses": 1559985000, "operatingIncome": -193172000, "totalOtherIncomeExpenseNet": 163330000, "ebit": -193172000, "interestExpense": -10410000, "incomeBeforeTax": -29842000, "incomeTaxExpense": -25399000, "minorityInterest": -9178000, "netIncomeFromContinuingOps": -4443000, "discontinuedOperations": {}, "extraordinaryItems": {}, "effectOfAccountingCharges": {}, "otherItems": {}, "netIncome": -4443000, "netIncomeApplicableToCommonShares": -4443000}, {"maxAge": 1, "endDate": "2017-03-31", "totalRevenue": 1423513000, "costOfRevenue": 793789000, "grossProfit": 629724000, "researchDevelopment": {}, "sellingGeneralAdministrative": 457356000, "nonRecurring": {}, "otherOperatingExpenses": 219915000, "totalOperatingExpenses": 1603591000, "operatingIncome": -180078000, "totalOtherIncomeExpenseNet": 35480000, "ebit": -180078000, "interestExpense": -9261000, "incomeBeforeTax": -144598000, "incomeTaxExpense": 49441000, "minorityInterest": 25013000, "netIncomeFromContinuingOps": -194039000, "discontinuedOperations": {}, "extraordinaryItems": {}, "effectOfAccountingCharges": {}, "otherItems": {}, "netIncome": -194039000, "netIncomeApplicableToCommonShares": -194039000}], "maxAge": 86400}, "fundOwnership": {"maxAge": 1, "ownershipList": []}, "summaryDetail": {"maxAge": 1, "priceHint": 4, "previousClose": 3.29, "open": 3.2, "dayLow": 3.13, "dayHigh": 3.4, "regularMarketPreviousClose": 3.29, "regularMarketOpen": 3.2, "regularMarketDayLow": 3.13, "regularMarketDayHigh": 3.4, "volume": 9114, "regularMarketVolume": 9114, "averageVolume": 140441, "averageVolume10days": 6417, "averageDailyVolume10Day": 6417, "bid": 0.0, "ask": 3.13, "bidSize": 0, "askSize": 0, "marketCap": 782906944, "fiftyTwoWeekLow": 1.03, "fiftyTwoWeekHigh": 5.11, "fiftyDayAverage": 3.9034286, "twoHundredDayAverage": 3.1037955, "currency": "INR", "fromCurrency": null, "toCurrency": null, "lastMarket": null, "algorithm": null, "tradeable": false}, "incomeStatementHistoryQuarterly": {"incomeStatementHistory": [{"maxAge": 1, "endDate": "2020-06-30", "totalRevenue": 84409000, "costOfRevenue": 58915000, "grossProfit": 25494000, "researchDevelopment": {}, "sellingGeneralAdministrative": 27125000, "nonRecurring": {}, "otherOperatingExpenses": 30293000, "totalOperatingExpenses": 181176000, "operatingIncome": -96767000, "totalOtherIncomeExpenseNet": 3328000, "ebit": -96767000, "interestExpense": -25875000, "incomeBeforeTax": -93439000, "incomeTaxExpense": 0, "minorityInterest": {}, "netIncomeFromContinuingOps": -93439000, "discontinuedOperations": {}, "extraordinaryItems": {}, "effectOfAccountingCharges": {}, "otherItems": {}, "netIncome": -93439000, "netIncomeApplicableToCommonShares": -93439000}, {"maxAge": 1, "endDate": "2020-03-31", "totalRevenue": 312984000, "costOfRevenue": 159608000, "grossProfit": 153376000, "researchDevelopment": {}, "sellingGeneralAdministrative": 77241000, "nonRecurring": {}, "otherOperatingExpenses": 76290000, "totalOperatingExpenses": 377745000, "operatingIncome": -64761000, "totalOtherIncomeExpenseNet": -19306000, "ebit": -64761000, "interestExpense": -25414000, "incomeBeforeTax": -84067000, "incomeTaxExpense": 7381000, "minorityInterest": 40463000, "netIncomeFromContinuingOps": -91448000, "discontinuedOperations": {}, "extraordinaryItems": {}, "effectOfAccountingCharges": {}, "otherItems": {}, "netIncome": -91448000, "netIncomeApplicableToCommonShares": -91448000}, {"maxAge": 1, "endDate": "2019-12-31", "totalRevenue": 385800000, "costOfRevenue": 197800000, "grossProfit": 188000000, "researchDevelopment": {}, "sellingGeneralAdministrative": 70400000, "nonRecurring": {}, "otherOperatingExpenses": 79700000, "totalOperatingExpenses": 416200000, "operatingIncome": -30400000, "totalOtherIncomeExpenseNet": -13100000, "ebit": -30400000, "interestExpense": -17100000, "incomeBeforeTax": -43500000, "incomeTaxExpense": -6500000, "minorityInterest": 40463000, "netIncomeFromContinuingOps": -37000000, "discontinuedOperations": {}, "extraordinaryItems": {}, "effectOfAccountingCharges": {}, "otherItems": {}, "netIncome": -37000000, "netIncomeApplicableToCommonShares": -37000000}, {"maxAge": 1, "endDate": "2019-09-30", "totalRevenue": 367100000, "costOfRevenue": 191600000, "grossProfit": 175500000, "researchDevelopment": {}, "sellingGeneralAdministrative": 70000000, "nonRecurring": {}, "otherOperatingExpenses": 85900000, "totalOperatingExpenses": 410400000, "operatingIncome": -43300000, "totalOtherIncomeExpenseNet": -6200000, "ebit": -43300000, "interestExpense": -13600000, "incomeBeforeTax": -49500000, "incomeTaxExpense": 0, "minorityInterest": 55700000, "netIncomeFromContinuingOps": -49500000, "discontinuedOperations": {}, "extraordinaryItems": {}, "effectOfAccountingCharges": {}, "otherItems": {}, "netIncome": -49500000, "netIncomeApplicableToCommonShares": -49500000}], "maxAge": 86400}, "cashflowStatementHistoryQuarterly": {"cashflowStatements": [{"maxAge": 1, "endDate": "2020-06-30", "netIncome": -93439000, "changeToLiabilities": 0}, {"maxAge": 1, "endDate": "2020-03-31", "netIncome": -91448000, "changeToLiabilities": 0}, {"maxAge": 1, "endDate": "2019-12-31", "netIncome": -37000000, "changeToLiabilities": 0}, {"maxAge": 1, "endDate": "2019-09-30", "netIncome": -49500000, "changeToLiabilities": 0}], "maxAge": 86400}, "insiderHolders": {"holders": [{"maxAge": 1, "name": "WLD Investments Pvt. Ltd.", "relation": "Institution- Corporation", "url": "", "transactionDescription": "Sale", "latestTransDate": "2010-05-24", "positionDirect": 7520703, "positionDirectDate": "2010-05-24"}], "maxAge": 1}, "calendarEvents": {"maxAge": 1, "earnings": {"earningsDate": ["2020-02-14 05:30:S"]}}, "price": {"maxAge": 1, "regularMarketChangePercent": -0.048632175, "regularMarketChange": -0.15999985, "regularMarketTime": "2021-04-30 14:53:10", "priceHint": 4, "regularMarketPrice": 3.13, "regularMarketDayHigh": 3.4, "regularMarketDayLow": 3.13, "regularMarketVolume": 9114, "averageDailyVolume10Day": 6417, "averageDailyVolume3Month": 140441, "regularMarketPreviousClose": 3.29, "regularMarketSource": "FREE_REALTIME", "regularMarketOpen": 3.2, "exchange": "BSE", "exchangeName": "BSE", "exchangeDataDelayedBy": 0, "marketState": "CLOSED", "quoteType": "EQUITY", "symbol": "ROLLT.BO", "underlyingSymbol": null, "shortName": "ROLLATAINERS LTD.", "longName": "Rollatainers Limited", "currency": "INR", "quoteSourceName": "Delayed Quote", "currencySymbol": "\u20b9", "fromCurrency": null, "toCurrency": null, "lastMarket": null, "marketCap": 782906944}, "balanceSheetHistory": {"balanceSheetStatements": [{"maxAge": 1, "endDate": "2020-03-31", "cash": 50074000, "shortTermInvestments": 55877000, "netReceivables": 661664000, "inventory": 218945000, "otherCurrentAssets": 19972000, "totalCurrentAssets": 1006532000, "longTermInvestments": 675367000, "propertyPlantEquipment": 1812455000, "goodWill": 195416000, "intangibleAssets": 423366000, "otherAssets": 170804000, "deferredLongTermAssetCharges": 137642000, "totalAssets": 4283940000, "accountsPayable": 541352000, "shortLongTermDebt": 918725000, "otherCurrentLiab": 1092683000, "longTermDebt": 719685000, "otherLiab": 351762000, "minorityInterest": 40463000, "totalCurrentLiabilities": 2573443000, "totalLiab": 3644890000, "commonStock": 250084000, "treasuryStock": 348503000, "otherStockholderEquity": 348503000, "totalStockholderEquity": 598587000, "netTangibleAssets": -20195000}, {"maxAge": 1, "endDate": "2019-03-31", "cash": 41113000, "shortTermInvestments": 9876000, "netReceivables": 475162000, "inventory": 245854000, "otherCurrentAssets": 42931000, "totalCurrentAssets": 814936000, "longTermInvestments": 47374000, "propertyPlantEquipment": 1004885000, "goodWill": 195416000, "intangibleAssets": 2049000, "otherAssets": 316294000, "deferredLongTermAssetCharges": 137642000, "totalAssets": 2380954000, "accountsPayable": 490644000, "otherCurrentLiab": 907398000, "longTermDebt": 219303000, "otherLiab": 48884000, "minorityInterest": 68620000, "totalCurrentLiabilities": 1464037000, "totalLiab": 1732224000, "commonStock": 250130000, "retainedEarnings": -795302000, "treasuryStock": 210347000, "capitalSurplus": 914935000, "otherStockholderEquity": 210347000, "totalStockholderEquity": 580110000, "netTangibleAssets": 382645000}, {"maxAge": 1, "endDate": "2018-03-31", "cash": 51748000, "shortTermInvestments": 5202000, "netReceivables": 596655000, "inventory": 282304000, "otherCurrentAssets": 20930000, "totalCurrentAssets": 956839000, "longTermInvestments": 69232000, "propertyPlantEquipment": 916471000, "goodWill": 418477000, "intangibleAssets": 1729000, "otherAssets": 301331000, "deferredLongTermAssetCharges": 204432000, "totalAssets": 2664079000, "accountsPayable": 462878000, "otherCurrentLiab": 1092710000, "longTermDebt": 209544000, "otherLiab": 48628000, "minorityInterest": -9178000, "totalCurrentLiabilities": 1670922000, "totalLiab": 1929094000, "commonStock": 250130000, "retainedEarnings": -568921000, "treasuryStock": 197185000, "capitalSurplus": 865769000, "otherStockholderEquity": 197185000, "totalStockholderEquity": 744163000, "netTangibleAssets": 323957000}, {"maxAge": 1, "endDate": "2017-03-31", "cash": 60098000, "shortTermInvestments": 3927000, "netReceivables": 1361395000, "inventory": 135566000, "otherCurrentAssets": 20129000, "totalCurrentAssets": 1581115000, "longTermInvestments": 95599000, "propertyPlantEquipment": 1502412000, "goodWill": 417797000, "otherAssets": 282094000, "deferredLongTermAssetCharges": 179435000, "totalAssets": 3461220000, "accountsPayable": 252562000, "otherCurrentLiab": 34896000, "longTermDebt": 2155329000, "otherLiab": 104729000, "minorityInterest": 25013000, "totalCurrentLiabilities": 436472000, "totalLiab": 2696530000, "commonStock": 250130000, "retainedEarnings": -605212000, "treasuryStock": 223490000, "capitalSurplus": 871269000, "otherStockholderEquity": 223490000, "totalStockholderEquity": 739677000, "netTangibleAssets": 739677000}], "maxAge": 86400}, "financialData": {"maxAge": 86400, "currentPrice": 3.13, "recommendationKey": "none", "grossProfits": 682876000, "financialCurrency": "INR"}}}