{"ROML.NS": {"cashflowStatementHistory": {"cashflowStatements": [{"maxAge": 1, "endDate": "2020-03-31", "netIncome": 14844593, "depreciation": 11237468, "changeToNetincome": 21831497, "changeToAccountReceivables": -13953820, "changeToLiabilities": 36862850, "changeToInventory": -7079305, "changeToOperatingActivities": -88134657, "totalCashFromOperatingActivities": -24400769, "capitalExpenditures": -1567810, "otherCashflowsFromInvestingActivities": 280131, "totalCashflowsFromInvestingActivities": -1116494, "netBorrowings": 29829186, "otherCashflowsFromFinancingActivities": 857928, "totalCashFromFinancingActivities": 30687114, "changeInCash": 5169851}, {"maxAge": 1, "endDate": "2019-03-31", "netIncome": -332069981, "depreciation": 12913016, "changeToNetincome": 670121672, "changeToAccountReceivables": -21055880, "changeToLiabilities": -192481947, "changeToInventory": -7654262, "changeToOperatingActivities": -149940136, "totalCashFromOperatingActivities": -111889887, "capitalExpenditures": -1505156, "otherCashflowsFromInvestingActivities": 206307, "totalCashflowsFromInvestingActivities": -1298849, "netBorrowings": -823647579, "otherCashflowsFromFinancingActivities": 820923141, "totalCashFromFinancingActivities": 109690692, "changeInCash": -3498044, "issuanceOfStock": 112415130}, {"maxAge": 1, "endDate": "2018-03-31", "netIncome": -354290458, "depreciation": 21219882, "changeToNetincome": 369536283, "changeToAccountReceivables": -13023804, "changeToLiabilities": -10323236, "changeToInventory": -11436007, "changeToOperatingActivities": 3186723, "totalCashFromOperatingActivities": 4806383, "capitalExpenditures": -83394, "otherCashflowsFromInvestingActivities": 132923, "totalCashflowsFromInvestingActivities": 49529, "netBorrowings": -1578461, "otherCashflowsFromFinancingActivities": 1179298, "totalCashFromFinancingActivities": -399163, "changeInCash": 4456812, "issuanceOfStock": 112415130}, {"maxAge": 1, "endDate": "2017-03-31", "netIncome": -160182569, "depreciation": 34332000, "changeToNetincome": 93534569, "changeToAccountReceivables": 63627000, "changeToLiabilities": -62350000, "changeToInventory": 6580000, "changeToOperatingActivities": 21257000, "totalCashFromOperatingActivities": -3202000, "capitalExpenditures": -83394, "otherCashflowsFromInvestingActivities": 131000, "totalCashflowsFromInvestingActivities": 43550000, "netBorrowings": -42682000, "otherCashflowsFromFinancingActivities": -77000, "totalCashFromFinancingActivities": -42759000, "changeInCash": -2409000, "issuanceOfStock": 112415130}], "maxAge": 86400}, "institutionOwnership": {"ownershipList": [], "maxAge": 1}, "balanceSheetHistoryQuarterly": {"balanceSheetStatements": [{"maxAge": 1, "endDate": "2020-06-30", "totalStockholderEquity": -161934343, "netTangibleAssets": -176309343}, {"maxAge": 1, "endDate": "2020-03-31", "cash": 8339654, "shortTermInvestments": 2039966, "netReceivables": 32031526, "inventory": 31333163, "otherCurrentAssets": 268234, "totalCurrentAssets": 74531613, "longTermInvestments": 225000, "propertyPlantEquipment": 185197091, "intangibleAssets": 14375000, "otherAssets": 17555249, "deferredLongTermAssetCharges": 15349143, "totalAssets": 291883953, "accountsPayable": 49433611, "shortLongTermDebt": 40000000, "otherCurrentLiab": 30630946, "longTermDebt": 62069431, "otherLiab": 18795279, "totalCurrentLiabilities": 372953586, "totalLiab": 453818296, "commonStock": 149886840, "retainedEarnings": -1620049867, "treasuryStock": 53325278, "capitalSurplus": 1254903406, "otherStockholderEquity": 53325278, "totalStockholderEquity": -161934343, "netTangibleAssets": -176309343}, {"maxAge": 1, "endDate": "2019-12-31", "totalStockholderEquity": -151906000, "netTangibleAssets": -165557000}, {"maxAge": 1, "endDate": "2019-09-30", "cash": 15077000, "shortTermInvestments": 134000, "netReceivables": 66843000, "inventory": 32886000, "otherCurrentAssets": 453000, "totalCurrentAssets": 115393000, "longTermInvestments": 225000, "propertyPlantEquipment": 188869000, "intangibleAssets": 13651000, "otherAssets": 10757000, "deferredLongTermAssetCharges": 8606000, "totalAssets": 328895000, "accountsPayable": 37284000, "otherCurrentLiab": 87321000, "longTermDebt": 116256000, "otherLiab": 2247000, "totalCurrentLiabilities": 362298000, "totalLiab": 480801000, "commonStock": 14988000, "treasuryStock": -166894000, "otherStockholderEquity": -166894000, "totalStockholderEquity": -151906000, "netTangibleAssets": -165557000}], "maxAge": 86400}, "indexTrend": {"maxAge": 1, "symbol": "SP5", "peRatio": 19.7411, "pegRatio": 1.34172, "estimates": [{"period": "0q", "growth": 0.549}, {"period": "+1q", "growth": 0.431}, {"period": "0y", "growth": 0.305}, {"period": "+1y", "growth": 0.109}, {"period": "+5y", "growth": 0.120865}, {"period": "-5y"}]}, "insiderTransactions": {"transactions": [{"maxAge": 1, "shares": 250400, "filerUrl": "", "transactionText": "", "filerName": "Tharadra (Shaukat S & Shahida S)", "filerRelation": "Promoter", "moneyText": "", "startDate": "2011-11-11", "ownership": "D"}, {"maxAge": 1, "shares": 300000, "filerUrl": "", "transactionText": "", "filerName": "Tharadra (Shaukat S & Shahida S)", "filerRelation": "Promoter", "moneyText": "", "startDate": "2011-11-09", "ownership": "D"}, {"maxAge": 1, "shares": 400000, "filerUrl": "", "transactionText": "", "filerName": "Tharadra (Shaukat S & Shahida S)", "filerRelation": "Promoter", "moneyText": "", "startDate": "2011-11-08", "ownership": "D"}, {"maxAge": 1, "shares": 34000, "filerUrl": "", "transactionText": "", "filerName": "Tharadra (Shaukat S & Shahida S)", "filerRelation": "Promoter", "moneyText": "", "startDate": "2011-10-14", "ownership": "D"}], "maxAge": 1}, "quoteType": {"exchange": "NSI", "quoteType": "EQUITY", "symbol": "ROML.NS", "underlyingSymbol": "ROML.NS", "shortName": "Raj Oil Mills Limited", "longName": "Raj Oil Mills Limited", "firstTradeDateEpochUtc": "2009-08-12 09:15:00", "timeZoneFullName": "Asia/Kolkata", "timeZoneShortName": "IST", "uuid": "da185de0-754b-3fad-a873-502e3f70bd7c", "gmtOffSetMilliseconds": 19800000, "maxAge": 1}, "incomeStatementHistory": {"incomeStatementHistory": [{"maxAge": 1, "endDate": "2020-03-31", "totalRevenue": 828385352, "costOfRevenue": 640629268, "grossProfit": 187756084, "researchDevelopment": {}, "sellingGeneralAdministrative": 91236139, "nonRecurring": {}, "otherOperatingExpenses": 74674012, "totalOperatingExpenses": 818045532, "operatingIncome": 10339820, "totalOtherIncomeExpenseNet": 347458, "ebit": 10339820, "interestExpense": {}, "incomeBeforeTax": 10687278, "incomeTaxExpense": -4157315, "minorityInterest": {}, "netIncomeFromContinuingOps": 14844593, "discontinuedOperations": {}, "extraordinaryItems": {}, "effectOfAccountingCharges": {}, "otherItems": {}, "netIncome": 14844593, "netIncomeApplicableToCommonShares": 14844593}, {"maxAge": 1, "endDate": "2019-03-31", "totalRevenue": 713903470, "costOfRevenue": 535359168, "grossProfit": 178544302, "researchDevelopment": {}, "sellingGeneralAdministrative": 70774059, "nonRecurring": {}, "otherOperatingExpenses": 655339026, "totalOperatingExpenses": 1288146167, "operatingIncome": -574242697, "totalOtherIncomeExpenseNet": 226104353, "ebit": -574242697, "interestExpense": -125908, "incomeBeforeTax": -348138344, "incomeTaxExpense": -16068363, "minorityInterest": {}, "netIncomeFromContinuingOps": -332069981, "discontinuedOperations": {}, "extraordinaryItems": {}, "effectOfAccountingCharges": {}, "otherItems": {}, "netIncome": -332069981, "netIncomeApplicableToCommonShares": -332069981}, {"maxAge": 1, "endDate": "2018-03-31", "totalRevenue": 597151219, "costOfRevenue": 460856217, "grossProfit": 136295002, "researchDevelopment": {}, "sellingGeneralAdministrative": 58574191, "nonRecurring": {}, "otherOperatingExpenses": 41260929, "totalOperatingExpenses": 581911219, "operatingIncome": 15240000, "totalOtherIncomeExpenseNet": -432878822, "ebit": 15240000, "interestExpense": -326102, "incomeBeforeTax": -417638822, "incomeTaxExpense": -63348364, "minorityInterest": {}, "netIncomeFromContinuingOps": -354290458, "discontinuedOperations": {}, "extraordinaryItems": {}, "effectOfAccountingCharges": {}, "otherItems": {}, "netIncome": -354290458, "netIncomeApplicableToCommonShares": -354290458}, {"maxAge": 1, "endDate": "2017-03-31", "totalRevenue": 588395821, "costOfRevenue": 465846206, "grossProfit": 122549615, "researchDevelopment": {}, "sellingGeneralAdministrative": 78269474, "nonRecurring": {}, "otherOperatingExpenses": 76541892, "totalOperatingExpenses": 654989658, "operatingIncome": -66593837, "totalOtherIncomeExpenseNet": -133697497, "ebit": -66593837, "interestExpense": -791030, "incomeBeforeTax": -200291334, "incomeTaxExpense": -40108765, "minorityInterest": {}, "netIncomeFromContinuingOps": -160182569, "discontinuedOperations": {}, "extraordinaryItems": {}, "effectOfAccountingCharges": {}, "otherItems": {}, "netIncome": -160182569, "netIncomeApplicableToCommonShares": -160182569}], "maxAge": 86400}, "fundOwnership": {"ownershipList": [], "maxAge": 1}, "summaryDetail": {"maxAge": 1, "priceHint": 2, "previousClose": 104.6, "open": 104.0, "dayLow": 102.35, "dayHigh": 109.8, "regularMarketPreviousClose": 104.6, "regularMarketOpen": 104.0, "regularMarketDayLow": 102.35, "regularMarketDayHigh": 109.8, "trailingPE": 90.37037, "volume": 15546, "regularMarketVolume": 15546, "averageVolume": 9735, "averageVolume10days": 9762, "averageDailyVolume10Day": 9762, "bid": 0.0, "ask": 0.0, "marketCap": 1698584064, "fiftyTwoWeekLow": 3.75, "fiftyTwoWeekHigh": 170.35, "fiftyDayAverage": 107.621216, "twoHundredDayAverage": 59.3325, "currency": "INR", "fromCurrency": null, "lastMarket": null, "algorithm": null, "tradeable": false}, "incomeStatementHistoryQuarterly": {"incomeStatementHistory": [{"maxAge": 1, "endDate": "2020-06-30", "totalRevenue": 247076000, "costOfRevenue": 199992000, "grossProfit": 47084000, "researchDevelopment": {}, "sellingGeneralAdministrative": 20260000, "nonRecurring": {}, "otherOperatingExpenses": 8620000, "totalOperatingExpenses": 231691000, "operatingIncome": 15385000, "totalOtherIncomeExpenseNet": 58000, "ebit": 15385000, "interestExpense": {}, "incomeBeforeTax": 15443000, "incomeTaxExpense": -1086000, "minorityInterest": {}, "netIncomeFromContinuingOps": 16529000, "discontinuedOperations": {}, "extraordinaryItems": {}, "effectOfAccountingCharges": {}, "otherItems": {}, "netIncome": 16529000, "netIncomeApplicableToCommonShares": 16529000}, {"maxAge": 1, "endDate": "2020-03-31", "totalRevenue": 205572352, "costOfRevenue": 167819268, "grossProfit": 37753084, "researchDevelopment": {}, "sellingGeneralAdministrative": 24879139, "nonRecurring": {}, "otherOperatingExpenses": 38425012, "totalOperatingExpenses": 232100532, "operatingIncome": -26528180, "totalOtherIncomeExpenseNet": 173458, "ebit": -26528180, "interestExpense": {}, "incomeBeforeTax": -26354722, "incomeTaxExpense": -7525315, "minorityInterest": {}, "netIncomeFromContinuingOps": -18829407, "discontinuedOperations": {}, "extraordinaryItems": {}, "effectOfAccountingCharges": {}, "otherItems": {}, "netIncome": -18829407, "netIncomeApplicableToCommonShares": -18829407}, {"maxAge": 1, "endDate": "2019-12-31", "totalRevenue": 219374000, "costOfRevenue": 171787000, "grossProfit": 47587000, "researchDevelopment": {}, "sellingGeneralAdministrative": 23933000, "nonRecurring": {}, "otherOperatingExpenses": 11045000, "totalOperatingExpenses": 210292000, "operatingIncome": 9082000, "totalOtherIncomeExpenseNet": 51000, "ebit": 9082000, "interestExpense": -13000, "incomeBeforeTax": 9133000, "incomeTaxExpense": 782000, "minorityInterest": {}, "netIncomeFromContinuingOps": 8351000, "discontinuedOperations": {}, "extraordinaryItems": {}, "effectOfAccountingCharges": {}, "otherItems": {}, "netIncome": 8351000, "netIncomeApplicableToCommonShares": 8351000}, {"maxAge": 1, "endDate": "2019-09-30", "totalRevenue": 204684000, "costOfRevenue": 154011000, "grossProfit": 50673000, "researchDevelopment": {}, "sellingGeneralAdministrative": 21560000, "nonRecurring": {}, "otherOperatingExpenses": 13136000, "totalOperatingExpenses": 192231000, "operatingIncome": 12453000, "totalOtherIncomeExpenseNet": 69000, "ebit": 12453000, "interestExpense": -4000, "incomeBeforeTax": 12522000, "incomeTaxExpense": 818000, "minorityInterest": {}, "netIncomeFromContinuingOps": 11704000, "discontinuedOperations": {}, "extraordinaryItems": {}, "effectOfAccountingCharges": {}, "otherItems": {}, "netIncome": 11704000, "netIncomeApplicableToCommonShares": 11704000}], "maxAge": 86400}, "cashflowStatementHistoryQuarterly": {"cashflowStatements": [{"maxAge": 1, "endDate": "2020-06-30", "netIncome": 16529000, "changeToLiabilities": 0}, {"maxAge": 1, "endDate": "2020-03-31", "netIncome": -18829407, "changeToLiabilities": 0}, {"maxAge": 1, "endDate": "2019-12-31", "netIncome": 8351000, "changeToLiabilities": 0}, {"maxAge": 1, "endDate": "2019-09-30", "netIncome": 11704000, "changeToLiabilities": 0}], "maxAge": 86400}, "insiderHolders": {"holders": [{"maxAge": 1, "name": "Tharadra (Shaukat S & Shahida S)", "relation": "Promoter", "url": "", "transactionDescription": "Acquisition", "latestTransDate": "2011-11-11", "positionDirect": 10995700, "positionDirectDate": "2011-11-11"}], "maxAge": 1}, "calendarEvents": {"maxAge": 1, "earnings": {"earningsDate": []}}, "upgradeDowngradeHistory": {"history": [], "maxAge": 86400}, "price": {"maxAge": 1, "regularMarketChangePercent": 0.04971324, "regularMarketChange": 5.2000046, "regularMarketTime": "2021-04-30 15:28:43", "priceHint": 2, "regularMarketPrice": 109.8, "regularMarketDayHigh": 109.8, "regularMarketDayLow": 102.35, "regularMarketVolume": 15546, "averageDailyVolume10Day": 9762, "averageDailyVolume3Month": 9735, "regularMarketPreviousClose": 104.6, "regularMarketSource": "FREE_REALTIME", "regularMarketOpen": 104.0, "exchange": "NSI", "exchangeName": "NSE", "exchangeDataDelayedBy": 15, "marketState": "CLOSED", "quoteType": "EQUITY", "symbol": "ROML.NS", "underlyingSymbol": null, "shortName": "Raj Oil Mills Limited", "longName": "Raj Oil Mills Limited", "currency": "INR", "quoteSourceName": "Delayed Quote", "currencySymbol": "\u20b9", "fromCurrency": null, "lastMarket": null, "marketCap": 1698584064}, "balanceSheetHistory": {"balanceSheetStatements": [{"maxAge": 1, "endDate": "2020-03-31", "cash": 8339654, "shortTermInvestments": 2039966, "netReceivables": 32031526, "inventory": 31333163, "otherCurrentAssets": 268234, "totalCurrentAssets": 74531613, "longTermInvestments": 225000, "propertyPlantEquipment": 185197091, "intangibleAssets": 14375000, "otherAssets": 17555249, "deferredLongTermAssetCharges": 15349143, "totalAssets": 291883953, "accountsPayable": 49433611, "shortLongTermDebt": 40000000, "otherCurrentLiab": 30630946, "longTermDebt": 62069431, "otherLiab": 18795279, "totalCurrentLiabilities": 372953586, "totalLiab": 453818296, "commonStock": 149886840, "retainedEarnings": -1620049867, "treasuryStock": 53325278, "capitalSurplus": 1254903406, "otherStockholderEquity": 53325278, "totalStockholderEquity": -161934343, "netTangibleAssets": -176309343}, {"maxAge": 1, "endDate": "2019-03-31", "cash": 1375304, "shortTermInvestments": 3834463, "netReceivables": 44509373, "inventory": 24253858, "otherCurrentAssets": 89284, "totalCurrentAssets": 74399274, "longTermInvestments": 225000, "propertyPlantEquipment": 194866749, "intangibleAssets": 14375000, "otherAssets": 13439577, "deferredLongTermAssetCharges": 11191828, "totalAssets": 297305600, "accountsPayable": 12570761, "shortLongTermDebt": 142156327, "otherCurrentLiab": 16848225, "longTermDebt": 126206650, "otherLiab": 17833494, "totalCurrentLiabilities": 329995136, "totalLiab": 474035280, "commonStock": 149886840, "retainedEarnings": -1634894460, "treasuryStock": 53374535, "capitalSurplus": 1254903405, "otherStockholderEquity": 53374535, "totalStockholderEquity": -176729680, "netTangibleAssets": -191104680}, {"maxAge": 1, "endDate": "2018-03-31", "cash": 6760606, "shortTermInvestments": 1947207, "netReceivables": 650599503, "inventory": 16599596, "otherCurrentAssets": 79693, "totalCurrentAssets": 676011640, "longTermInvestments": 125000, "propertyPlantEquipment": 265876819, "otherAssets": 3017779, "totalAssets": 945031238, "accountsPayable": 205052706, "shortLongTermDebt": 3973279, "otherCurrentLiab": 192569450, "longTermDebt": 1110753355, "otherLiab": 7407456, "totalCurrentLiabilities": 618731861, "totalLiab": 1736892672, "commonStock": 749434380, "retainedEarnings": -2836865920, "treasuryStock": 40666700, "capitalSurplus": 1254903406, "otherStockholderEquity": 40666700, "totalStockholderEquity": -791861434, "netTangibleAssets": -791861434}, {"maxAge": 1, "endDate": "2017-03-31", "cash": 2423662, "shortTermInvestments": 1826902, "netReceivables": 637575699, "inventory": 5163589, "totalCurrentAssets": 647075447, "longTermInvestments": 125000, "propertyPlantEquipment": 719788041, "otherAssets": 3060280, "totalAssets": 1370048768, "accountsPayable": 214179942, "shortLongTermDebt": 2207832, "otherCurrentLiab": 208200573, "longTermDebt": 1112331816, "otherLiab": 69582754, "totalCurrentLiabilities": 624758934, "totalLiab": 1806673504, "commonStock": 749434380, "retainedEarnings": -2481629222, "treasuryStock": 40666700, "capitalSurplus": 1254903406, "otherStockholderEquity": 40666700, "totalStockholderEquity": -436624736, "netTangibleAssets": -436624736}], "maxAge": 86400}, "financialData": {"maxAge": 86400, "currentPrice": 109.8, "recommendationKey": "none", "grossProfits": 187756084, "financialCurrency": "INR"}}}