{"ROOPAIND.BO": {"cashflowStatementHistory": {"cashflowStatements": [{"maxAge": 1, "endDate": "2020-03-31", "netIncome": 3720000, "depreciation": 7626000, "changeToNetincome": 2244000, "changeToAccountReceivables": -3119000, "changeToLiabilities": 20527000, "changeToInventory": -17024000, "changeToOperatingActivities": 9064000, "totalCashFromOperatingActivities": 23038000, "capitalExpenditures": -5002000, "investments": 29000, "otherCashflowsFromInvestingActivities": 12001000, "totalCashflowsFromInvestingActivities": 7028000, "netBorrowings": -21182000, "otherCashflowsFromFinancingActivities": -9459000, "totalCashFromFinancingActivities": -30641000, "changeInCash": -575000}, {"maxAge": 1, "endDate": "2019-03-31", "netIncome": 6041238, "depreciation": 5724979, "changeToNetincome": 11053703, "changeToAccountReceivables": 24479392, "changeToLiabilities": 19459162, "changeToInventory": -13870200, "changeToOperatingActivities": -8709895, "totalCashFromOperatingActivities": 44178379, "capitalExpenditures": -26781811, "investments": 100228, "otherCashflowsFromInvestingActivities": 2410191, "totalCashflowsFromInvestingActivities": -24271392, "netBorrowings": -5745049, "otherCashflowsFromFinancingActivities": -13019029, "totalCashFromFinancingActivities": -18764078, "changeInCash": 1142909}, {"maxAge": 1, "endDate": "2018-03-31", "netIncome": 5394611, "depreciation": 5247814, "changeToNetincome": -38819760, "changeToAccountReceivables": -28600675, "changeToLiabilities": 19400680, "changeToInventory": -21531448, "changeToOperatingActivities": 13588820, "totalCashFromOperatingActivities": -45319958, "capitalExpenditures": -24202695, "investments": 1403244, "otherCashflowsFromInvestingActivities": 47763520, "totalCashflowsFromInvestingActivities": 24964069, "netBorrowings": 30324813, "otherCashflowsFromFinancingActivities": -9782299, "totalCashFromFinancingActivities": 20542514, "changeInCash": 186625}, {"maxAge": 1, "endDate": "2017-03-31", "netIncome": 1879584, "depreciation": 5118680, "changeToNetincome": 17738492, "changeToAccountReceivables": -18773847, "changeToLiabilities": 2539968, "changeToInventory": -26851172, "changeToOperatingActivities": 6649566, "totalCashFromOperatingActivities": -11698729, "capitalExpenditures": -3650195, "investments": -949269, "otherCashflowsFromInvestingActivities": 67075, "totalCashflowsFromInvestingActivities": -4532389, "netBorrowings": 21156855, "otherCashflowsFromFinancingActivities": -5595105, "totalCashFromFinancingActivities": 15561750, "changeInCash": -669368}], "maxAge": 86400}, "institutionOwnership": {"maxAge": 1, "ownershipList": []}, "balanceSheetHistoryQuarterly": {"balanceSheetStatements": [{"maxAge": 1, "endDate": "2020-06-30", "totalStockholderEquity": 107971000, "netTangibleAssets": 107971000}, {"maxAge": 1, "endDate": "2020-03-31", "cash": 5864000, "netReceivables": 141463000, "inventory": 123511000, "otherCurrentAssets": 862000, "totalCurrentAssets": 271700000, "longTermInvestments": 103000, "propertyPlantEquipment": 105300000, "otherAssets": 3406000, "totalAssets": 380509000, "accountsPayable": 104290000, "otherCurrentLiab": 32589000, "longTermDebt": 73586000, "otherLiab": 13220000, "totalCurrentLiabilities": 185728000, "totalLiab": 272534000, "commonStock": 78655000, "treasuryStock": 29320000, "otherStockholderEquity": 29320000, "totalStockholderEquity": 107975000, "netTangibleAssets": 107975000}, {"maxAge": 1, "endDate": "2019-12-31", "totalStockholderEquity": 105848000, "netTangibleAssets": 105848000}, {"maxAge": 1, "endDate": "2019-09-30", "cash": 12501000, "netReceivables": 132254000, "inventory": 107496000, "otherCurrentAssets": 4186000, "totalCurrentAssets": 256437000, "longTermInvestments": 115000, "propertyPlantEquipment": 104663000, "otherAssets": 3406000, "totalAssets": 364621000, "accountsPayable": 86351000, "otherCurrentLiab": 36158000, "longTermDebt": 85146000, "otherLiab": 10008000, "totalCurrentLiabilities": 163619000, "totalLiab": 258773000, "commonStock": 78655000, "treasuryStock": 27193000, "otherStockholderEquity": 27193000, "totalStockholderEquity": 105848000, "netTangibleAssets": 105848000}], "maxAge": 86400}, "indexTrend": {"maxAge": 1, "symbol": "SP5", "peRatio": 19.7411, "pegRatio": 1.34172, "estimates": [{"period": "0q", "growth": 0.549}, {"period": "+1q", "growth": 0.431}, {"period": "0y", "growth": 0.305}, {"period": "+1y", "growth": 0.109}, {"period": "+5y", "growth": 0.120859005}, {"period": "-5y"}]}, "quoteType": {"exchange": "BSE", "quoteType": "EQUITY", "symbol": "ROOPAIND.BO", "underlyingSymbol": "ROOPAIND.BO", "shortName": "ROOPA INDUSTRIES LTD.", "longName": "Roopa Industries Limited", "firstTradeDateEpochUtc": "2002-01-02 09:15:00", "timeZoneFullName": "Asia/Kolkata", "timeZoneShortName": "IST", "uuid": "e0ca06ab-7d76-3a5a-abbf-d0a4d256d2a4", "messageBoardId": null, "gmtOffSetMilliseconds": 19800000, "maxAge": 1}, "incomeStatementHistory": {"incomeStatementHistory": [{"maxAge": 1, "endDate": "2020-03-31", "totalRevenue": 276474000, "costOfRevenue": 175938000, "grossProfit": 100536000, "researchDevelopment": {}, "sellingGeneralAdministrative": 23633000, "nonRecurring": {}, "otherOperatingExpenses": 48156000, "totalOperatingExpenses": 255353000, "operatingIncome": 21121000, "totalOtherIncomeExpenseNet": -13120000, "ebit": 21121000, "interestExpense": -13120000, "incomeBeforeTax": 8001000, "incomeTaxExpense": 4281000, "minorityInterest": {}, "netIncomeFromContinuingOps": 3720000, "discontinuedOperations": {}, "extraordinaryItems": {}, "effectOfAccountingCharges": {}, "otherItems": {}, "netIncome": 3720000, "netIncomeApplicableToCommonShares": 3720000}, {"maxAge": 1, "endDate": "2019-03-31", "totalRevenue": 302037552, "costOfRevenue": 230596695, "grossProfit": 71440857, "researchDevelopment": {}, "sellingGeneralAdministrative": 9321805, "nonRecurring": {}, "otherOperatingExpenses": 35618534, "totalOperatingExpenses": 281262013, "operatingIncome": 20775539, "totalOtherIncomeExpenseNet": -12879065, "ebit": 20775539, "interestExpense": -9922636, "incomeBeforeTax": 7896474, "incomeTaxExpense": 1855236, "minorityInterest": {}, "netIncomeFromContinuingOps": 6041238, "discontinuedOperations": {}, "extraordinaryItems": {}, "effectOfAccountingCharges": {}, "otherItems": {}, "netIncome": 6041238, "netIncomeApplicableToCommonShares": 6041238}, {"maxAge": 1, "endDate": "2018-03-31", "totalRevenue": 214590886, "costOfRevenue": 155495792, "grossProfit": 59095094, "researchDevelopment": {}, "sellingGeneralAdministrative": 21419720, "nonRecurring": {}, "otherOperatingExpenses": 19489156, "totalOperatingExpenses": 201652482, "operatingIncome": 12938404, "totalOtherIncomeExpenseNet": -8528128, "ebit": 12938404, "interestExpense": -7455550, "incomeBeforeTax": 4410276, "incomeTaxExpense": -984335, "minorityInterest": {}, "netIncomeFromContinuingOps": 5394611, "discontinuedOperations": {}, "extraordinaryItems": {}, "effectOfAccountingCharges": {}, "otherItems": {}, "netIncome": 5394611, "netIncomeApplicableToCommonShares": 5394611}, {"maxAge": 1, "endDate": "2017-03-31", "totalRevenue": 299493252, "costOfRevenue": 190650681, "grossProfit": 108842571, "researchDevelopment": {}, "sellingGeneralAdministrative": 23696682, "nonRecurring": {}, "otherOperatingExpenses": 61129844, "totalOperatingExpenses": 280595887, "operatingIncome": 18897365, "totalOtherIncomeExpenseNet": -14633415, "ebit": 18897365, "interestExpense": -10686749, "incomeBeforeTax": 4263950, "incomeTaxExpense": 2384366, "minorityInterest": {}, "netIncomeFromContinuingOps": 1879584, "discontinuedOperations": {}, "extraordinaryItems": {}, "effectOfAccountingCharges": {}, "otherItems": {}, "netIncome": 1879584, "netIncomeApplicableToCommonShares": 1879584}], "maxAge": 86400}, "fundOwnership": {"maxAge": 1, "ownershipList": []}, "summaryDetail": {"maxAge": 1, "priceHint": 2, "previousClose": 11.65, "open": 11.65, "dayLow": 11.65, "dayHigh": 11.65, "regularMarketPreviousClose": 11.65, "regularMarketOpen": 11.65, "regularMarketDayLow": 11.65, "regularMarketDayHigh": 11.65, "trailingPE": 23.3, "volume": 190, "regularMarketVolume": 190, "averageVolume": 1319, "averageVolume10days": 700, "averageDailyVolume10Day": 700, "bid": 11.65, "ask": 0.0, "bidSize": 0, "askSize": 0, "marketCap": 91633304, "fiftyTwoWeekLow": 7.61, "fiftyTwoWeekHigh": 14.95, "fiftyDayAverage": 11.36, "twoHundredDayAverage": 10.207519, "currency": "INR", "fromCurrency": null, "toCurrency": null, "lastMarket": null, "algorithm": null, "tradeable": false}, "incomeStatementHistoryQuarterly": {"incomeStatementHistory": [{"maxAge": 1, "endDate": "2020-06-30", "totalRevenue": 47026000, "costOfRevenue": 17798000, "grossProfit": 29228000, "researchDevelopment": {}, "sellingGeneralAdministrative": 9620000, "nonRecurring": {}, "otherOperatingExpenses": 13271000, "totalOperatingExpenses": 42644000, "operatingIncome": 4382000, "totalOtherIncomeExpenseNet": -2709000, "ebit": 4382000, "interestExpense": -2709000, "incomeBeforeTax": 1673000, "incomeTaxExpense": 446000, "minorityInterest": {}, "netIncomeFromContinuingOps": 1227000, "discontinuedOperations": {}, "extraordinaryItems": {}, "effectOfAccountingCharges": {}, "otherItems": {}, "netIncome": 1227000, "netIncomeApplicableToCommonShares": 1227000}, {"maxAge": 1, "endDate": "2020-03-31", "totalRevenue": 57977000, "costOfRevenue": 32434000, "grossProfit": 25543000, "researchDevelopment": {}, "sellingGeneralAdministrative": 5247000, "nonRecurring": {}, "otherOperatingExpenses": 12161000, "totalOperatingExpenses": 51946000, "operatingIncome": 6031000, "totalOtherIncomeExpenseNet": -3104000, "ebit": 6031000, "interestExpense": -3104000, "incomeBeforeTax": 2927000, "incomeTaxExpense": 2221000, "minorityInterest": {}, "netIncomeFromContinuingOps": 706000, "discontinuedOperations": {}, "extraordinaryItems": {}, "effectOfAccountingCharges": {}, "otherItems": {}, "netIncome": 706000, "netIncomeApplicableToCommonShares": 706000}, {"maxAge": 1, "endDate": "2019-12-31", "totalRevenue": 80788000, "costOfRevenue": 49542000, "grossProfit": 31246000, "researchDevelopment": {}, "sellingGeneralAdministrative": 5869000, "nonRecurring": {}, "otherOperatingExpenses": 18005000, "totalOperatingExpenses": 75257000, "operatingIncome": 5531000, "totalOtherIncomeExpenseNet": -3105000, "ebit": 5531000, "interestExpense": -3105000, "incomeBeforeTax": 2426000, "incomeTaxExpense": 1057000, "minorityInterest": {}, "netIncomeFromContinuingOps": 1369000, "discontinuedOperations": {}, "extraordinaryItems": {}, "effectOfAccountingCharges": {}, "otherItems": {}, "netIncome": 1369000, "netIncomeApplicableToCommonShares": 1369000}, {"maxAge": 1, "endDate": "2019-09-30", "totalRevenue": 71476000, "costOfRevenue": 49663000, "grossProfit": 21813000, "researchDevelopment": {}, "sellingGeneralAdministrative": 6807000, "nonRecurring": {}, "otherOperatingExpenses": 9364000, "totalOperatingExpenses": 67674000, "operatingIncome": 3802000, "totalOtherIncomeExpenseNet": -2815000, "ebit": 3802000, "interestExpense": -2815000, "incomeBeforeTax": 987000, "incomeTaxExpense": 436000, "minorityInterest": {}, "netIncomeFromContinuingOps": 551000, "discontinuedOperations": {}, "extraordinaryItems": {}, "effectOfAccountingCharges": {}, "otherItems": {}, "netIncome": 551000, "netIncomeApplicableToCommonShares": 551000}], "maxAge": 86400}, "cashflowStatementHistoryQuarterly": {"cashflowStatements": [{"maxAge": 1, "endDate": "2020-06-30", "netIncome": 1227000, "changeToLiabilities": 0}, {"maxAge": 1, "endDate": "2020-03-31", "netIncome": 706000, "changeToLiabilities": 0}, {"maxAge": 1, "endDate": "2019-12-31", "netIncome": 1369000, "changeToLiabilities": 0}, {"maxAge": 1, "endDate": "2019-09-30", "netIncome": 551000, "changeToLiabilities": 0}], "maxAge": 86400}, "insiderHolders": {"holders": [], "maxAge": 1}, "calendarEvents": {"maxAge": 1, "earnings": {"earningsDate": []}}, "price": {"maxAge": 1, "regularMarketChangePercent": 0.0, "regularMarketChange": 0.0, "regularMarketTime": "2021-04-30 14:15:00", "priceHint": 2, "regularMarketPrice": 11.65, "regularMarketDayHigh": 11.65, "regularMarketDayLow": 11.65, "regularMarketVolume": 190, "averageDailyVolume10Day": 700, "averageDailyVolume3Month": 1319, "regularMarketPreviousClose": 11.65, "regularMarketSource": "FREE_REALTIME", "regularMarketOpen": 11.65, "exchange": "BSE", "exchangeName": "BSE", "exchangeDataDelayedBy": 0, "marketState": "CLOSED", "quoteType": "EQUITY", "symbol": "ROOPAIND.BO", "underlyingSymbol": null, "shortName": "ROOPA INDUSTRIES LTD.", "longName": "Roopa Industries Limited", "currency": "INR", "quoteSourceName": "Delayed Quote", "currencySymbol": "\u20b9", "fromCurrency": null, "toCurrency": null, "lastMarket": null, "marketCap": 91633304}, "balanceSheetHistory": {"balanceSheetStatements": [{"maxAge": 1, "endDate": "2020-03-31", "cash": 5864000, "netReceivables": 141463000, "inventory": 123511000, "otherCurrentAssets": 862000, "totalCurrentAssets": 271700000, "longTermInvestments": 103000, "propertyPlantEquipment": 105300000, "otherAssets": 3406000, "totalAssets": 380509000, "accountsPayable": 104290000, "otherCurrentLiab": 32589000, "longTermDebt": 73586000, "otherLiab": 13224000, "totalCurrentLiabilities": 185728000, "totalLiab": 272538000, "commonStock": 78655000, "treasuryStock": 29316000, "otherStockholderEquity": 29316000, "totalStockholderEquity": 107971000, "netTangibleAssets": 107971000}, {"maxAge": 1, "endDate": "2019-03-31", "cash": 1727019, "netReceivables": 138345626, "inventory": 106486152, "otherCurrentAssets": 6623992, "totalCurrentAssets": 253199266, "longTermInvestments": 129866, "propertyPlantEquipment": 107924086, "otherAssets": 3408208, "totalAssets": 364661426, "accountsPayable": 76374055, "shortLongTermDebt": 15273483, "otherCurrentLiab": 23541924, "longTermDebt": 94767812, "otherLiab": 9563142, "totalCurrentLiabilities": 156110287, "totalLiab": 260441241, "commonStock": 78655200, "retainedEarnings": 20564103, "treasuryStock": 3340586, "capitalSurplus": 1660296, "otherStockholderEquity": 3340586, "totalStockholderEquity": 104220185, "netTangibleAssets": 104220185}, {"maxAge": 1, "endDate": "2018-03-31", "cash": 584110, "netReceivables": 160264344, "inventory": 92615952, "otherCurrentAssets": 8786038, "totalCurrentAssets": 262250444, "longTermInvestments": 230094, "propertyPlantEquipment": 86867254, "otherAssets": 3866488, "totalAssets": 353214280, "accountsPayable": 75228248, "shortLongTermDebt": 10676462, "otherCurrentLiab": 10862295, "longTermDebt": 100512861, "otherLiab": 9181664, "totalCurrentLiabilities": 145361020, "totalLiab": 255055545, "commonStock": 78655200, "retainedEarnings": 14522853, "treasuryStock": 3320386, "capitalSurplus": 1660296, "otherStockholderEquity": 3320386, "totalStockholderEquity": 98158735, "netTangibleAssets": 98158735}, {"maxAge": 1, "endDate": "2017-03-31", "cash": 397485, "netReceivables": 130192140, "inventory": 71084504, "otherCurrentAssets": 12457383, "totalCurrentAssets": 214919924, "longTermInvestments": 1633338, "propertyPlantEquipment": 67912372, "otherAssets": 3566487, "totalAssets": 288032121, "accountsPayable": 62107629, "shortLongTermDebt": 7357089, "otherCurrentLiab": 9687285, "longTermDebt": 70188048, "otherLiab": 10163634, "totalCurrentLiabilities": 114057198, "totalLiab": 194408880, "commonStock": 78655200, "retainedEarnings": 9128242, "treasuryStock": 4179503, "capitalSurplus": 1660296, "otherStockholderEquity": 4179503, "totalStockholderEquity": 93623241, "netTangibleAssets": 93623241}], "maxAge": 86400}, "financialData": {"maxAge": 86400, "currentPrice": 11.65, "recommendationKey": "none", "grossProfits": 100536000, "financialCurrency": "INR"}}}