{"ROSSARI.NS": {"assetProfile": {"address1": "201 A-B, Akruti Corporate Park", "address2": "2nd Floor L.B.S. Marg, Next to GE Gardens Kanjurmarg (West)", "city": "Mumbai", "zip": "400078", "country": "India", "phone": "91 22 6123 3800", "fax": "91 22 2579 6982", "website": "http://www.rossari.com", "industry": "Specialty Chemicals", "sector": "Basic Materials", "longBusinessSummary": "Rossari Biotech Limited manufactures and sells specialty chemicals in India and internationally. It offers home, personal care and performance chemical products, including soap and detergents; inks, paints, and coatings; ceramics and tiles; pulp and papers; cement; and water treatment solutions. The company also provides textile specialty chemicals, such as cotton, polyster, acrylic, wool, silk, nylon, functional finishes, denim, and sustainable solutions; and pet grooming products, which include natural pet shampoos, powders, deodorants, sprays, creams, and floor washing liquids under the Lozalo, Hunger Fills, and Sniffy brand names. In addition, it provides poultry supplements and additives comprising vitamin-mineral formulations, toxin binders, individual and cocktail enzymes, liquid nutraceuticals, and supplements or herbal preparations. The company was formerly known as Rossari Labtech and changed its name to Rossari Biotech Limited in December 2003. Rossari Biotech Limited was founded in 2003 and is based in Mumbai, India.", "companyOfficers": [{"maxAge": 1, "name": "Mr. Edward Walter Menezes", "age": 60, "title": "Co-Founder & Exec. Chairman", "yearBorn": 1960, "fiscalYear": 2020, "totalPay": 9280000, "exercisedValue": 0, "unexercisedValue": 0}, {"maxAge": 1, "name": "Mr. Sunil Srinivasan Chari", "age": 55, "title": "Co-Founder, MD & Director", "yearBorn": 1965, "fiscalYear": 2020, "totalPay": 8350000, "exercisedValue": 0, "unexercisedValue": 0}, {"maxAge": 1, "name": "Ms. Parul  Gupta", "age": 28, "title": "Company Sec. & Compliance Officer", "yearBorn": 1992, "fiscalYear": 2020, "totalPay": 893310, "exercisedValue": 0, "unexercisedValue": 0}, {"maxAge": 1, "name": "Mr. Manikantan  Viswanathan", "title": "Chief Financial Officer", "exercisedValue": 0, "unexercisedValue": 0}, {"maxAge": 1, "name": "Dr. Mikhail  Menezes", "age": 30, "title": "Director of Technical", "yearBorn": 1990, "exercisedValue": 0, "unexercisedValue": 0}, {"maxAge": 1, "name": "Mr. Yash  Chari", "age": 24, "title": "Director of Marketing & Bus. Devel.", "yearBorn": 1996, "exercisedValue": 0, "unexercisedValue": 0}, {"maxAge": 1, "name": "Mr. Puneet  Arora", "age": 46, "title": "Chief Exec. Officer of Textile Chemicals Global", "yearBorn": 1974, "exercisedValue": 0, "unexercisedValue": 0}, {"maxAge": 1, "name": "Mr. Prasad  Gadkari", "age": 45, "title": "Pres of Manufacturing", "yearBorn": 1975, "exercisedValue": 0, "unexercisedValue": 0}], "compensationAsOfEpochDate": "2020-12-31 05:30:00", "maxAge": 86400}, "cashflowStatementHistory": {"cashflowStatements": [{"maxAge": 1, "endDate": "2020-03-31", "netIncome": 652530000, "depreciation": 168400000, "changeToNetincome": 37910000, "changeToAccountReceivables": -204060000, "changeToLiabilities": -68970000, "changeToInventory": -37650000, "totalCashFromOperatingActivities": 548280000, "capitalExpenditures": -759710000, "investments": -181310000, "otherCashflowsFromInvestingActivities": -962820000, "totalCashflowsFromInvestingActivities": -1903010000, "dividendsPaid": -22000000, "netBorrowings": 628910000, "otherCashflowsFromFinancingActivities": -37480000, "totalCashFromFinancingActivities": 1569430000, "effectOfExchangeRate": 19990000, "changeInCash": 234690000, "issuanceOfStock": 1000000000}, {"maxAge": 1, "endDate": "2019-03-31", "netIncome": 456830000, "depreciation": 121590000, "changeToNetincome": 18360000, "changeToAccountReceivables": -344230000, "changeToLiabilities": 672190000, "changeToInventory": -214020000, "totalCashFromOperatingActivities": 711770000, "capitalExpenditures": -439910000, "investments": 69390000, "otherCashflowsFromInvestingActivities": 6290000, "totalCashflowsFromInvestingActivities": -364220000, "dividendsPaid": -88980000, "netBorrowings": -164190000, "otherCashflowsFromFinancingActivities": -38330000, "totalCashFromFinancingActivities": -291500000, "effectOfExchangeRate": -4880000, "changeInCash": 51170000, "issuanceOfStock": 1000000000}, {"maxAge": 1, "endDate": "2018-03-31", "netIncome": 254030000, "depreciation": 51380000, "changeToNetincome": 49070000, "changeToAccountReceivables": -110860000, "changeToLiabilities": 110850000, "changeToInventory": -101200000, "totalCashFromOperatingActivities": 253620000, "capitalExpenditures": -139250000, "investments": -69110000, "otherCashflowsFromInvestingActivities": 3990000, "totalCashflowsFromInvestingActivities": -204370000, "dividendsPaid": -2650000, "netBorrowings": -48710000, "otherCashflowsFromFinancingActivities": -13590000, "totalCashFromFinancingActivities": -64950000, "effectOfExchangeRate": -1470000, "changeInCash": -17170000, "issuanceOfStock": 1000000000}, {"maxAge": 1, "endDate": "2017-03-31", "netIncome": 142850000, "depreciation": 42900000, "changeToNetincome": 29130000, "changeToAccountReceivables": -226430000, "changeToLiabilities": 72340000, "changeToInventory": 5800000, "totalCashFromOperatingActivities": 67140000, "capitalExpenditures": -39120000, "investments": -69110000, "otherCashflowsFromInvestingActivities": -150000, "totalCashflowsFromInvestingActivities": -39270000, "dividendsPaid": -2650000, "netBorrowings": -7560000, "otherCashflowsFromFinancingActivities": -21310000, "totalCashFromFinancingActivities": -28870000, "effectOfExchangeRate": 2250000, "changeInCash": 1250000, "issuanceOfStock": 1000000000}], "maxAge": 86400}, "institutionOwnership": {"ownershipList": [], "maxAge": 1}, "majorHoldersBreakdown": {"maxAge": 1, "insidersPercentHeld": 0.70521003, "institutionsPercentHeld": 0.12088, "institutionsFloatPercentHeld": 0.41006002, "institutionsCount": 17}, "balanceSheetHistoryQuarterly": {"balanceSheetStatements": [{"maxAge": 1, "endDate": "2020-12-31", "totalStockholderEquity": 3635680000, "netTangibleAssets": 3502420000}, {"maxAge": 1, "endDate": "2020-09-30", "cash": 1022740000, "shortTermInvestments": 47430000, "netReceivables": 888660000, "inventory": 838480000, "otherCurrentAssets": 305900000, "totalCurrentAssets": 3103210000, "longTermInvestments": 4060000, "propertyPlantEquipment": 1527670000, "goodWill": 58140000, "intangibleAssets": 75120000, "otherAssets": 99150000, "deferredLongTermAssetCharges": 190000, "totalAssets": 4867350000, "accountsPayable": 991340000, "otherCurrentLiab": 204960000, "otherLiab": 22560000, "minorityInterest": 2840000, "totalCurrentLiabilities": 1206270000, "totalLiab": 1228830000, "commonStock": 103860000, "treasuryStock": 3531820000, "otherStockholderEquity": 3531820000, "totalStockholderEquity": 3635680000, "netTangibleAssets": 3502420000}, {"maxAge": 1, "endDate": "2020-06-30"}, {"maxAge": 1, "endDate": "2019-12-31"}], "maxAge": 86400}, "indexTrend": {"maxAge": 1, "symbol": "SP5", "peRatio": 19.7411, "pegRatio": 1.34172, "estimates": [{"period": "0q", "growth": 0.549}, {"period": "+1q", "growth": 0.431}, {"period": "0y", "growth": 0.305}, {"period": "+1y", "growth": 0.109}, {"period": "+5y", "growth": 0.120865}, {"period": "-5y"}]}, "defaultKeyStatistics": {"maxAge": 1, "priceHint": 2, "enterpriseValue": 63502004224, "profitMargins": 0.11203, "floatShares": 16252156, "sharesOutstanding": 54941400, "heldPercentInsiders": 0.70521003, "heldPercentInstitutions": 0.12088, "category": null, "bookValue": 71.491, "priceToBook": 17.393799, "fundFamily": null, "legalType": null, "lastFiscalYearEnd": "2020-03-31 05:30:00", "nextFiscalYearEnd": "2022-03-31 05:30:00", "mostRecentQuarter": "2020-12-31 05:30:00", "earningsQuarterlyGrowth": 0.183, "netIncomeToCommon": 728920000, "trailingEps": 14.165, "lastSplitFactor": null, "enterpriseToRevenue": 9.759, "enterpriseToEbitda": 56.656}, "summaryProfile": {"address1": "201 A-B, Akruti Corporate Park", "address2": "2nd Floor L.B.S. Marg, Next to GE Gardens Kanjurmarg (West)", "city": "Mumbai", "zip": "400078", "country": "India", "phone": "91 22 6123 3800", "fax": "91 22 2579 6982", "website": "http://www.rossari.com", "industry": "Specialty Chemicals", "sector": "Basic Materials", "longBusinessSummary": "Rossari Biotech Limited manufactures and sells specialty chemicals in India and internationally. It offers home, personal care and performance chemical products, including soap and detergents; inks, paints, and coatings; ceramics and tiles; pulp and papers; cement; and water treatment solutions. The company also provides textile specialty chemicals, such as cotton, polyster, acrylic, wool, silk, nylon, functional finishes, denim, and sustainable solutions; and pet grooming products, which include natural pet shampoos, powders, deodorants, sprays, creams, and floor washing liquids under the Lozalo, Hunger Fills, and Sniffy brand names. In addition, it provides poultry supplements and additives comprising vitamin-mineral formulations, toxin binders, individual and cocktail enzymes, liquid nutraceuticals, and supplements or herbal preparations. The company was formerly known as Rossari Labtech and changed its name to Rossari Biotech Limited in December 2003. Rossari Biotech Limited was founded in 2003 and is based in Mumbai, India.", "companyOfficers": [], "maxAge": 86400}, "netSharePurchaseActivity": {"maxAge": 1, "period": "6m", "buyInfoCount": 0, "buyInfoShares": 0, "sellInfoCount": 0, "netInfoCount": 0, "netInfoShares": 0, "netPercentInsiderShares": 0.0, "totalInsiderShares": 36618368}, "quoteType": {"exchange": "NSI", "quoteType": "EQUITY", "symbol": "ROSSARI.NS", "underlyingSymbol": "ROSSARI.NS", "shortName": "Rossari Biotech Limited", "longName": "Rossari Biotech Limited", "firstTradeDateEpochUtc": "2020-07-23 09:15:00", "timeZoneFullName": "Asia/Kolkata", "timeZoneShortName": "IST", "uuid": "71ac606c-40bf-3a9d-98a3-0acde142add5", "gmtOffSetMilliseconds": 19800000, "maxAge": 1}, "incomeStatementHistory": {"incomeStatementHistory": [{"maxAge": 1, "endDate": "2020-03-31", "totalRevenue": 6000940000, "costOfRevenue": 3742450000, "grossProfit": 2258490000, "researchDevelopment": {}, "sellingGeneralAdministrative": 394340000, "nonRecurring": {}, "otherOperatingExpenses": 814800000, "totalOperatingExpenses": 5121310000, "operatingIncome": 879630000, "totalOtherIncomeExpenseNet": -1220000, "ebit": 879630000, "interestExpense": -35570000, "incomeBeforeTax": 878410000, "incomeTaxExpense": 225880000, "minorityInterest": {}, "netIncomeFromContinuingOps": 652530000, "discontinuedOperations": {}, "extraordinaryItems": {}, "effectOfAccountingCharges": {}, "otherItems": {}, "netIncome": 652530000, "netIncomeApplicableToCommonShares": 652530000}, {"maxAge": 1, "endDate": "2019-03-31", "totalRevenue": 5162180000, "costOfRevenue": 3426510000, "grossProfit": 1735670000, "researchDevelopment": {}, "sellingGeneralAdministrative": 300840000, "nonRecurring": {}, "otherOperatingExpenses": 656590000, "totalOperatingExpenses": 4505810000, "operatingIncome": 656370000, "totalOtherIncomeExpenseNet": -22450000, "ebit": 656370000, "interestExpense": -28780000, "incomeBeforeTax": 633920000, "incomeTaxExpense": 177090000, "minorityInterest": {}, "netIncomeFromContinuingOps": 456830000, "discontinuedOperations": {}, "extraordinaryItems": {}, "effectOfAccountingCharges": {}, "otherItems": {}, "netIncome": 456830000, "netIncomeApplicableToCommonShares": 456830000}, {"maxAge": 1, "endDate": "2018-03-31", "totalRevenue": 2921710000, "costOfRevenue": 1987630000, "grossProfit": 934080000, "researchDevelopment": {}, "sellingGeneralAdministrative": 213200000, "nonRecurring": {}, "otherOperatingExpenses": 293460000, "totalOperatingExpenses": 2546020000, "operatingIncome": 375690000, "totalOtherIncomeExpenseNet": -950000, "ebit": 375690000, "interestExpense": -13550000, "incomeBeforeTax": 374740000, "incomeTaxExpense": 120710000, "minorityInterest": {}, "netIncomeFromContinuingOps": 254030000, "discontinuedOperations": {}, "extraordinaryItems": {}, "effectOfAccountingCharges": {}, "otherItems": {}, "netIncome": 254030000, "netIncomeApplicableToCommonShares": 254030000}, {"maxAge": 1, "endDate": "2017-03-31", "totalRevenue": 2349710000, "costOfRevenue": 1711330000, "grossProfit": 638380000, "researchDevelopment": {}, "sellingGeneralAdministrative": 194960000, "nonRecurring": {}, "otherOperatingExpenses": 203490000, "totalOperatingExpenses": 2153230000, "operatingIncome": 196480000, "totalOtherIncomeExpenseNet": -9370000, "ebit": 196480000, "interestExpense": -21310000, "incomeBeforeTax": 187110000, "incomeTaxExpense": 44260000, "minorityInterest": {}, "netIncomeFromContinuingOps": 142850000, "discontinuedOperations": {}, "extraordinaryItems": {}, "effectOfAccountingCharges": {}, "otherItems": {}, "netIncome": 142850000, "netIncomeApplicableToCommonShares": 142850000}], "maxAge": 86400}, "fundOwnership": {"ownershipList": [], "maxAge": 1}, "summaryDetail": {"maxAge": 1, "priceHint": 2, "previousClose": 1241.45, "open": 1241.0, "dayLow": 1231.15, "dayHigh": 1295.9, "regularMarketPreviousClose": 1241.45, "regularMarketOpen": 1241.0, "regularMarketDayLow": 1231.15, "regularMarketDayHigh": 1295.9, "payoutRatio": 0.0, "trailingPE": 87.7868, "volume": 286962, "regularMarketVolume": 286962, "averageVolume": 187999, "averageVolume10days": 108036, "averageDailyVolume10Day": 108036, "bid": 0.0, "ask": 0.0, "marketCap": 68355444736, "fiftyTwoWeekLow": 664.0, "fiftyTwoWeekHigh": 1295.9, "priceToSalesTrailing12Months": 10.505378, "fiftyDayAverage": 1013.65735, "twoHundredDayAverage": 876.01416, "trailingAnnualDividendRate": 0.5, "trailingAnnualDividendYield": 0.00040275487, "currency": "INR", "fromCurrency": null, "lastMarket": null, "algorithm": null, "tradeable": false}, "incomeStatementHistoryQuarterly": {"incomeStatementHistory": [{"maxAge": 1, "endDate": "2020-12-31", "totalRevenue": 2099830000, "costOfRevenue": 1397870000, "grossProfit": 701960000, "researchDevelopment": {}, "sellingGeneralAdministrative": 108510000, "nonRecurring": {}, "otherOperatingExpenses": 252990000, "totalOperatingExpenses": 1820020000, "operatingIncome": 279810000, "totalOtherIncomeExpenseNet": 3950000, "ebit": 279810000, "interestExpense": -3620000, "incomeBeforeTax": 283760000, "incomeTaxExpense": 67570000, "minorityInterest": {}, "netIncomeFromContinuingOps": 216190000, "discontinuedOperations": {}, "extraordinaryItems": {}, "effectOfAccountingCharges": {}, "otherItems": {}, "netIncome": 216010000, "netIncomeApplicableToCommonShares": 216010000}, {"maxAge": 1, "endDate": "2020-09-30", "totalRevenue": 1739760000, "costOfRevenue": 1080450000, "grossProfit": 659310000, "researchDevelopment": {}, "sellingGeneralAdministrative": 121740000, "nonRecurring": {}, "otherOperatingExpenses": 214000000, "totalOperatingExpenses": 1471720000, "operatingIncome": 268040000, "totalOtherIncomeExpenseNet": 9820000, "ebit": 268040000, "interestExpense": -6890000, "incomeBeforeTax": 277860000, "incomeTaxExpense": 70580000, "minorityInterest": 2840000, "netIncomeFromContinuingOps": 207280000, "discontinuedOperations": {}, "extraordinaryItems": {}, "effectOfAccountingCharges": {}, "otherItems": {}, "netIncome": 206980000, "netIncomeApplicableToCommonShares": 206980000}, {"maxAge": 1, "endDate": "2020-06-30", "totalRevenue": 1094660000, "costOfRevenue": 637520000, "grossProfit": 457140000, "researchDevelopment": {}, "sellingGeneralAdministrative": 73570000, "nonRecurring": {}, "otherOperatingExpenses": 146140000, "totalOperatingExpenses": 895480000, "operatingIncome": 199180000, "totalOtherIncomeExpenseNet": 8510000, "ebit": 199180000, "interestExpense": -11370000, "incomeBeforeTax": 207690000, "incomeTaxExpense": 52750000, "minorityInterest": 2840000, "netIncomeFromContinuingOps": 154940000, "discontinuedOperations": {}, "extraordinaryItems": {}, "effectOfAccountingCharges": {}, "otherItems": {}, "netIncome": 154940000, "netIncomeApplicableToCommonShares": 154940000}, {"maxAge": 1, "endDate": "2019-12-31", "totalRevenue": 1624040000, "costOfRevenue": 1028960000, "grossProfit": 595080000, "researchDevelopment": {}, "sellingGeneralAdministrative": 101440000, "nonRecurring": {}, "otherOperatingExpenses": 192430000, "totalOperatingExpenses": 1366910000, "operatingIncome": 257130000, "totalOtherIncomeExpenseNet": -10470000, "ebit": 257130000, "interestExpense": -8730000, "incomeBeforeTax": 246660000, "incomeTaxExpense": 64120000, "minorityInterest": 2840000, "netIncomeFromContinuingOps": 182540000, "discontinuedOperations": {}, "extraordinaryItems": {}, "effectOfAccountingCharges": {}, "otherItems": {}, "netIncome": 182540000, "netIncomeApplicableToCommonShares": 182540000}], "maxAge": 86400}, "cashflowStatementHistoryQuarterly": {"cashflowStatements": [{"maxAge": 1, "endDate": "2020-12-31", "netIncome": 216010000, "changeToLiabilities": 0}, {"maxAge": 1, "endDate": "2020-09-30", "netIncome": 206980000, "changeToLiabilities": 0}, {"maxAge": 1, "endDate": "2020-06-30", "netIncome": 154940000, "changeToLiabilities": 0}, {"maxAge": 1, "endDate": "2019-12-31", "netIncome": 182540000, "changeToLiabilities": 0}], "maxAge": 86400}, "insiderHolders": {"holders": [], "maxAge": 1}, "calendarEvents": {"maxAge": 1, "earnings": {"earningsDate": []}}, "upgradeDowngradeHistory": {"history": [], "maxAge": 86400}, "price": {"maxAge": 1, "regularMarketChangePercent": 0.0016513341, "regularMarketChange": 2.0500488, "regularMarketTime": "2021-04-30 15:29:55", "priceHint": 2, "regularMarketPrice": 1243.5, "regularMarketDayHigh": 1295.9, "regularMarketDayLow": 1231.15, "regularMarketVolume": 286962, "averageDailyVolume10Day": 108036, "averageDailyVolume3Month": 187999, "regularMarketPreviousClose": 1241.45, "regularMarketSource": "FREE_REALTIME", "regularMarketOpen": 1241.0, "exchange": "NSI", "exchangeName": "NSE", "exchangeDataDelayedBy": 15, "marketState": "CLOSED", "quoteType": "EQUITY", "symbol": "ROSSARI.NS", "underlyingSymbol": null, "shortName": "Rossari Biotech Limited", "longName": "Rossari Biotech Limited", "currency": "INR", "quoteSourceName": "Delayed Quote", "currencySymbol": "\u20b9", "fromCurrency": null, "lastMarket": null, "marketCap": 68355444736}, "balanceSheetHistory": {"balanceSheetStatements": [{"maxAge": 1, "endDate": "2020-03-31", "cash": 292110000, "shortTermInvestments": 1019880000, "netReceivables": 943820000, "inventory": 581700000, "otherCurrentAssets": 284160000, "totalCurrentAssets": 3263240000, "longTermInvestments": 41750000, "propertyPlantEquipment": 1105210000, "intangibleAssets": 47660000, "otherAssets": 257290000, "deferredLongTermAssetCharges": 510000, "totalAssets": 4715150000, "accountsPayable": 970040000, "shortLongTermDebt": 59170000, "otherCurrentLiab": 141740000, "longTermDebt": 339600000, "otherLiab": 21660000, "totalCurrentLiabilities": 1487100000, "totalLiab": 1848360000, "commonStock": 101510000, "retainedEarnings": 1609120000, "treasuryStock": 4870000, "capitalSurplus": 1151290000, "otherStockholderEquity": 4870000, "totalStockholderEquity": 2866790000, "netTangibleAssets": 2819130000}, {"maxAge": 1, "endDate": "2019-03-31", "cash": 57420000, "shortTermInvestments": 6600000, "netReceivables": 860830000, "inventory": 548990000, "otherCurrentAssets": 121720000, "totalCurrentAssets": 1598350000, "propertyPlantEquipment": 708600000, "intangibleAssets": 59700000, "otherAssets": 131800000, "deferredLongTermAssetCharges": 510000, "totalAssets": 2498450000, "accountsPayable": 1059820000, "shortLongTermDebt": 5860000, "otherCurrentLiab": 88520000, "longTermDebt": 6730000, "otherLiab": 35630000, "totalCurrentLiabilities": 1217970000, "totalLiab": 1260330000, "commonStock": 44000000, "retainedEarnings": 1038120000, "capitalSurplus": 156000000, "totalStockholderEquity": 1238120000, "netTangibleAssets": 1178420000}, {"maxAge": 1, "endDate": "2018-03-31", "cash": 4180000, "shortTermInvestments": 3850000, "netReceivables": 615700000, "inventory": 346140000, "otherCurrentAssets": 56900000, "totalCurrentAssets": 1098940000, "propertyPlantEquipment": 532910000, "intangibleAssets": 400000, "otherAssets": 16820000, "deferredLongTermAssetCharges": 230000, "totalAssets": 1649070000, "accountsPayable": 439570000, "shortLongTermDebt": 8280000, "otherCurrentLiab": 86760000, "longTermDebt": 12870000, "otherLiab": 32970000, "totalCurrentLiabilities": 732430000, "totalLiab": 778270000, "commonStock": 44000000, "retainedEarnings": 670800000, "capitalSurplus": 156000000, "totalStockholderEquity": 870800000, "netTangibleAssets": 870400000}, {"maxAge": 1, "endDate": "2017-03-31", "cash": 21350000, "shortTermInvestments": 1500000, "netReceivables": 540400000, "inventory": 244930000, "otherCurrentAssets": 34560000, "totalCurrentAssets": 843780000, "propertyPlantEquipment": 446240000, "intangibleAssets": 350000, "otherAssets": 18570000, "deferredLongTermAssetCharges": 230000, "totalAssets": 1308940000, "accountsPayable": 350190000, "shortLongTermDebt": 5800000, "otherCurrentLiab": 50180000, "longTermDebt": 24260000, "otherLiab": 18980000, "totalCurrentLiabilities": 645850000, "totalLiab": 689090000, "commonStock": 44000000, "retainedEarnings": 419850000, "capitalSurplus": 156000000, "totalStockholderEquity": 619850000, "netTangibleAssets": 619500000}], "maxAge": 86400}, "financialData": {"maxAge": 86400, "currentPrice": 1243.5, "recommendationKey": "none", "totalCash": 1070169984, "totalCashPerShare": 20.61, "ebitda": 1120839936, "totalDebt": 0, "totalRevenue": 6506710016, "revenuePerShare": 127.901, "grossProfits": 2258490000, "earningsGrowth": 0.105, "revenueGrowth": 0.293, "grossMargins": 0.36526, "ebitdaMargins": 0.17226, "operatingMargins": 0.14119, "profitMargins": 0.11203, "financialCurrency": "INR"}}}