{"ROTO.BO": {"recommendationTrend": {"trend": [{"period": "0m", "strongBuy": 0, "buy": 0, "hold": 0, "sell": 0, "strongSell": 0}, {"period": "-1m", "strongBuy": 0, "buy": 0, "hold": 0, "sell": 0, "strongSell": 0}, {"period": "-2m", "strongBuy": 0, "buy": 0, "hold": 0, "sell": 0, "strongSell": 0}, {"period": "-3m", "strongBuy": 0, "buy": 0, "hold": 0, "sell": 0, "strongSell": 0}], "maxAge": 86400}, "cashflowStatementHistory": {"cashflowStatements": [{"maxAge": 1, "endDate": "2020-03-31", "netIncome": 116228408, "depreciation": 65603316, "changeToNetincome": 5058597, "changeToAccountReceivables": 98054229, "changeToLiabilities": -31126037, "changeToInventory": -44659035, "changeToOperatingActivities": 30863793, "totalCashFromOperatingActivities": 243928118, "capitalExpenditures": -49286072, "otherCashflowsFromInvestingActivities": -2068817, "totalCashflowsFromInvestingActivities": -62085037, "dividendsPaid": -12363045, "netBorrowings": -94086117, "otherCashflowsFromFinancingActivities": -21589364, "totalCashFromFinancingActivities": -128038526, "changeInCash": 53804555}, {"maxAge": 1, "endDate": "2019-03-31", "netIncome": 159813640, "depreciation": 74821706, "changeToNetincome": 1467914, "changeToAccountReceivables": -40958954, "changeToLiabilities": -12750762, "changeToInventory": -39495646, "changeToOperatingActivities": -28835675, "totalCashFromOperatingActivities": 114062223, "capitalExpenditures": -71964233, "otherCashflowsFromInvestingActivities": 7662034, "totalCashflowsFromInvestingActivities": -63727199, "dividendsPaid": -6181522, "netBorrowings": -22155466, "otherCashflowsFromFinancingActivities": -26660643, "totalCashFromFinancingActivities": -54997631, "changeInCash": -4662607}, {"maxAge": 1, "endDate": "2018-03-31", "netIncome": 85736119, "depreciation": 70288261, "changeToNetincome": 31155701, "changeToAccountReceivables": -16278177, "changeToLiabilities": 17272725, "changeToInventory": -39370717, "changeToOperatingActivities": 296597, "totalCashFromOperatingActivities": 149100509, "capitalExpenditures": -50445205, "otherCashflowsFromInvestingActivities": -1063845, "totalCashflowsFromInvestingActivities": -48567381, "dividendsPaid": -6181522, "netBorrowings": -64945249, "otherCashflowsFromFinancingActivities": -28392962, "totalCashFromFinancingActivities": -99519733, "changeInCash": 1013395}, {"maxAge": 1, "endDate": "2017-03-31", "netIncome": 53489733, "depreciation": 73841388, "changeToNetincome": 39519794, "changeToAccountReceivables": -88042470, "changeToLiabilities": 21164136, "changeToInventory": -4751635, "changeToOperatingActivities": 35344247, "totalCashFromOperatingActivities": 130689446, "capitalExpenditures": -43315863, "otherCashflowsFromInvestingActivities": 8479883, "totalCashflowsFromInvestingActivities": -32958526, "dividendsPaid": -3090761, "netBorrowings": -42525963, "otherCashflowsFromFinancingActivities": -32337449, "totalCashFromFinancingActivities": -77954173, "changeInCash": 19776747}], "maxAge": 86400}, "institutionOwnership": {"ownershipList": [], "maxAge": 1}, "balanceSheetHistoryQuarterly": {"balanceSheetStatements": [{"maxAge": 1, "endDate": "2020-06-30", "totalStockholderEquity": 875255000, "netTangibleAssets": 860016000}, {"maxAge": 1, "endDate": "2020-03-31", "cash": 82502933, "netReceivables": 272869545, "inventory": 321293765, "otherCurrentAssets": 123903021, "totalCurrentAssets": 811041628, "longTermInvestments": 12234648, "propertyPlantEquipment": 433722695, "goodWill": 7849589, "intangibleAssets": 3004538, "otherAssets": 10996341, "deferredLongTermAssetCharges": 10654570, "totalAssets": 1278849439, "accountsPayable": 104850463, "shortLongTermDebt": 7278361, "otherCurrentLiab": 67329249, "longTermDebt": 5377531, "otherLiab": 3232267, "totalCurrentLiabilities": 394902585, "totalLiab": 403595267, "commonStock": 30907610, "retainedEarnings": 797140007, "capitalSurplus": 47206555, "totalStockholderEquity": 875254172, "netTangibleAssets": 864400045}, {"maxAge": 1, "endDate": "2019-12-31", "totalStockholderEquity": 856155000, "netTangibleAssets": 843303000}, {"maxAge": 1, "endDate": "2019-09-30", "cash": 73817000, "shortTermInvestments": 779000, "netReceivables": 322127000, "inventory": 320353000, "otherCurrentAssets": 181535000, "totalCurrentAssets": 898611000, "propertyPlantEquipment": 436135000, "goodWill": 7849000, "intangibleAssets": 5003000, "otherAssets": 8547000, "deferredLongTermAssetCharges": 8198000, "totalAssets": 1356145000, "accountsPayable": 101808000, "otherCurrentLiab": 182873000, "longTermDebt": 6019000, "otherLiab": 2402000, "totalCurrentLiabilities": 491569000, "totalLiab": 499990000, "commonStock": 30908000, "treasuryStock": 825247000, "otherStockholderEquity": 825247000, "totalStockholderEquity": 856155000, "netTangibleAssets": 843303000}], "maxAge": 86400}, "earningsHistory": {"history": [{"maxAge": 1, "epsActual": {}, "epsEstimate": {}, "epsDifference": {}, "surprisePercent": {}, "quarter": {}, "period": "-4q"}, {"maxAge": 1, "epsActual": {}, "epsEstimate": {}, "epsDifference": {}, "surprisePercent": {}, "quarter": {}, "period": "-3q"}, {"maxAge": 1, "epsActual": {}, "epsEstimate": {}, "epsDifference": {}, "surprisePercent": {}, "quarter": {}, "period": "-2q"}, {"maxAge": 1, "epsActual": 2.82, "epsEstimate": 1.68, "epsDifference": 1.14, "surprisePercent": 0.679, "quarter": "2018-06-30", "period": "-1q"}], "maxAge": 86400}, "indexTrend": {"maxAge": 1, "symbol": "SP5", "peRatio": 19.7411, "pegRatio": 1.34172, "estimates": [{"period": "0q", "growth": 0.549}, {"period": "+1q", "growth": 0.431}, {"period": "0y", "growth": 0.305}, {"period": "+1y", "growth": 0.109}, {"period": "+5y", "growth": 0.120859005}, {"period": "-5y"}]}, "industryTrend": {"maxAge": 1, "symbol": null, "estimates": []}, "insiderTransactions": {"transactions": [{"maxAge": 1, "shares": 16580, "value": 23468, "filerUrl": "", "transactionText": "Acquisition at price 1.42 per share.", "filerName": "Gupta (Gopika)", "filerRelation": "UNREPORTED", "moneyText": "", "startDate": "2020-09-18", "ownership": "D"}, {"maxAge": 1, "shares": 14260, "value": 20209, "filerUrl": "", "transactionText": "Acquisition at price 1.42 per share.", "filerName": "Gupta (Arvind Veer) HUF", "filerRelation": "UNREPORTED", "moneyText": "", "startDate": "2020-09-15", "ownership": "D"}], "maxAge": 1}, "quoteType": {"exchange": "BSE", "quoteType": "EQUITY", "symbol": "ROTO.BO", "underlyingSymbol": "ROTO.BO", "shortName": "ROTO PUMPS LTD.", "longName": "Roto Pumps Limited", "firstTradeDateEpochUtc": "2002-01-15 09:15:00", "timeZoneFullName": "Asia/Kolkata", "timeZoneShortName": "IST", "uuid": "6627a68c-4763-36bc-973b-f428c11a2fc0", "gmtOffSetMilliseconds": 19800000, "maxAge": 1}, "incomeStatementHistory": {"incomeStatementHistory": [{"maxAge": 1, "endDate": "2020-03-31", "totalRevenue": 1333139502, "costOfRevenue": 425389724, "grossProfit": 907749778, "researchDevelopment": {}, "sellingGeneralAdministrative": 387931148, "nonRecurring": {}, "otherOperatingExpenses": 286927557, "totalOperatingExpenses": 1169756592, "operatingIncome": 163382910, "totalOtherIncomeExpenseNet": -6535927, "ebit": 163382910, "interestExpense": -19048117, "incomeBeforeTax": 156846983, "incomeTaxExpense": 40618575, "minorityInterest": {}, "netIncomeFromContinuingOps": 116228408, "discontinuedOperations": {}, "extraordinaryItems": {}, "effectOfAccountingCharges": {}, "otherItems": {}, "netIncome": 116228408, "netIncomeApplicableToCommonShares": 116228407}, {"maxAge": 1, "endDate": "2019-03-31", "totalRevenue": 1352474424, "costOfRevenue": 449931348, "grossProfit": 902543076, "researchDevelopment": {}, "sellingGeneralAdministrative": 341070264, "nonRecurring": {}, "otherOperatingExpenses": 253335884, "totalOperatingExpenses": 1119159202, "operatingIncome": 233315222, "totalOtherIncomeExpenseNet": -19810009, "ebit": 233315222, "interestExpense": -25390013, "incomeBeforeTax": 213505213, "incomeTaxExpense": 51849768, "minorityInterest": {}, "netIncomeFromContinuingOps": 161655445, "discontinuedOperations": {}, "extraordinaryItems": {}, "effectOfAccountingCharges": {}, "otherItems": {}, "netIncome": 159813640, "netIncomeApplicableToCommonShares": 159813640}, {"maxAge": 1, "endDate": "2018-03-31", "totalRevenue": 1139170557, "costOfRevenue": 383248839, "grossProfit": 755921718, "researchDevelopment": {}, "sellingGeneralAdministrative": 306117701, "nonRecurring": {}, "otherOperatingExpenses": 231621459, "totalOperatingExpenses": 991276260, "operatingIncome": 147894297, "totalOtherIncomeExpenseNet": -16312745, "ebit": 147894297, "interestExpense": -27134553, "incomeBeforeTax": 131581552, "incomeTaxExpense": 47734674, "minorityInterest": 7969759, "netIncomeFromContinuingOps": 83846878, "discontinuedOperations": {}, "extraordinaryItems": {}, "effectOfAccountingCharges": {}, "otherItems": {}, "netIncome": 85736119, "netIncomeApplicableToCommonShares": 85736119}, {"maxAge": 1, "endDate": "2017-03-31", "totalRevenue": 1008766291, "costOfRevenue": 307874814, "grossProfit": 700891477, "researchDevelopment": {}, "sellingGeneralAdministrative": 272323000, "nonRecurring": {}, "otherOperatingExpenses": 234099728, "totalOperatingExpenses": 888246189, "operatingIncome": 120520102, "totalOtherIncomeExpenseNet": -30237446, "ebit": 120520102, "interestExpense": -31708243, "incomeBeforeTax": 90282656, "incomeTaxExpense": 37602546, "minorityInterest": 13859223, "netIncomeFromContinuingOps": 52680110, "discontinuedOperations": {}, "extraordinaryItems": {}, "effectOfAccountingCharges": {}, "otherItems": {}, "netIncome": 53489733, "netIncomeApplicableToCommonShares": 53489733}], "maxAge": 86400}, "fundOwnership": {"ownershipList": [], "maxAge": 1}, "summaryDetail": {"maxAge": 1, "priceHint": 2, "previousClose": 171.15, "open": 177.65, "dayLow": 173.1, "dayHigh": 189.9, "regularMarketPreviousClose": 171.15, "regularMarketOpen": 177.65, "regularMarketDayLow": 173.1, "regularMarketDayHigh": 189.9, "trailingPE": 30.025385, "forwardPE": 34.16065, "volume": 208757, "regularMarketVolume": 208757, "averageVolume": 37205, "averageVolume10days": 13054, "averageDailyVolume10Day": 13054, "bid": 189.0, "ask": 189.5, "bidSize": 0, "askSize": 0, "marketCap": 2933374976, "fiftyTwoWeekLow": 59.0, "fiftyTwoWeekHigh": 189.9, "fiftyDayAverage": 136.76364, "twoHundredDayAverage": 111.89706, "trailingAnnualDividendRate": 0.3, "trailingAnnualDividendYield": 0.0017528485, "currency": "INR", "fromCurrency": null, "lastMarket": null, "algorithm": null, "tradeable": false}, "sectorTrend": {"maxAge": 1, "symbol": null, "estimates": []}, "incomeStatementHistoryQuarterly": {"incomeStatementHistory": [{"maxAge": 1, "endDate": "2020-06-30", "totalRevenue": 205070000, "costOfRevenue": 59539000, "grossProfit": 145531000, "researchDevelopment": {}, "sellingGeneralAdministrative": 77330000, "nonRecurring": {}, "otherOperatingExpenses": 39171000, "totalOperatingExpenses": 190136000, "operatingIncome": 14934000, "totalOtherIncomeExpenseNet": 5488000, "ebit": 14934000, "interestExpense": -706000, "incomeBeforeTax": 20422000, "incomeTaxExpense": 9790000, "minorityInterest": {}, "netIncomeFromContinuingOps": 10632000, "discontinuedOperations": {}, "extraordinaryItems": {}, "effectOfAccountingCharges": {}, "otherItems": {}, "netIncome": 10632000, "netIncomeApplicableToCommonShares": 10632000}, {"maxAge": 1, "endDate": "2020-03-31", "totalRevenue": 279038502, "costOfRevenue": 88208724, "grossProfit": 190829778, "researchDevelopment": {}, "sellingGeneralAdministrative": 111192148, "nonRecurring": {}, "otherOperatingExpenses": 57704557, "totalOperatingExpenses": 274933592, "operatingIncome": 4104910, "totalOtherIncomeExpenseNet": -10593927, "ebit": 4104910, "interestExpense": -3788117, "incomeBeforeTax": -6489017, "incomeTaxExpense": -1328425, "minorityInterest": {}, "netIncomeFromContinuingOps": -5160592, "discontinuedOperations": {}, "extraordinaryItems": {}, "effectOfAccountingCharges": {}, "otherItems": {}, "netIncome": -5160592, "netIncomeApplicableToCommonShares": -5160593}, {"maxAge": 1, "endDate": "2019-12-31", "totalRevenue": 364712000, "costOfRevenue": 119256000, "grossProfit": 245456000, "researchDevelopment": {}, "sellingGeneralAdministrative": 95441000, "nonRecurring": {}, "otherOperatingExpenses": 84044000, "totalOperatingExpenses": 316306000, "operatingIncome": 48406000, "totalOtherIncomeExpenseNet": 10503000, "ebit": 48406000, "interestExpense": -4969000, "incomeBeforeTax": 58909000, "incomeTaxExpense": 20907000, "minorityInterest": {}, "netIncomeFromContinuingOps": 38002000, "discontinuedOperations": {}, "extraordinaryItems": {}, "effectOfAccountingCharges": {}, "otherItems": {}, "netIncome": 38002000, "netIncomeApplicableToCommonShares": 38002000}, {"maxAge": 1, "endDate": "2019-09-30", "totalRevenue": 392836000, "costOfRevenue": 132254000, "grossProfit": 260582000, "researchDevelopment": {}, "sellingGeneralAdministrative": 96064000, "nonRecurring": {}, "otherOperatingExpenses": 77998000, "totalOperatingExpenses": 323683000, "operatingIncome": 69153000, "totalOtherIncomeExpenseNet": -3426000, "ebit": 69153000, "interestExpense": -5554000, "incomeBeforeTax": 65727000, "incomeTaxExpense": 11808000, "minorityInterest": {}, "netIncomeFromContinuingOps": 53919000, "discontinuedOperations": {}, "extraordinaryItems": {}, "effectOfAccountingCharges": {}, "otherItems": {}, "netIncome": 53919000, "netIncomeApplicableToCommonShares": 53919000}], "maxAge": 86400}, "cashflowStatementHistoryQuarterly": {"cashflowStatements": [{"maxAge": 1, "endDate": "2020-06-30", "netIncome": 10632000, "changeToLiabilities": 0}, {"maxAge": 1, "endDate": "2020-03-31", "netIncome": -5160592, "changeToLiabilities": 0}, {"maxAge": 1, "endDate": "2019-12-31", "netIncome": 38002000, "changeToLiabilities": 0}, {"maxAge": 1, "endDate": "2019-09-30", "netIncome": 53919000, "changeToLiabilities": 0}], "maxAge": 86400}, "insiderHolders": {"holders": [{"maxAge": 1, "name": "Gupta (Arvind Veer) HUF", "relation": "UNREPORTED", "url": "", "transactionDescription": "Acquisition", "latestTransDate": "2020-09-15", "positionDirect": 14260, "positionDirectDate": "2020-09-15"}, {"maxAge": 1, "name": "Gupta (Gopika)", "relation": "UNREPORTED", "url": "", "transactionDescription": "Acquisition", "latestTransDate": "2020-09-18", "positionDirect": 16580, "positionDirectDate": "2020-09-18"}], "maxAge": 1}, "earnings": {"maxAge": 86400, "earningsChart": {"quarterly": [{"date": "2Q2018", "actual": 2.82, "estimate": 1.68}], "currentQuarterEstimateDate": "3Q", "currentQuarterEstimateYear": 2018, "earningsDate": ["2020-08-13 05:30:S"]}, "financialsChart": {"yearly": [{"date": 2017, "revenue": 1008766291, "earnings": 53489733}, {"date": 2018, "revenue": 1139170557, "earnings": 85736119}, {"date": 2019, "revenue": 1352474424, "earnings": 159813640}, {"date": 2020, "revenue": 1333139502, "earnings": 116228408}], "quarterly": [{"date": "3Q2019", "revenue": 392836000, "earnings": 53919000}, {"date": "4Q2019", "revenue": 364712000, "earnings": 38002000}, {"date": "1Q2020", "revenue": 279038502, "earnings": -5160592}, {"date": "2Q2020", "revenue": 205070000, "earnings": 10632000}]}, "financialCurrency": "INR"}, "calendarEvents": {"maxAge": 1, "earnings": {"earningsDate": ["2020-08-13 05:30:S"]}}, "upgradeDowngradeHistory": {"history": [], "maxAge": 86400}, "price": {"maxAge": 1, "regularMarketChangePercent": 0.105755225, "regularMarketChange": 18.100006, "regularMarketTime": "2021-04-30 15:29:59", "priceHint": 2, "regularMarketPrice": 189.25, "regularMarketDayHigh": 189.9, "regularMarketDayLow": 173.1, "regularMarketVolume": 208757, "averageDailyVolume10Day": 13054, "averageDailyVolume3Month": 37205, "regularMarketPreviousClose": 171.15, "regularMarketSource": "FREE_REALTIME", "regularMarketOpen": 177.65, "exchange": "BSE", "exchangeName": "BSE", "exchangeDataDelayedBy": 0, "marketState": "CLOSED", "quoteType": "EQUITY", "symbol": "ROTO.BO", "underlyingSymbol": null, "shortName": "ROTO PUMPS LTD.", "longName": "Roto Pumps Limited", "currency": "INR", "quoteSourceName": "Delayed Quote", "currencySymbol": "\u20b9", "fromCurrency": null, "lastMarket": null, "marketCap": 2933374976}, "balanceSheetHistory": {"balanceSheetStatements": [{"maxAge": 1, "endDate": "2020-03-31", "cash": 82502933, "netReceivables": 272869545, "inventory": 321293765, "otherCurrentAssets": 123903021, "totalCurrentAssets": 811041628, "longTermInvestments": 12234648, "propertyPlantEquipment": 433722695, "goodWill": 7849589, "intangibleAssets": 3004538, "otherAssets": 10996341, "deferredLongTermAssetCharges": 10654570, "totalAssets": 1278849439, "accountsPayable": 104850463, "shortLongTermDebt": 7278361, "otherCurrentLiab": 67329249, "longTermDebt": 5377531, "otherLiab": 3232267, "totalCurrentLiabilities": 394902585, "totalLiab": 403595267, "commonStock": 30907610, "retainedEarnings": 797140007, "capitalSurplus": 47206555, "totalStockholderEquity": 875254172, "netTangibleAssets": 864400045}, {"maxAge": 1, "endDate": "2019-03-31", "cash": 29529031, "netReceivables": 353184481, "inventory": 276634730, "otherCurrentAssets": 158515656, "totalCurrentAssets": 827326623, "propertyPlantEquipment": 452923721, "goodWill": 7849589, "intangibleAssets": 7001907, "otherAssets": 6533040, "deferredLongTermAssetCharges": 6176323, "totalAssets": 1301634880, "accountsPayable": 131564430, "shortLongTermDebt": 11699989, "otherCurrentLiab": 71305262, "longTermDebt": 8204238, "otherLiab": 3159740, "totalCurrentLiabilities": 513189641, "totalLiab": 525511223, "commonStock": 30907610, "retainedEarnings": 698009492, "treasuryStock": 745216000, "capitalSurplus": 47206555, "otherStockholderEquity": 745216000, "totalStockholderEquity": 776123657, "netTangibleAssets": 761272161}, {"maxAge": 1, "endDate": "2018-03-31", "cash": 35985242, "netReceivables": 317252999, "inventory": 237139084, "otherCurrentAssets": 127113560, "totalCurrentAssets": 723506903, "propertyPlantEquipment": 489704086, "intangibleAssets": 2818591, "otherAssets": 1398674, "deferredLongTermAssetCharges": 1026358, "totalAssets": 1217428254, "accountsPayable": 126714976, "shortLongTermDebt": 26375001, "otherCurrentLiab": 87129235, "longTermDebt": 14759065, "otherLiab": 5386819, "minorityInterest": 7969759, "totalCurrentLiabilities": 552410501, "totalLiab": 574092327, "commonStock": 30907610, "retainedEarnings": 557252003, "capitalSurplus": 47206555, "totalStockholderEquity": 635366168, "netTangibleAssets": 632547577}, {"maxAge": 1, "endDate": "2017-03-31", "cash": 50237500, "netReceivables": 310401179, "inventory": 197768367, "otherCurrentAssets": 80841390, "totalCurrentAssets": 644640700, "propertyPlantEquipment": 491770303, "intangibleAssets": 1300123, "otherAssets": 388598, "totalAssets": 1138099724, "accountsPayable": 109442252, "shortLongTermDebt": 64996109, "otherCurrentLiab": 52068470, "longTermDebt": 26589641, "otherLiab": 9736245, "minorityInterest": 13859223, "totalCurrentLiabilities": 541738707, "totalLiab": 578064593, "commonStock": 30907610, "retainedEarnings": 468061743, "capitalSurplus": 47206555, "totalStockholderEquity": 546175908, "netTangibleAssets": 544875785}], "maxAge": 86400}, "earningsTrend": {"trend": [{"maxAge": 1, "period": "0q", "endDate": "2018-09-30", "growth": {}, "earningsEstimate": {"avg": 0.0, "low": 0.0, "high": 0.0, "yearAgoEps": {}, "numberOfAnalysts": 0, "growth": {}}, "revenueEstimate": {"avg": 0, "low": 0, "high": 0, "numberOfAnalysts": 0, "yearAgoRevenue": {}, "growth": {}}, "epsTrend": {"current": 0.0, "7daysAgo": 0.0, "30daysAgo": 0.0, "60daysAgo": 0.0, "90daysAgo": 0.0}, "epsRevisions": {"upLast7days": 0, "upLast30days": 0, "downLast30days": 0, "downLast90days": {}}}, {"maxAge": 1, "period": "+1q", "endDate": "2018-12-31", "growth": {}, "earningsEstimate": {"avg": 0.0, "low": 0.0, "high": 0.0, "yearAgoEps": {}, "numberOfAnalysts": 0, "growth": {}}, "revenueEstimate": {"avg": 0, "low": 0, "high": 0, "numberOfAnalysts": 0, "yearAgoRevenue": {}, "growth": {}}, "epsTrend": {"current": 0.0, "7daysAgo": 0.0, "30daysAgo": 0.0, "60daysAgo": 0.0, "90daysAgo": 0.0}, "epsRevisions": {"upLast7days": 0, "upLast30days": 0, "downLast30days": 0, "downLast90days": {}}}, {"maxAge": 1, "period": "0y", "endDate": "2019-03-31", "growth": {}, "earningsEstimate": {"avg": 0.0, "low": 0.0, "high": 0.0, "yearAgoEps": {}, "numberOfAnalysts": 0, "growth": {}}, "revenueEstimate": {"avg": 1187220000, "low": 1187220000, "high": 1187220000, "numberOfAnalysts": 1, "yearAgoRevenue": {}, "growth": {}}, "epsTrend": {"current": 0.0, "7daysAgo": 6.91, "30daysAgo": 6.91, "60daysAgo": 6.91, "90daysAgo": 6.91}, "epsRevisions": {"upLast7days": 0, "upLast30days": 0, "downLast30days": 0, "downLast90days": {}}}, {"maxAge": 1, "period": "+1y", "endDate": "2020-03-31", "growth": {}, "earningsEstimate": {"avg": 0.0, "low": 0.0, "high": 0.0, "yearAgoEps": {}, "numberOfAnalysts": 0, "growth": {}}, "revenueEstimate": {"avg": 1282200000, "low": 1282200000, "high": 1282200000, "numberOfAnalysts": 1, "yearAgoRevenue": 1187220000, "growth": 0.08}, "epsTrend": {"current": 0.0, "7daysAgo": 8.32, "30daysAgo": 8.32, "60daysAgo": 8.32, "90daysAgo": 8.32}, "epsRevisions": {"upLast7days": 0, "upLast30days": 0, "downLast30days": 0, "downLast90days": {}}}, {"maxAge": 1, "period": "+5y", "endDate": null, "growth": 0.27, "earningsEstimate": {"avg": {}, "low": {}, "high": {}, "yearAgoEps": {}, "numberOfAnalysts": {}, "growth": {}}, "revenueEstimate": {"avg": {}, "low": {}, "high": {}, "numberOfAnalysts": {}, "yearAgoRevenue": {}, "growth": {}}, "epsTrend": {"current": {}, "7daysAgo": {}, "30daysAgo": {}, "60daysAgo": {}, "90daysAgo": {}}, "epsRevisions": {"upLast7days": {}, "upLast30days": {}, "downLast30days": {}, "downLast90days": {}}}, {"maxAge": 1, "period": "-5y", "endDate": null, "growth": {}, "earningsEstimate": {"avg": {}, "low": {}, "high": {}, "yearAgoEps": {}, "numberOfAnalysts": {}, "growth": {}}, "revenueEstimate": {"avg": {}, "low": {}, "high": {}, "numberOfAnalysts": {}, "yearAgoRevenue": {}, "growth": {}}, "epsTrend": {"current": {}, "7daysAgo": {}, "30daysAgo": {}, "60daysAgo": {}, "90daysAgo": {}}, "epsRevisions": {"upLast7days": {}, "upLast30days": {}, "downLast30days": {}, "downLast90days": {}}}], "maxAge": 1}, "financialData": {"maxAge": 86400, "currentPrice": 189.25, "targetHighPrice": 100.0, "targetLowPrice": 100.0, "targetMeanPrice": 100.0, "targetMedianPrice": 100.0, "recommendationKey": "none", "numberOfAnalystOpinions": 1, "grossProfits": 907749778, "financialCurrency": "INR"}}}