{"RPEL.BO": {"cashflowStatementHistory": {"cashflowStatements": [{"maxAge": 1, "endDate": "2020-03-31", "netIncome": 94380000, "depreciation": 18527000, "changeToNetincome": 22763000, "changeToAccountReceivables": -42061000, "changeToLiabilities": 8518000, "changeToInventory": -7685000, "changeToOperatingActivities": -18328000, "totalCashFromOperatingActivities": 76215000, "capitalExpenditures": -60129000, "otherCashflowsFromInvestingActivities": 7356000, "totalCashflowsFromInvestingActivities": -51626000, "netBorrowings": -15756000, "otherCashflowsFromFinancingActivities": -8797000, "totalCashFromFinancingActivities": -24553000, "changeInCash": 36000}, {"maxAge": 1, "endDate": "2019-03-31", "netIncome": 80463000, "depreciation": 16145000, "changeToNetincome": 14717000, "changeToAccountReceivables": -33877000, "changeToLiabilities": 6212000, "changeToInventory": -15465000, "changeToOperatingActivities": -1395000, "totalCashFromOperatingActivities": 66912000, "capitalExpenditures": -29166000, "otherCashflowsFromInvestingActivities": 135000, "totalCashflowsFromInvestingActivities": -29076000, "netBorrowings": -24256000, "otherCashflowsFromFinancingActivities": -13752000, "totalCashFromFinancingActivities": -38008000, "changeInCash": -172000}, {"maxAge": 1, "endDate": "2018-03-31", "netIncome": 58699183, "depreciation": 10635521, "changeToNetincome": 14623931, "changeToAccountReceivables": -14058749, "changeToLiabilities": -7699423, "changeToInventory": -10172689, "changeToOperatingActivities": 14493793, "totalCashFromOperatingActivities": 66626567, "capitalExpenditures": -36129783, "otherCashflowsFromInvestingActivities": 145688, "totalCashflowsFromInvestingActivities": -34835115, "netBorrowings": -19822940, "otherCashflowsFromFinancingActivities": -12565403, "totalCashFromFinancingActivities": -32388343, "changeInCash": -596891}, {"maxAge": 1, "endDate": "2017-03-31", "netIncome": 25373845, "depreciation": 8251767, "changeToNetincome": 18280689, "changeToAccountReceivables": 816879, "changeToLiabilities": -46548589, "changeToInventory": -11415155, "changeToOperatingActivities": 11234524, "totalCashFromOperatingActivities": 5993960, "capitalExpenditures": -73635752, "otherCashflowsFromInvestingActivities": 16640, "totalCashflowsFromInvestingActivities": -74279392, "netBorrowings": 3584653, "otherCashflowsFromFinancingActivities": -11349641, "totalCashFromFinancingActivities": 67115012, "changeInCash": -1170419, "issuanceOfStock": 74880000}], "maxAge": 86400}, "institutionOwnership": {"ownershipList": [], "maxAge": 1}, "balanceSheetHistoryQuarterly": {"balanceSheetStatements": [{"maxAge": 1, "endDate": "2020-09-30", "cash": 1461000, "netReceivables": 191064000, "inventory": 100596000, "otherCurrentAssets": 31017000, "totalCurrentAssets": 324138000, "propertyPlantEquipment": 275665000, "intangibleAssets": 10000, "otherAssets": 2807000, "totalAssets": 602620000, "accountsPayable": 43841000, "otherCurrentLiab": 27497000, "longTermDebt": 11308000, "otherLiab": 40224000, "totalCurrentLiabilities": 106605000, "totalLiab": 159591000, "commonStock": 100513000, "treasuryStock": 342516000, "otherStockholderEquity": 342516000, "totalStockholderEquity": 443029000, "netTangibleAssets": 443019000}, {"maxAge": 1, "endDate": "2020-06-30", "totalStockholderEquity": 418202000, "netTangibleAssets": 418191000}, {"maxAge": 1, "endDate": "2020-03-31", "cash": 739000, "netReceivables": 231250000, "inventory": 75369000, "otherCurrentAssets": 11176000, "totalCurrentAssets": 321537000, "propertyPlantEquipment": 276121000, "intangibleAssets": 11000, "otherAssets": 2807000, "totalAssets": 600476000, "accountsPayable": 37844000, "shortLongTermDebt": 10866000, "otherCurrentLiab": 27523000, "longTermDebt": 2423000, "otherLiab": 39420000, "totalCurrentLiabilities": 138573000, "totalLiab": 182274000, "commonStock": 100513000, "retainedEarnings": 272123000, "treasuryStock": -125000, "capitalSurplus": 45691000, "otherStockholderEquity": -125000, "totalStockholderEquity": 418202000, "netTangibleAssets": 418191000}, {"maxAge": 1, "endDate": "2019-12-31", "totalStockholderEquity": 374719000, "netTangibleAssets": 372588000}], "maxAge": 86400}, "indexTrend": {"maxAge": 1, "symbol": "SP5", "peRatio": 19.7411, "pegRatio": 1.34172, "estimates": [{"period": "0q", "growth": 0.549}, {"period": "+1q", "growth": 0.431}, {"period": "0y", "growth": 0.305}, {"period": "+1y", "growth": 0.109}, {"period": "+5y", "growth": 0.120859005}, {"period": "-5y"}]}, "quoteType": {"exchange": "BSE", "quoteType": "EQUITY", "symbol": "RPEL.BO", "underlyingSymbol": "RPEL.BO", "shortName": "RAGHAV PRODUCTIVITY ENHANCERS", "longName": "Raghav Productivity Enhancers Limited", "firstTradeDateEpochUtc": "2016-04-13 09:15:00", "timeZoneFullName": "Asia/Kolkata", "timeZoneShortName": "IST", "uuid": "780c2a54-bfe1-3265-ac03-3ba827cef7fc", "gmtOffSetMilliseconds": 19800000, "maxAge": 1}, "incomeStatementHistory": {"incomeStatementHistory": [{"maxAge": 1, "endDate": "2020-03-31", "totalRevenue": 664619000, "costOfRevenue": 324721000, "grossProfit": 339898000, "researchDevelopment": {}, "sellingGeneralAdministrative": 185243000, "nonRecurring": {}, "otherOperatingExpenses": 846000, "totalOperatingExpenses": 529341000, "operatingIncome": 135278000, "totalOtherIncomeExpenseNet": -6175000, "ebit": 135278000, "interestExpense": -9117000, "incomeBeforeTax": 129103000, "incomeTaxExpense": 34723000, "minorityInterest": {}, "netIncomeFromContinuingOps": 94380000, "discontinuedOperations": {}, "extraordinaryItems": {}, "effectOfAccountingCharges": {}, "otherItems": {}, "netIncome": 94380000, "netIncomeApplicableToCommonShares": 94380000}, {"maxAge": 1, "endDate": "2019-03-31", "totalRevenue": 563754000, "costOfRevenue": 267910000, "grossProfit": 295844000, "researchDevelopment": {}, "sellingGeneralAdministrative": 163391000, "nonRecurring": {}, "otherOperatingExpenses": 846000, "totalOperatingExpenses": 447453000, "operatingIncome": 116301000, "totalOtherIncomeExpenseNet": -14166000, "ebit": 116301000, "interestExpense": -14579000, "incomeBeforeTax": 102135000, "incomeTaxExpense": 21672000, "minorityInterest": {}, "netIncomeFromContinuingOps": 80463000, "discontinuedOperations": {}, "extraordinaryItems": {}, "effectOfAccountingCharges": {}, "otherItems": {}, "netIncome": 80463000, "netIncomeApplicableToCommonShares": 80463000}, {"maxAge": 1, "endDate": "2018-03-31", "totalRevenue": 477127987, "costOfRevenue": 249179898, "grossProfit": 227948089, "researchDevelopment": {}, "sellingGeneralAdministrative": 13386506, "nonRecurring": {}, "otherOperatingExpenses": 112413493, "totalOperatingExpenses": 385615418, "operatingIncome": 91512569, "totalOtherIncomeExpenseNet": -12448162, "ebit": 91512569, "interestExpense": -12593850, "incomeBeforeTax": 79064407, "incomeTaxExpense": 20365224, "minorityInterest": {}, "netIncomeFromContinuingOps": 58699183, "discontinuedOperations": {}, "extraordinaryItems": {}, "effectOfAccountingCharges": {}, "otherItems": {}, "netIncome": 58699183, "netIncomeApplicableToCommonShares": 58699183}, {"maxAge": 1, "endDate": "2017-03-31", "totalRevenue": 423377361, "costOfRevenue": 308188290, "grossProfit": 115189071, "researchDevelopment": {}, "sellingGeneralAdministrative": 11839957, "nonRecurring": {}, "otherOperatingExpenses": 45929175, "totalOperatingExpenses": 374209189, "operatingIncome": 49168172, "totalOtherIncomeExpenseNet": -11335737, "ebit": 49168172, "interestExpense": -11352376, "incomeBeforeTax": 37832435, "incomeTaxExpense": 12458590, "minorityInterest": {}, "netIncomeFromContinuingOps": 25373845, "discontinuedOperations": {}, "extraordinaryItems": {}, "effectOfAccountingCharges": {}, "otherItems": {}, "netIncome": 25373845, "netIncomeApplicableToCommonShares": 25373845}], "maxAge": 86400}, "fundOwnership": {"ownershipList": [], "maxAge": 1}, "summaryDetail": {"maxAge": 1, "priceHint": 2, "previousClose": 234.0, "open": 245.6, "dayLow": 230.2, "dayHigh": 245.7, "regularMarketPreviousClose": 234.0, "regularMarketOpen": 245.6, "regularMarketDayLow": 230.2, "regularMarketDayHigh": 245.7, "trailingPE": 34.814762, "volume": 4781, "regularMarketVolume": 4781, "averageVolume": 5817, "averageVolume10days": 1787, "averageDailyVolume10Day": 1787, "bid": 236.3, "ask": 241.5, "bidSize": 0, "askSize": 0, "marketCap": 2389696512, "fiftyTwoWeekLow": 76.0, "fiftyTwoWeekHigh": 283.3, "fiftyDayAverage": 233.76364, "twoHundredDayAverage": 164.17868, "currency": "INR", "fromCurrency": null, "lastMarket": null, "algorithm": null, "tradeable": false}, "incomeStatementHistoryQuarterly": {"incomeStatementHistory": [{"maxAge": 1, "endDate": "2020-09-30", "totalRevenue": 148986000, "costOfRevenue": 56068000, "grossProfit": 92918000, "researchDevelopment": {}, "sellingGeneralAdministrative": 7301000, "nonRecurring": {}, "otherOperatingExpenses": 51848000, "totalOperatingExpenses": 120476000, "operatingIncome": 28510000, "totalOtherIncomeExpenseNet": -1664000, "ebit": 28510000, "interestExpense": -1892000, "incomeBeforeTax": 26846000, "incomeTaxExpense": 7860000, "minorityInterest": {}, "netIncomeFromContinuingOps": 18986000, "discontinuedOperations": {}, "extraordinaryItems": {}, "effectOfAccountingCharges": {}, "otherItems": {}, "netIncome": 18986000, "netIncomeApplicableToCommonShares": 18986000}, {"maxAge": 1, "endDate": "2020-06-30", "totalRevenue": 90664000, "costOfRevenue": 35289000, "grossProfit": 55375000, "researchDevelopment": {}, "sellingGeneralAdministrative": 5070000, "nonRecurring": {}, "otherOperatingExpenses": 36580000, "totalOperatingExpenses": 82167000, "operatingIncome": 8497000, "totalOtherIncomeExpenseNet": -893000, "ebit": 8497000, "interestExpense": -1603000, "incomeBeforeTax": 7604000, "incomeTaxExpense": 1764000, "minorityInterest": {}, "netIncomeFromContinuingOps": 5840000, "discontinuedOperations": {}, "extraordinaryItems": {}, "effectOfAccountingCharges": {}, "otherItems": {}, "netIncome": 5840000, "netIncomeApplicableToCommonShares": 5840000}, {"maxAge": 1, "endDate": "2020-03-31", "totalRevenue": 147814000, "costOfRevenue": 86915000, "grossProfit": 60899000, "researchDevelopment": {}, "sellingGeneralAdministrative": 31809000, "nonRecurring": {}, "otherOperatingExpenses": 846000, "totalOperatingExpenses": 124414000, "operatingIncome": 23400000, "totalOtherIncomeExpenseNet": 333000, "ebit": 23400000, "interestExpense": -2609000, "incomeBeforeTax": 23733000, "incomeTaxExpense": 6158000, "minorityInterest": {}, "netIncomeFromContinuingOps": 17575000, "discontinuedOperations": {}, "extraordinaryItems": {}, "effectOfAccountingCharges": {}, "otherItems": {}, "netIncome": 17575000, "netIncomeApplicableToCommonShares": 17575000}, {"maxAge": 1, "endDate": "2019-12-31", "totalRevenue": 180558000, "costOfRevenue": 83423000, "grossProfit": 97135000, "researchDevelopment": {}, "sellingGeneralAdministrative": 51378000, "nonRecurring": {}, "otherOperatingExpenses": 846000, "totalOperatingExpenses": 139599000, "operatingIncome": 40959000, "totalOtherIncomeExpenseNet": -1957000, "ebit": 40959000, "interestExpense": -1958000, "incomeBeforeTax": 39002000, "incomeTaxExpense": 12778000, "minorityInterest": {}, "netIncomeFromContinuingOps": 26224000, "discontinuedOperations": {}, "extraordinaryItems": {}, "effectOfAccountingCharges": {}, "otherItems": {}, "netIncome": 26224000, "netIncomeApplicableToCommonShares": 26224000}], "maxAge": 86400}, "cashflowStatementHistoryQuarterly": {"cashflowStatements": [{"maxAge": 1, "endDate": "2020-09-30", "netIncome": 18986000, "changeToLiabilities": 0}, {"maxAge": 1, "endDate": "2020-06-30", "netIncome": 5840000, "changeToLiabilities": 0}, {"maxAge": 1, "endDate": "2020-03-31", "netIncome": 17575000, "changeToLiabilities": 0}, {"maxAge": 1, "endDate": "2019-12-31", "netIncome": 26224000, "changeToLiabilities": 0}], "maxAge": 86400}, "insiderHolders": {"holders": [], "maxAge": 1}, "calendarEvents": {"maxAge": 1, "earnings": {"earningsDate": ["2020-10-16 05:30:S"]}}, "upgradeDowngradeHistory": {"history": [], "maxAge": 86400}, "price": {"maxAge": 1, "regularMarketChangePercent": 0.016025642, "regularMarketChange": 3.75, "regularMarketTime": "2021-04-30 15:28:56", "priceHint": 2, "regularMarketPrice": 237.75, "regularMarketDayHigh": 245.7, "regularMarketDayLow": 230.2, "regularMarketVolume": 4781, "averageDailyVolume10Day": 1787, "averageDailyVolume3Month": 5817, "regularMarketPreviousClose": 234.0, "regularMarketSource": "FREE_REALTIME", "regularMarketOpen": 245.6, "exchange": "BSE", "exchangeName": "BSE", "exchangeDataDelayedBy": 0, "marketState": "CLOSED", "quoteType": "EQUITY", "symbol": "RPEL.BO", "underlyingSymbol": null, "shortName": "RAGHAV PRODUCTIVITY ENHANCERS", "longName": "Raghav Productivity Enhancers Limited", "currency": "INR", "quoteSourceName": "Delayed Quote", "currencySymbol": "\u20b9", "fromCurrency": null, "lastMarket": null, "marketCap": 2389696512}, "balanceSheetHistory": {"balanceSheetStatements": [{"maxAge": 1, "endDate": "2020-03-31", "cash": 739000, "netReceivables": 231250000, "inventory": 75369000, "otherCurrentAssets": 11176000, "totalCurrentAssets": 321537000, "propertyPlantEquipment": 276121000, "intangibleAssets": 11000, "otherAssets": 2807000, "totalAssets": 600476000, "accountsPayable": 37844000, "shortLongTermDebt": 10866000, "otherCurrentLiab": 27523000, "longTermDebt": 2423000, "otherLiab": 39420000, "totalCurrentLiabilities": 138573000, "totalLiab": 182274000, "commonStock": 100513000, "retainedEarnings": 272123000, "treasuryStock": -125000, "capitalSurplus": 45691000, "otherStockholderEquity": -125000, "totalStockholderEquity": 418202000, "netTangibleAssets": 418191000}, {"maxAge": 1, "endDate": "2019-03-31", "cash": 705000, "netReceivables": 183624000, "inventory": 67684000, "otherCurrentAssets": 1777000, "totalCurrentAssets": 256596000, "propertyPlantEquipment": 235645000, "intangibleAssets": 15000, "otherAssets": 18245000, "totalAssets": 510501000, "accountsPayable": 29318000, "shortLongTermDebt": 11738000, "otherCurrentLiab": 26388000, "longTermDebt": 11442000, "otherLiab": 33417000, "deferredLongTermLiab": 97000, "totalCurrentLiabilities": 141505000, "totalLiab": 186364000, "commonStock": 100513000, "retainedEarnings": 177743000, "treasuryStock": 190000, "capitalSurplus": 45691000, "otherStockholderEquity": 190000, "totalStockholderEquity": 324137000, "netTangibleAssets": 324122000}, {"maxAge": 1, "endDate": "2018-03-31", "cash": 876009, "shortTermInvestments": 1358528, "netReceivables": 142546814, "inventory": 52219516, "otherCurrentAssets": 1091970, "totalCurrentAssets": 200004009, "propertyPlantEquipment": 222638567, "intangibleAssets": 7533, "otherAssets": 1559041, "totalAssets": 424209150, "accountsPayable": 27035448, "shortLongTermDebt": 12893355, "otherCurrentLiab": 18190894, "longTermDebt": 22788700, "otherLiab": 15371962, "deferredLongTermLiab": 202000, "totalCurrentLiabilities": 142175661, "totalLiab": 180336323, "commonStock": 71795000, "retainedEarnings": 97668801, "capitalSurplus": 74409026, "totalStockholderEquity": 243872827, "netTangibleAssets": 243865294}, {"maxAge": 1, "endDate": "2017-03-31", "cash": 1472899, "shortTermInvestments": 791081, "netReceivables": 124135137, "inventory": 42046827, "otherCurrentAssets": 8462201, "totalCurrentAssets": 177385365, "propertyPlantEquipment": 197143706, "intangibleAssets": 8133, "otherAssets": 2813020, "totalAssets": 377350224, "accountsPayable": 39163380, "shortLongTermDebt": 14554166, "otherCurrentLiab": 6835487, "longTermDebt": 32230072, "otherLiab": 13167746, "deferredLongTermLiab": 307000, "totalCurrentLiabilities": 146778762, "totalLiab": 192176580, "commonStock": 71795000, "retainedEarnings": 38969618, "capitalSurplus": 74409026, "totalStockholderEquity": 185173644, "netTangibleAssets": 185165511}], "maxAge": 86400}, "financialData": {"maxAge": 86400, "currentPrice": 237.75, "recommendationKey": "none", "grossProfits": 339898000, "financialCurrency": "INR"}}}