{"RPOWER.BO": {"recommendationTrend": {"trend": [{"period": "0m", "strongBuy": 0, "buy": 0, "hold": 0, "sell": 0, "strongSell": 0}, {"period": "-1m", "strongBuy": 0, "buy": 0, "hold": 0, "sell": 0, "strongSell": 0}, {"period": "-2m", "strongBuy": 0, "buy": 0, "hold": 0, "sell": 0, "strongSell": 0}, {"period": "-3m", "strongBuy": 0, "buy": 0, "hold": 0, "sell": 0, "strongSell": 0}], "maxAge": 86400}, "cashflowStatementHistory": {"cashflowStatements": [{"maxAge": 1, "endDate": "2020-03-31", "netIncome": -40765900000, "depreciation": 9849000000, "changeToNetincome": 69521900000, "changeToAccountReceivables": -1756100000, "changeToLiabilities": 157700000, "changeToInventory": -24600000, "changeToOperatingActivities": 8446200000, "totalCashFromOperatingActivities": 45428200000, "capitalExpenditures": -21103900000, "investments": 17754500000, "otherCashflowsFromInvestingActivities": 878400000, "totalCashflowsFromInvestingActivities": -2471000000, "netBorrowings": -21076100000, "otherCashflowsFromFinancingActivities": -20920500000, "totalCashFromFinancingActivities": -41996600000, "changeInCash": 960600000}, {"maxAge": 1, "endDate": "2019-03-31", "netIncome": -29518200000, "depreciation": 10253700000, "changeToNetincome": 63457800000, "changeToAccountReceivables": -3910900000, "changeToLiabilities": 665900000, "changeToInventory": -2827400000, "changeToOperatingActivities": 4110200000, "totalCashFromOperatingActivities": 42231100000, "capitalExpenditures": -2124600000, "investments": 993300000, "otherCashflowsFromInvestingActivities": 1673100000, "totalCashflowsFromInvestingActivities": 600100000, "netBorrowings": -32176700000, "otherCashflowsFromFinancingActivities": -16211600000, "totalCashFromFinancingActivities": -48388300000, "changeInCash": -5557100000}, {"maxAge": 1, "endDate": "2018-03-31", "netIncome": 8404500000, "depreciation": 8946800000, "changeToNetincome": 26612400000, "changeToAccountReceivables": -4803000000, "changeToLiabilities": 406500000, "changeToInventory": 2996800000, "changeToOperatingActivities": 1083300000, "totalCashFromOperatingActivities": 43647300000, "capitalExpenditures": -4597400000, "investments": 9895200000, "otherCashflowsFromInvestingActivities": -1885900000, "totalCashflowsFromInvestingActivities": 3542800000, "netBorrowings": -14230700000, "otherCashflowsFromFinancingActivities": -28878200000, "totalCashFromFinancingActivities": -43108900000, "changeInCash": 4081200000}, {"maxAge": 1, "endDate": "2017-03-31", "netIncome": 11041600000, "depreciation": 8620000000, "changeToNetincome": 27067900000, "changeToAccountReceivables": -3499800000, "changeToLiabilities": -934100000, "changeToInventory": -639600000, "changeToOperatingActivities": 5397600000, "totalCashFromOperatingActivities": 47053600000, "capitalExpenditures": -6006100000, "investments": 3051400000, "otherCashflowsFromInvestingActivities": -18715000000, "totalCashflowsFromInvestingActivities": -21418500000, "netBorrowings": -6573000000, "otherCashflowsFromFinancingActivities": -27320200000, "totalCashFromFinancingActivities": -33893200000, "changeInCash": -8258100000}], "maxAge": 86400}, "institutionOwnership": {"ownershipList": [], "maxAge": 1}, "balanceSheetHistoryQuarterly": {"balanceSheetStatements": [{"maxAge": 1, "endDate": "2020-06-30", "totalStockholderEquity": 118688700000, "netTangibleAssets": 118212700000}, {"maxAge": 1, "endDate": "2020-03-31", "cash": 1249400000, "shortTermInvestments": 1867100000, "netReceivables": 31700200000, "inventory": 10141800000, "otherCurrentAssets": 3347200000, "totalCurrentAssets": 48544100000, "longTermInvestments": 3800000, "propertyPlantEquipment": 421407900000, "goodWill": 141100000, "intangibleAssets": 334900000, "otherAssets": 62997200000, "totalAssets": 533429000000, "accountsPayable": 4931000000, "shortLongTermDebt": 45896200000, "otherCurrentLiab": 52757000000, "longTermDebt": 198605600000, "otherLiab": 42811400000, "minorityInterest": 13527900000, "totalCurrentLiabilities": 159536100000, "totalLiab": 401212400000, "commonStock": 28051300000, "retainedEarnings": 7726300000, "treasuryStock": 2844800000, "capitalSurplus": 80066300000, "otherStockholderEquity": 2929300000, "totalStockholderEquity": 118688700000, "netTangibleAssets": 118212700000}, {"maxAge": 1, "endDate": "2019-12-31", "totalStockholderEquity": 173871400000, "netTangibleAssets": 173369200000}, {"maxAge": 1, "endDate": "2019-09-30", "cash": 18890300000, "shortTermInvestments": 8068100000, "netReceivables": 38303100000, "inventory": 7894700000, "otherCurrentAssets": 3190900000, "totalCurrentAssets": 76347100000, "longTermInvestments": 850400000, "propertyPlantEquipment": 400111200000, "goodWill": 141100000, "intangibleAssets": 361100000, "otherAssets": 101016000000, "totalAssets": 578826900000, "accountsPayable": 3975100000, "otherCurrentLiab": 104989000000, "longTermDebt": 202629200000, "otherLiab": 43516500000, "totalCurrentLiabilities": 158809800000, "totalLiab": 404955500000, "commonStock": 28051300000, "treasuryStock": 145820100000, "otherStockholderEquity": 145820100000, "totalStockholderEquity": 173871400000, "netTangibleAssets": 173369200000}], "maxAge": 86400}, "earningsHistory": {"history": [{"maxAge": 1, "epsActual": 1.0, "epsEstimate": 1.15, "epsDifference": -0.15, "surprisePercent": -0.13, "quarter": "2017-12-31", "period": "-4q"}, {"maxAge": 1, "epsActual": 0.89, "epsEstimate": 0.85, "epsDifference": 0.04, "surprisePercent": 0.047, "quarter": "2018-03-31", "period": "-3q"}, {"maxAge": 1, "epsActual": 0.85, "epsEstimate": 0.8, "epsDifference": 0.05, "surprisePercent": 0.062, "quarter": "2018-06-30", "period": "-2q"}, {"maxAge": 1, "epsActual": 0.9, "epsEstimate": 1.1, "epsDifference": -0.2, "surprisePercent": -0.18200001, "quarter": "2018-09-30", "period": "-1q"}], "maxAge": 86400}, "indexTrend": {"maxAge": 1, "symbol": "SP5", "peRatio": 19.7411, "pegRatio": 1.34172, "estimates": [{"period": "0q", "growth": 0.549}, {"period": "+1q", "growth": 0.431}, {"period": "0y", "growth": 0.305}, {"period": "+1y", "growth": 0.109}, {"period": "+5y", "growth": 0.120865}, {"period": "-5y"}]}, "industryTrend": {"maxAge": 1, "symbol": null, "estimates": []}, "insiderTransactions": {"transactions": [{"maxAge": 1, "shares": 8500000, "filerUrl": "", "transactionText": "", "filerName": "Rpower Trustee Company Pvt. Ltd", "filerRelation": "Institution- Corporation", "moneyText": "", "startDate": "2017-10-23", "ownership": "D"}, {"maxAge": 1, "shares": 47552662, "filerUrl": "", "transactionText": "", "filerName": "Reliance Wind Turbine Installators Industries Pvt. Ltd.", "filerRelation": "Institution- Corporation", "moneyText": "", "startDate": "2017-03-27", "ownership": "D"}, {"maxAge": 1, "shares": 60000000, "filerUrl": "", "transactionText": "", "filerName": "Reliance Wind Turbine Installators Industries Pvt. Ltd.", "filerRelation": "Institution- Corporation", "moneyText": "", "startDate": "2017-03-23", "ownership": "D"}, {"maxAge": 1, "shares": 60000000, "filerUrl": "", "transactionText": "", "filerName": "Reliance Wind Turbine Installators Industries Pvt. Ltd.", "filerRelation": "Institution- Corporation", "moneyText": "", "startDate": "2017-03-23", "ownership": "D"}, {"maxAge": 1, "shares": 60000000, "filerUrl": "", "transactionText": "", "filerName": "Reliance Wind Turbine Installators Industries Pvt. Ltd.", "filerRelation": "Institution- Corporation", "moneyText": "", "startDate": "2017-03-22", "ownership": "D"}, {"maxAge": 1, "shares": 12447338, "filerUrl": "", "transactionText": "", "filerName": "Reliance Wind Turbine Installators Industries Pvt. Ltd.", "filerRelation": "Institution- Corporation", "moneyText": "", "startDate": "2017-03-22", "ownership": "D"}, {"maxAge": 1, "shares": 60000000, "filerUrl": "", "transactionText": "", "filerName": "Reliance Wind Turbine Installators Industries Pvt. Ltd.", "filerRelation": "Institution- Corporation", "moneyText": "", "startDate": "2017-03-21", "ownership": "D"}, {"maxAge": 1, "shares": 60000000, "filerUrl": "", "transactionText": "", "filerName": "Reliance Wind Turbine Installators Industries Pvt. Ltd.", "filerRelation": "Institution- Corporation", "moneyText": "", "startDate": "2017-03-21", "ownership": "D"}, {"maxAge": 1, "shares": 60000000, "filerUrl": "", "transactionText": "", "filerName": "Reliance Wind Turbine Installators Industries Pvt. Ltd.", "filerRelation": "Institution- Corporation", "moneyText": "", "startDate": "2017-03-21", "ownership": "D"}, {"maxAge": 1, "shares": 60000000, "filerUrl": "", "transactionText": "", "filerName": "Reliance Wind Turbine Installators Industries Pvt. Ltd.", "filerRelation": "Institution- Corporation", "moneyText": "", "startDate": "2017-03-20", "ownership": "D"}], "maxAge": 1}, "quoteType": {"exchange": "BSE", "quoteType": "EQUITY", "symbol": "RPOWER.BO", "underlyingSymbol": "RPOWER.BO", "shortName": "RELIANCE POWER LTD.", "longName": "Reliance Power Limited", "firstTradeDateEpochUtc": "2008-02-11 09:15:00", "timeZoneFullName": "Asia/Kolkata", "timeZoneShortName": "IST", "uuid": "d84116fe-7719-3e90-b4c5-4a8901a1c982", "gmtOffSetMilliseconds": 19800000, "maxAge": 1}, "incomeStatementHistory": {"incomeStatementHistory": [{"maxAge": 1, "endDate": "2020-03-31", "totalRevenue": 75622700000, "costOfRevenue": 26106900000, "grossProfit": 49515800000, "researchDevelopment": {}, "sellingGeneralAdministrative": 11610400000, "nonRecurring": {}, "otherOperatingExpenses": 3696100000, "totalOperatingExpenses": 49776400000, "operatingIncome": 25846300000, "totalOtherIncomeExpenseNet": -68163400000, "ebit": 25846300000, "interestExpense": -29077500000, "incomeBeforeTax": -42317100000, "incomeTaxExpense": 236600000, "minorityInterest": 13527900000, "netIncomeFromContinuingOps": -42553700000, "discontinuedOperations": -161100000, "extraordinaryItems": {}, "effectOfAccountingCharges": {}, "otherItems": {}, "netIncome": -40765900000, "netIncomeApplicableToCommonShares": -40765900000}, {"maxAge": 1, "endDate": "2019-03-31", "totalRevenue": 82013100000, "costOfRevenue": 26046500000, "grossProfit": 55966600000, "researchDevelopment": {}, "sellingGeneralAdministrative": 8961800000, "nonRecurring": {}, "otherOperatingExpenses": 7176000000, "totalOperatingExpenses": 50566800000, "operatingIncome": 31446300000, "totalOtherIncomeExpenseNet": -60402300000, "ebit": 31446300000, "interestExpense": -28634400000, "incomeBeforeTax": -28956000000, "incomeTaxExpense": 177500000, "minorityInterest": 13527900000, "netIncomeFromContinuingOps": -29133500000, "discontinuedOperations": -384700000, "extraordinaryItems": {}, "effectOfAccountingCharges": {}, "otherItems": {}, "netIncome": -29518200000, "netIncomeApplicableToCommonShares": -29518200000}, {"maxAge": 1, "endDate": "2018-03-31", "totalRevenue": 95927300000, "costOfRevenue": 35936900000, "grossProfit": 59990400000, "researchDevelopment": {}, "sellingGeneralAdministrative": 7469900000, "nonRecurring": {}, "otherOperatingExpenses": 8656400000, "totalOperatingExpenses": 59651400000, "operatingIncome": 36275900000, "totalOtherIncomeExpenseNet": -26481400000, "ebit": 36275900000, "interestExpense": -26613400000, "incomeBeforeTax": 9794500000, "incomeTaxExpense": 1437500000, "minorityInterest": 13527900000, "netIncomeFromContinuingOps": 8357000000, "discontinuedOperations": 47500000, "extraordinaryItems": {}, "effectOfAccountingCharges": {}, "otherItems": {}, "netIncome": 8404500000, "netIncomeApplicableToCommonShares": 8404500000}, {"maxAge": 1, "endDate": "2017-03-31", "totalRevenue": 103956500000, "costOfRevenue": 37033900000, "grossProfit": 66922600000, "researchDevelopment": {}, "sellingGeneralAdministrative": 7735400000, "nonRecurring": {}, "otherOperatingExpenses": 14122500000, "totalOperatingExpenses": 66231800000, "operatingIncome": 37724700000, "totalOtherIncomeExpenseNet": -23470500000, "ebit": 37724700000, "interestExpense": -26100700000, "incomeBeforeTax": 14254200000, "incomeTaxExpense": 3212600000, "minorityInterest": 13527900000, "netIncomeFromContinuingOps": 11041600000, "discontinuedOperations": 47500000, "extraordinaryItems": {}, "effectOfAccountingCharges": {}, "otherItems": {}, "netIncome": 11041600000, "netIncomeApplicableToCommonShares": 11041600000}], "maxAge": 86400}, "fundOwnership": {"ownershipList": [{"maxAge": 1, "reportDate": "2020-06-30", "organization": "PIMCO Equity Series-PIMCO RAE Emerging Markets Fd", "pctHeld": 0.0057, "position": 16074968, "value": 72980354}, {"maxAge": 1, "reportDate": "2020-07-31", "organization": "DFA Investment Dimensions-DFA Emerging Mkts Value", "pctHeld": 0.001, "position": 2934737, "value": 9625937}, {"maxAge": 1, "reportDate": "2020-07-31", "organization": "DFA Emerging Markets Core Equity Portfolio", "pctHeld": 0.0007, "position": 1988004, "value": 6520653}, {"maxAge": 1, "reportDate": "2020-07-31", "organization": "DFA Emerging Markets Small Cap Series", "pctHeld": 0.00059999997, "position": 1696033, "value": 5562988}, {"maxAge": 1, "reportDate": "2020-07-31", "organization": "DFA Investment Dimensions-Emerging Markets Social Core Equity", "pctHeld": 0.0001, "position": 229033, "value": 751228}, {"maxAge": 1, "reportDate": "2020-07-31", "organization": "DFA T.A. World Ex U.S. Core Equity Portfolio", "pctHeld": 0.0001, "position": 225835, "value": 740738}, {"maxAge": 1, "reportDate": "2020-07-31", "organization": "DFA Investment Dimensions-World Ex U.S. Core Equity Port", "pctHeld": 0.0001, "position": 208281, "value": 683161}, {"maxAge": 1, "reportDate": "2020-06-30", "organization": "Mercer Emerging Markets Equity  Fd", "pctHeld": 0.0001, "position": 191600, "value": 869864}], "maxAge": 1}, "summaryDetail": {"maxAge": 1, "priceHint": 4, "previousClose": 4.67, "open": 4.58, "dayLow": 4.52, "dayHigh": 5.13, "regularMarketPreviousClose": 4.67, "regularMarketOpen": 4.58, "regularMarketDayLow": 4.52, "regularMarketDayHigh": 5.13, "forwardPE": 0.8929889, "volume": 68116515, "regularMarketVolume": 68116515, "averageVolume": 4700191, "averageVolume10days": 3010760, "averageDailyVolume10Day": 3010760, "bid": 4.84, "ask": 4.87, "bidSize": 0, "askSize": 0, "marketCap": 13576829952, "fiftyTwoWeekLow": 1.0, "fiftyTwoWeekHigh": 5.23, "fiftyDayAverage": 3.489394, "twoHundredDayAverage": 3.300809, "trailingAnnualDividendRate": 1.0, "trailingAnnualDividendYield": 0.21413276, "currency": "INR", "fromCurrency": null, "lastMarket": null, "algorithm": null, "tradeable": false}, "sectorTrend": {"maxAge": 1, "symbol": null, "estimates": []}, "incomeStatementHistoryQuarterly": {"incomeStatementHistory": [{"maxAge": 1, "endDate": "2020-06-30", "totalRevenue": 19329500000, "costOfRevenue": 7783500000, "grossProfit": 11546000000, "researchDevelopment": {}, "sellingGeneralAdministrative": 3352500000, "nonRecurring": {}, "otherOperatingExpenses": -301600000, "totalOperatingExpenses": 13563800000, "operatingIncome": 5765700000, "totalOtherIncomeExpenseNet": -4943400000, "ebit": 5765700000, "interestExpense": -6683300000, "incomeBeforeTax": 822300000, "incomeTaxExpense": 419500000, "minorityInterest": {}, "netIncomeFromContinuingOps": 402800000, "discontinuedOperations": -1400000, "extraordinaryItems": {}, "effectOfAccountingCharges": {}, "otherItems": {}, "netIncome": -18800000, "netIncomeApplicableToCommonShares": -18800000}, {"maxAge": 1, "endDate": "2020-03-31", "totalRevenue": 17980500000, "costOfRevenue": 4041700000, "grossProfit": 13938800000, "researchDevelopment": {}, "sellingGeneralAdministrative": 1928600000, "nonRecurring": {}, "otherOperatingExpenses": 9058000000, "totalOperatingExpenses": 17119600000, "operatingIncome": 860900000, "totalOtherIncomeExpenseNet": -45218300000, "ebit": 860900000, "interestExpense": -6132400000, "incomeBeforeTax": -44357400000, "incomeTaxExpense": -528000000, "minorityInterest": 13527900000, "netIncomeFromContinuingOps": -43829400000, "discontinuedOperations": -192000000, "extraordinaryItems": {}, "effectOfAccountingCharges": {}, "otherItems": {}, "netIncome": -42072500000, "netIncomeApplicableToCommonShares": -42072500000}, {"maxAge": 1, "endDate": "2019-12-31", "totalRevenue": 16690800000, "costOfRevenue": 5300700000, "grossProfit": 11390100000, "researchDevelopment": {}, "sellingGeneralAdministrative": 3702800000, "nonRecurring": {}, "otherOperatingExpenses": -2288500000, "totalOperatingExpenses": 8829200000, "operatingIncome": 7861600000, "totalOtherIncomeExpenseNet": -7409600000, "ebit": 7861600000, "interestExpense": -7409600000, "incomeBeforeTax": 452000000, "incomeTaxExpense": -31600000, "minorityInterest": 13527900000, "netIncomeFromContinuingOps": 483600000, "discontinuedOperations": 10300000, "extraordinaryItems": {}, "effectOfAccountingCharges": {}, "otherItems": {}, "netIncome": 493900000, "netIncomeApplicableToCommonShares": 493900000}, {"maxAge": 1, "endDate": "2019-09-30", "totalRevenue": 20195900000, "costOfRevenue": 8606000000, "grossProfit": 11589900000, "researchDevelopment": {}, "sellingGeneralAdministrative": 3139300000, "nonRecurring": {}, "otherOperatingExpenses": -2195100000, "totalOperatingExpenses": 11644700000, "operatingIncome": 8551200000, "totalOtherIncomeExpenseNet": -7781500000, "ebit": 8551200000, "interestExpense": -7781500000, "incomeBeforeTax": 769700000, "incomeTaxExpense": 329400000, "minorityInterest": 13527900000, "netIncomeFromContinuingOps": 440300000, "discontinuedOperations": 10300000, "extraordinaryItems": {}, "effectOfAccountingCharges": {}, "otherItems": {}, "netIncome": 450600000, "netIncomeApplicableToCommonShares": 450600000}], "maxAge": 86400}, "cashflowStatementHistoryQuarterly": {"cashflowStatements": [{"maxAge": 1, "endDate": "2020-06-30", "netIncome": -18800000, "changeToLiabilities": 0}, {"maxAge": 1, "endDate": "2020-03-31", "netIncome": -42072500000, "changeToLiabilities": 0}, {"maxAge": 1, "endDate": "2019-12-31", "netIncome": 493900000, "changeToLiabilities": 0}, {"maxAge": 1, "endDate": "2019-09-30", "netIncome": 450600000, "changeToLiabilities": 0}], "maxAge": 86400}, "insiderHolders": {"holders": [{"maxAge": 1, "name": "Reliance Wind Turbine Installators Industries Pvt. Ltd.", "relation": "Institution- Corporation", "url": "", "transactionDescription": "Other", "latestTransDate": "2017-03-27", "positionDirect": 347552662, "positionDirectDate": "2017-03-27"}, {"maxAge": 1, "name": "Rpower Trustee Company Pvt. Ltd", "relation": "Institution- Corporation", "url": "", "transactionDescription": "Sale", "latestTransDate": "2017-10-23", "positionDirect": 0, "positionDirectDate": "2017-10-23"}], "maxAge": 1}, "earnings": {"maxAge": 86400, "earningsChart": {"quarterly": [{"date": "4Q2017", "actual": 1.0, "estimate": 1.15}, {"date": "1Q2018", "actual": 0.89, "estimate": 0.85}, {"date": "2Q2018", "actual": 0.85, "estimate": 0.8}, {"date": "3Q2018", "actual": 0.9, "estimate": 1.1}], "currentQuarterEstimateDate": "4Q", "currentQuarterEstimateYear": 2018, "earningsDate": ["2020-07-30 05:30:S"]}, "financialsChart": {"yearly": [{"date": 2017, "revenue": 103956500000, "earnings": 11041600000}, {"date": 2018, "revenue": 95927300000, "earnings": 8404500000}, {"date": 2019, "revenue": 82013100000, "earnings": -29518200000}, {"date": 2020, "revenue": 75622700000, "earnings": -40765900000}], "quarterly": [{"date": "3Q2019", "revenue": 20195900000, "earnings": 450600000}, {"date": "4Q2019", "revenue": 16690800000, "earnings": 493900000}, {"date": "1Q2020", "revenue": 17980500000, "earnings": -42072500000}, {"date": "2Q2020", "revenue": 19329500000, "earnings": -18800000}]}, "financialCurrency": "INR"}, "calendarEvents": {"maxAge": 1, "earnings": {"earningsDate": ["2020-07-30 05:30:S"]}}, "upgradeDowngradeHistory": {"history": [], "maxAge": 86400}, "price": {"maxAge": 1, "regularMarketChangePercent": 0.036402587, "regularMarketChange": 0.17000008, "regularMarketTime": "2021-04-30 15:59:22", "priceHint": 4, "regularMarketPrice": 4.84, "regularMarketDayHigh": 5.13, "regularMarketDayLow": 4.52, "regularMarketVolume": 68116515, "averageDailyVolume10Day": 3010760, "averageDailyVolume3Month": 4700191, "regularMarketPreviousClose": 4.67, "regularMarketSource": "FREE_REALTIME", "regularMarketOpen": 4.58, "exchange": "BSE", "exchangeName": "BSE", "exchangeDataDelayedBy": 0, "marketState": "CLOSED", "quoteType": "EQUITY", "symbol": "RPOWER.BO", "underlyingSymbol": null, "shortName": "RELIANCE POWER LTD.", "longName": "Reliance Power Limited", "currency": "INR", "quoteSourceName": "Delayed Quote", "currencySymbol": "\u20b9", "fromCurrency": null, "lastMarket": null, "marketCap": 13576829952}, "balanceSheetHistory": {"balanceSheetStatements": [{"maxAge": 1, "endDate": "2020-03-31", "cash": 1249400000, "shortTermInvestments": 1867100000, "netReceivables": 31700200000, "inventory": 10141800000, "otherCurrentAssets": 3347200000, "totalCurrentAssets": 48544100000, "longTermInvestments": 3800000, "propertyPlantEquipment": 421407900000, "goodWill": 141100000, "intangibleAssets": 334900000, "otherAssets": 62997200000, "totalAssets": 533429000000, "accountsPayable": 4931000000, "shortLongTermDebt": 45896200000, "otherCurrentLiab": 52757000000, "longTermDebt": 198605600000, "otherLiab": 42811400000, "minorityInterest": 13527900000, "totalCurrentLiabilities": 159536100000, "totalLiab": 401212400000, "commonStock": 28051300000, "retainedEarnings": 7726300000, "treasuryStock": 2844800000, "capitalSurplus": 80066300000, "otherStockholderEquity": 2929300000, "totalStockholderEquity": 118688700000, "netTangibleAssets": 118212700000}, {"maxAge": 1, "endDate": "2019-03-31", "cash": 288800000, "shortTermInvestments": 4629200000, "netReceivables": 39531500000, "inventory": 10117200000, "otherCurrentAssets": 6149400000, "totalCurrentAssets": 60908400000, "longTermInvestments": 15046800000, "propertyPlantEquipment": 401281800000, "goodWill": 141100000, "intangibleAssets": 370400000, "otherAssets": 103035500000, "totalAssets": 580784000000, "accountsPayable": 5225200000, "shortLongTermDebt": 34262800000, "otherCurrentLiab": 48129600000, "longTermDebt": 180909700000, "otherLiab": 44015100000, "totalCurrentLiabilities": 182084500000, "totalLiab": 407009300000, "commonStock": 28051300000, "retainedEarnings": 60048100000, "treasuryStock": 2129900000, "capitalSurplus": 83545400000, "otherStockholderEquity": 2214400000, "totalStockholderEquity": 173774700000, "netTangibleAssets": 173263200000}, {"maxAge": 1, "endDate": "2018-03-31", "cash": 5845900000, "shortTermInvestments": 6088200000, "netReceivables": 58194500000, "inventory": 7289800000, "otherCurrentAssets": 3489800000, "totalCurrentAssets": 81248400000, "longTermInvestments": 14169400000, "propertyPlantEquipment": 417397900000, "goodWill": 141100000, "intangibleAssets": 394700000, "otherAssets": 108387900000, "totalAssets": 621739400000, "accountsPayable": 4476000000, "shortLongTermDebt": 36732200000, "otherCurrentLiab": 41244800000, "longTermDebt": 242012000000, "otherLiab": 44539200000, "totalCurrentLiabilities": 122838600000, "totalLiab": 409389800000, "commonStock": 28051300000, "retainedEarnings": 99741600000, "treasuryStock": 1011300000, "capitalSurplus": 83545400000, "otherStockholderEquity": 1095800000, "totalStockholderEquity": 212349600000, "netTangibleAssets": 211813800000}, {"maxAge": 1, "endDate": "2017-03-31", "cash": 1764700000, "shortTermInvestments": 7754100000, "netReceivables": 58844300000, "inventory": 10286600000, "otherCurrentAssets": 13987400000, "totalCurrentAssets": 92975700000, "longTermInvestments": 12638800000, "propertyPlantEquipment": 421971100000, "goodWill": 141100000, "intangibleAssets": 422600000, "otherAssets": 113502400000, "totalAssets": 641651700000, "accountsPayable": 4616200000, "shortLongTermDebt": 29906700000, "otherCurrentLiab": 46677900000, "longTermDebt": 262900200000, "otherLiab": 45778700000, "totalCurrentLiabilities": 119297000000, "totalLiab": 427975900000, "commonStock": 28051300000, "retainedEarnings": 101827400000, "treasuryStock": 251700000, "capitalSurplus": 83545400000, "otherStockholderEquity": 664700000, "totalStockholderEquity": 213675800000, "netTangibleAssets": 213112100000}], "maxAge": 86400}, "earningsTrend": {"trend": [{"maxAge": 1, "period": "0q", "endDate": "2018-12-31", "growth": {}, "earningsEstimate": {"avg": 0.0, "low": 0.0, "high": 0.0, "yearAgoEps": 1.0, "numberOfAnalysts": 0, "growth": {}}, "revenueEstimate": {"avg": 0, "low": 0, "high": 0, "numberOfAnalysts": 0, "yearAgoRevenue": {}, "growth": {}}, "epsTrend": {"current": 0.0, "7daysAgo": 0.0, "30daysAgo": 0.0, "60daysAgo": 0.0, "90daysAgo": 0.0}, "epsRevisions": {"upLast7days": 0, "upLast30days": 0, "downLast30days": 0, "downLast90days": {}}}, {"maxAge": 1, "period": "+1q", "endDate": "2019-03-31", "growth": {}, "earningsEstimate": {"avg": 0.0, "low": 0.0, "high": 0.0, "yearAgoEps": 0.89, "numberOfAnalysts": 0, "growth": {}}, "revenueEstimate": {"avg": 0, "low": 0, "high": 0, "numberOfAnalysts": 0, "yearAgoRevenue": {}, "growth": {}}, "epsTrend": {"current": 0.0, "7daysAgo": 0.0, "30daysAgo": 0.0, "60daysAgo": 0.0, "90daysAgo": 0.0}, "epsRevisions": {"upLast7days": 0, "upLast30days": 0, "downLast30days": 0, "downLast90days": {}}}, {"maxAge": 1, "period": "0y", "endDate": "2019-03-31", "growth": {}, "earningsEstimate": {"avg": 0.0, "low": 0.0, "high": 0.0, "yearAgoEps": {}, "numberOfAnalysts": 0, "growth": {}}, "revenueEstimate": {"avg": 99113700000, "low": 93997000000, "high": 102885000000, "numberOfAnalysts": 3, "yearAgoRevenue": 98398200000, "growth": 0.0069999998}, "epsTrend": {"current": 0.0, "7daysAgo": 3.79, "30daysAgo": 3.79, "60daysAgo": 3.79, "90daysAgo": 3.79}, "epsRevisions": {"upLast7days": 0, "upLast30days": 0, "downLast30days": 0, "downLast90days": {}}}, {"maxAge": 1, "period": "+1y", "endDate": "2020-03-31", "growth": {}, "earningsEstimate": {"avg": 0.0, "low": 0.0, "high": 0.0, "yearAgoEps": {}, "numberOfAnalysts": 0, "growth": {}}, "revenueEstimate": {"avg": 101025000000, "low": 99825000000, "high": 102986000000, "numberOfAnalysts": 3, "yearAgoRevenue": 99113700000, "growth": 0.019}, "epsTrend": {"current": 0.0, "7daysAgo": 3.99, "30daysAgo": 3.99, "60daysAgo": 3.99, "90daysAgo": 3.99}, "epsRevisions": {"upLast7days": 0, "upLast30days": 0, "downLast30days": 0, "downLast90days": {}}}, {"maxAge": 1, "period": "+5y", "endDate": null, "growth": 0.0626, "earningsEstimate": {"avg": {}, "low": {}, "high": {}, "yearAgoEps": {}, "numberOfAnalysts": {}, "growth": {}}, "revenueEstimate": {"avg": {}, "low": {}, "high": {}, "numberOfAnalysts": {}, "yearAgoRevenue": {}, "growth": {}}, "epsTrend": {"current": {}, "7daysAgo": {}, "30daysAgo": {}, "60daysAgo": {}, "90daysAgo": {}}, "epsRevisions": {"upLast7days": {}, "upLast30days": {}, "downLast30days": {}, "downLast90days": {}}}, {"maxAge": 1, "period": "-5y", "endDate": null, "growth": {}, "earningsEstimate": {"avg": {}, "low": {}, "high": {}, "yearAgoEps": {}, "numberOfAnalysts": {}, "growth": {}}, "revenueEstimate": {"avg": {}, "low": {}, "high": {}, "numberOfAnalysts": {}, "yearAgoRevenue": {}, "growth": {}}, "epsTrend": {"current": {}, "7daysAgo": {}, "30daysAgo": {}, "60daysAgo": {}, "90daysAgo": {}}, "epsRevisions": {"upLast7days": {}, "upLast30days": {}, "downLast30days": {}, "downLast90days": {}}}], "maxAge": 1}, "financialData": {"maxAge": 86400, "currentPrice": 4.84, "targetHighPrice": 55.0, "targetLowPrice": 33.0, "targetMeanPrice": 42.2, "targetMedianPrice": 38.0, "recommendationKey": "none", "numberOfAnalystOpinions": 5, "grossProfits": 49515800000, "financialCurrency": "INR"}}}