{"RPPINFRA.BO": {"recommendationTrend": {"trend": [{"period": "0m", "strongBuy": 0, "buy": 0, "hold": 0, "sell": 0, "strongSell": 0}, {"period": "-1m", "strongBuy": 0, "buy": 0, "hold": 0, "sell": 0, "strongSell": 0}, {"period": "-2m", "strongBuy": 0, "buy": 0, "hold": 0, "sell": 0, "strongSell": 0}, {"period": "-3m", "strongBuy": 0, "buy": 0, "hold": 0, "sell": 0, "strongSell": 0}], "maxAge": 86400}, "cashflowStatementHistory": {"cashflowStatements": [{"maxAge": 1, "endDate": "2020-03-31", "netIncome": 181600000, "depreciation": 71600000, "changeToNetincome": 215200000, "changeToAccountReceivables": 79100000, "changeToLiabilities": -157100000, "changeToInventory": -39400000, "changeToOperatingActivities": 225600000, "totalCashFromOperatingActivities": 576600000, "capitalExpenditures": -8800000, "investments": -100000, "otherCashflowsFromInvestingActivities": 16000000, "totalCashflowsFromInvestingActivities": 7100000, "netBorrowings": -324300000, "otherCashflowsFromFinancingActivities": -226800000, "totalCashFromFinancingActivities": -551100000, "changeInCash": 33200000}, {"maxAge": 1, "endDate": "2019-03-31", "netIncome": 234100000, "depreciation": 63100000, "changeToNetincome": 218100000, "changeToAccountReceivables": -519400000, "changeToLiabilities": 475400000, "changeToInventory": -25500000, "changeToOperatingActivities": -736800000, "totalCashFromOperatingActivities": -290300000, "capitalExpenditures": -341300000, "investments": 300000, "otherCashflowsFromInvestingActivities": 31100000, "totalCashflowsFromInvestingActivities": -309900000, "dividendsPaid": -13600000, "netBorrowings": 422300000, "otherCashflowsFromFinancingActivities": -245000000, "totalCashFromFinancingActivities": 163700000, "changeInCash": -436400000}, {"maxAge": 1, "endDate": "2018-03-31", "netIncome": 116200000, "depreciation": 67800000, "changeToNetincome": 134600000, "changeToAccountReceivables": 1176900000, "changeToLiabilities": -476000000, "changeToInventory": -136600000, "changeToOperatingActivities": -178200000, "totalCashFromOperatingActivities": 704800000, "capitalExpenditures": -48800000, "investments": 2500000, "otherCashflowsFromInvestingActivities": 15900000, "totalCashflowsFromInvestingActivities": -30400000, "dividendsPaid": -13600000, "netBorrowings": 800000, "otherCashflowsFromFinancingActivities": -144000000, "totalCashFromFinancingActivities": -156800000, "changeInCash": 517600000}, {"maxAge": 1, "endDate": "2017-03-31", "netIncome": 227900000, "depreciation": 50500000, "changeToNetincome": 119400000, "changeToAccountReceivables": -702400000, "changeToLiabilities": 513900000, "changeToInventory": -9800000, "changeToOperatingActivities": 141600000, "totalCashFromOperatingActivities": 341100000, "capitalExpenditures": -87400000, "investments": 2500000, "otherCashflowsFromInvestingActivities": 20400000, "totalCashflowsFromInvestingActivities": -67000000, "dividendsPaid": -11300000, "netBorrowings": 41800000, "otherCashflowsFromFinancingActivities": -150500000, "totalCashFromFinancingActivities": -120000000, "changeInCash": 153900000}], "maxAge": 86400}, "institutionOwnership": {"ownershipList": [], "maxAge": 1}, "balanceSheetHistoryQuarterly": {"balanceSheetStatements": [{"maxAge": 1, "endDate": "2020-06-30", "totalStockholderEquity": 2617200000, "netTangibleAssets": 2611900000}, {"maxAge": 1, "endDate": "2020-03-31", "cash": 519700000, "netReceivables": 4252700000, "inventory": 241800000, "otherCurrentAssets": 290200000, "totalCurrentAssets": 5305700000, "longTermInvestments": 900000, "propertyPlantEquipment": 515900000, "goodWill": 2700000, "intangibleAssets": 2600000, "otherAssets": 57900000, "totalAssets": 5885700000, "accountsPayable": 1153500000, "shortLongTermDebt": 126100000, "otherCurrentLiab": 1014400000, "longTermDebt": 344500000, "otherLiab": 10800000, "totalCurrentLiabilities": 2913200000, "totalLiab": 3268500000, "commonStock": 226000000, "retainedEarnings": 1808800000, "treasuryStock": 23800000, "capitalSurplus": 558600000, "otherStockholderEquity": 23800000, "totalStockholderEquity": 2617200000, "netTangibleAssets": 2611900000}, {"maxAge": 1, "endDate": "2019-12-31", "totalStockholderEquity": 2487700000, "netTangibleAssets": 2472400000}, {"maxAge": 1, "endDate": "2019-09-30", "cash": 668100000, "shortTermInvestments": 1544400000, "netReceivables": 2052900000, "inventory": 222700000, "otherCurrentAssets": 1099700000, "totalCurrentAssets": 5587800000, "longTermInvestments": 1100000, "propertyPlantEquipment": 561500000, "goodWill": 2700000, "intangibleAssets": 12600000, "otherAssets": 64400000, "totalAssets": 6230100000, "accountsPayable": 1091400000, "otherCurrentLiab": 1214300000, "longTermDebt": 685800000, "otherLiab": 84800000, "totalCurrentLiabilities": 2971800000, "totalLiab": 3742400000, "commonStock": 226000000, "treasuryStock": 2261700000, "otherStockholderEquity": 2261700000, "totalStockholderEquity": 2487700000, "netTangibleAssets": 2472400000}], "maxAge": 86400}, "earningsHistory": {"history": [{"maxAge": 1, "epsActual": {}, "epsEstimate": {}, "epsDifference": {}, "surprisePercent": {}, "quarter": {}, "period": "-4q"}, {"maxAge": 1, "epsActual": {}, "epsEstimate": {}, "epsDifference": {}, "surprisePercent": {}, "quarter": {}, "period": "-3q"}, {"maxAge": 1, "epsActual": {}, "epsEstimate": {}, "epsDifference": {}, "surprisePercent": {}, "quarter": {}, "period": "-2q"}, {"maxAge": 1, "epsActual": {}, "epsEstimate": {}, "epsDifference": {}, "surprisePercent": {}, "quarter": {}, "period": "-1q"}], "maxAge": 86400}, "indexTrend": {"maxAge": 1, "symbol": "SP5", "peRatio": 19.7411, "pegRatio": 1.34172, "estimates": [{"period": "0q", "growth": 0.549}, {"period": "+1q", "growth": 0.431}, {"period": "0y", "growth": 0.305}, {"period": "+1y", "growth": 0.109}, {"period": "+5y", "growth": 0.120865}, {"period": "-5y"}]}, "industryTrend": {"maxAge": 1, "symbol": null, "estimates": []}, "insiderTransactions": {"transactions": [{"maxAge": 1, "shares": 4349898, "value": 4954533, "filerUrl": "", "transactionText": "Other at price 1.14 per share.", "filerName": "Nithya (Arulsundaram)", "filerRelation": "Promoter", "moneyText": "", "startDate": "2020-07-14", "ownership": "D"}, {"maxAge": 1, "shares": 8848, "filerUrl": "", "transactionText": "", "filerName": "Yagavi (N A)", "filerRelation": "Promoter", "moneyText": "", "startDate": "2020-03-31", "ownership": "D"}, {"maxAge": 1, "shares": 7500, "filerUrl": "", "transactionText": "", "filerName": "Tharunya (N A)", "filerRelation": "Promoter", "moneyText": "", "startDate": "2020-03-31", "ownership": "D"}, {"maxAge": 1, "shares": 25000, "value": 10027, "filerUrl": "", "transactionText": "Acquisition at price 0.40 per share.", "filerName": "Yagavi (N A)", "filerRelation": "Promoter", "moneyText": "", "startDate": "2020-03-19", "ownership": "D"}, {"maxAge": 1, "shares": 20000, "value": 8558, "filerUrl": "", "transactionText": "Acquisition at price 0.43 per share.", "filerName": "Tharunya (N A)", "filerRelation": "Promoter", "moneyText": "", "startDate": "2020-03-19", "ownership": "D"}, {"maxAge": 1, "shares": 100000, "value": 43040, "filerUrl": "", "transactionText": "Acquisition at price 0.43 per share.", "filerName": "Nithya (Arulsundaram)", "filerRelation": "Wholetime Director", "moneyText": "", "startDate": "2020-03-19", "ownership": "D"}, {"maxAge": 1, "shares": 255000, "filerUrl": "", "transactionText": "", "filerName": "Arulsundaram (P)", "filerRelation": "Executive Chairman", "moneyText": "", "startDate": "2019-02-26", "ownership": "D"}, {"maxAge": 1, "shares": 2503341, "filerUrl": "", "transactionText": "", "filerName": "Nithya (Arulsundaram)", "filerRelation": "Wholetime Director", "moneyText": "", "startDate": "2019-02-26", "ownership": "D"}, {"maxAge": 1, "shares": 2250000, "filerUrl": "", "transactionText": "", "filerName": "Arulsundaram (P)", "filerRelation": "Executive Chairman", "moneyText": "", "startDate": "2017-06-02", "ownership": "D"}, {"maxAge": 1, "shares": 0, "filerUrl": "", "transactionText": "", "filerName": "Nithya (Arulsundaram)", "filerRelation": "Wholetime Director", "moneyText": "", "startDate": "2017-06-01", "ownership": "I"}, {"maxAge": 1, "shares": 1250000, "filerUrl": "", "transactionText": "", "filerName": "Arulsundaram (P)", "filerRelation": "Executive Chairman", "moneyText": "", "startDate": "2017-04-06", "ownership": "D"}, {"maxAge": 1, "shares": 934445, "filerUrl": "", "transactionText": "", "filerName": "Nithya (Arulsundaram)", "filerRelation": "Wholetime Director", "moneyText": "", "startDate": "2017-03-14", "ownership": "D"}, {"maxAge": 1, "shares": 10000, "filerUrl": "", "transactionText": "", "filerName": "Nithya (Arulsundaram)", "filerRelation": "Director", "moneyText": "", "startDate": "2011-01-21", "ownership": "D"}, {"maxAge": 1, "shares": 34000, "filerUrl": "", "transactionText": "", "filerName": "Nithya (Arulsundaram)", "filerRelation": "Director", "moneyText": "", "startDate": "2011-01-20", "ownership": "D"}, {"maxAge": 1, "shares": 15973, "filerUrl": "", "transactionText": "", "filerName": "Nithya (Arulsundaram)", "filerRelation": "Director", "moneyText": "", "startDate": "2011-01-18", "ownership": "D"}, {"maxAge": 1, "shares": 12947, "filerUrl": "", "transactionText": "", "filerName": "Nithya (Arulsundaram)", "filerRelation": "Director", "moneyText": "", "startDate": "2011-01-17", "ownership": "D"}, {"maxAge": 1, "shares": 15000, "filerUrl": "", "transactionText": "", "filerName": "Nithya (Arulsundaram)", "filerRelation": "Director", "moneyText": "", "startDate": "2011-01-14", "ownership": "D"}, {"maxAge": 1, "shares": 8000, "filerUrl": "", "transactionText": "", "filerName": "Nithya (Arulsundaram)", "filerRelation": "Director", "moneyText": "", "startDate": "2011-01-13", "ownership": "D"}, {"maxAge": 1, "shares": 11626, "filerUrl": "", "transactionText": "", "filerName": "Nithya (Arulsundaram)", "filerRelation": "Director", "moneyText": "", "startDate": "2011-01-13", "ownership": "D"}, {"maxAge": 1, "shares": 27242, "filerUrl": "", "transactionText": "", "filerName": "Nithya (Arulsundaram)", "filerRelation": "Director", "moneyText": "", "startDate": "2011-01-12", "ownership": "D"}, {"maxAge": 1, "shares": 8890, "filerUrl": "", "transactionText": "", "filerName": "Nithya (Arulsundaram)", "filerRelation": "Director", "moneyText": "", "startDate": "2011-01-12", "ownership": "D"}, {"maxAge": 1, "shares": 10000, "filerUrl": "", "transactionText": "", "filerName": "Nithya (Arulsundaram)", "filerRelation": "Director", "moneyText": "", "startDate": "2011-01-11", "ownership": "D"}, {"maxAge": 1, "shares": 20000, "filerUrl": "", "transactionText": "", "filerName": "Nithya (Arulsundaram)", "filerRelation": "Director", "moneyText": "", "startDate": "2011-01-10", "ownership": "D"}, {"maxAge": 1, "shares": 30000, "filerUrl": "", "transactionText": "", "filerName": "Nithya (Arulsundaram)", "filerRelation": "Director", "moneyText": "", "startDate": "2010-12-24", "ownership": "D"}], "maxAge": 1}, "quoteType": {"exchange": "BSE", "quoteType": "EQUITY", "symbol": "RPPINFRA.BO", "underlyingSymbol": "RPPINFRA.BO", "shortName": "RPP INFRA PROJECTS LTD.", "longName": "RPP Infra Projects Limited", "firstTradeDateEpochUtc": "2010-12-06 09:15:00", "timeZoneFullName": "Asia/Kolkata", "timeZoneShortName": "IST", "uuid": "935168fd-1210-3e34-a928-7d62a329455a", "gmtOffSetMilliseconds": 19800000, "maxAge": 1}, "incomeStatementHistory": {"incomeStatementHistory": [{"maxAge": 1, "endDate": "2020-03-31", "totalRevenue": 6007200000, "costOfRevenue": 5187800000, "grossProfit": 819400000, "researchDevelopment": {}, "sellingGeneralAdministrative": 145800000, "nonRecurring": {}, "otherOperatingExpenses": 43800000, "totalOperatingExpenses": 5449000000, "operatingIncome": 558200000, "totalOtherIncomeExpenseNet": -221600000, "ebit": 558200000, "interestExpense": -178800000, "incomeBeforeTax": 336600000, "incomeTaxExpense": 155000000, "minorityInterest": {}, "netIncomeFromContinuingOps": 181600000, "discontinuedOperations": {}, "extraordinaryItems": {}, "effectOfAccountingCharges": {}, "otherItems": {}, "netIncome": 181600000, "netIncomeApplicableToCommonShares": 181600000}, {"maxAge": 1, "endDate": "2019-03-31", "totalRevenue": 5813000000, "costOfRevenue": 4813400000, "grossProfit": 999600000, "researchDevelopment": {}, "sellingGeneralAdministrative": 95000000, "nonRecurring": {}, "otherOperatingExpenses": 231300000, "totalOperatingExpenses": 5203500000, "operatingIncome": 609500000, "totalOtherIncomeExpenseNet": -208400000, "ebit": 609500000, "interestExpense": -190000000, "incomeBeforeTax": 401100000, "incomeTaxExpense": 167000000, "minorityInterest": {}, "netIncomeFromContinuingOps": 234100000, "discontinuedOperations": {}, "extraordinaryItems": {}, "effectOfAccountingCharges": {}, "otherItems": {}, "netIncome": 234100000, "netIncomeApplicableToCommonShares": 234100000}, {"maxAge": 1, "endDate": "2018-03-31", "totalRevenue": 4991200000, "costOfRevenue": 4087700000, "grossProfit": 903500000, "researchDevelopment": {}, "sellingGeneralAdministrative": 93600000, "nonRecurring": {}, "otherOperatingExpenses": 152200000, "totalOperatingExpenses": 4401400000, "operatingIncome": 589800000, "totalOtherIncomeExpenseNet": -138000000, "ebit": 589800000, "interestExpense": -144000000, "incomeBeforeTax": 451800000, "incomeTaxExpense": 335600000, "minorityInterest": {}, "netIncomeFromContinuingOps": 116200000, "discontinuedOperations": {}, "extraordinaryItems": {}, "effectOfAccountingCharges": {}, "otherItems": {}, "netIncome": 116200000, "netIncomeApplicableToCommonShares": 116200000}, {"maxAge": 1, "endDate": "2017-03-31", "totalRevenue": 3672700000, "costOfRevenue": 2991100000, "grossProfit": 681600000, "researchDevelopment": {}, "sellingGeneralAdministrative": 66500000, "nonRecurring": {}, "otherOperatingExpenses": 117100000, "totalOperatingExpenses": 3225200000, "operatingIncome": 447500000, "totalOtherIncomeExpenseNet": -142700000, "ebit": 447500000, "interestExpense": -148300000, "incomeBeforeTax": 304800000, "incomeTaxExpense": 76900000, "minorityInterest": {}, "netIncomeFromContinuingOps": 227900000, "discontinuedOperations": {}, "extraordinaryItems": {}, "effectOfAccountingCharges": {}, "otherItems": {}, "netIncome": 227900000, "netIncomeApplicableToCommonShares": 227900000}], "maxAge": 86400}, "fundOwnership": {"ownershipList": [], "maxAge": 1}, "summaryDetail": {"maxAge": 1, "priceHint": 2, "previousClose": 62.85, "open": 60.9, "dayLow": 58.3, "dayHigh": 62.4, "regularMarketPreviousClose": 62.85, "regularMarketOpen": 60.9, "regularMarketDayLow": 58.3, "regularMarketDayHigh": 62.4, "trailingPE": 7.5485797, "forwardPE": 3.752322, "volume": 26457, "regularMarketVolume": 26457, "averageVolume": 12415, "averageVolume10days": 4436, "averageDailyVolume10Day": 4436, "bid": 60.6, "ask": 61.5, "bidSize": 0, "askSize": 0, "marketCap": 1369596288, "fiftyTwoWeekLow": 27.25, "fiftyTwoWeekHigh": 74.35, "fiftyDayAverage": 60.25303, "twoHundredDayAverage": 54.139706, "trailingAnnualDividendRate": 0.5, "trailingAnnualDividendYield": 0.00795545, "currency": "INR", "fromCurrency": null, "lastMarket": null, "algorithm": null, "tradeable": false}, "sectorTrend": {"maxAge": 1, "symbol": null, "estimates": []}, "incomeStatementHistoryQuarterly": {"incomeStatementHistory": [{"maxAge": 1, "endDate": "2020-06-30", "totalRevenue": 858900000, "costOfRevenue": 732000000, "grossProfit": 126900000, "researchDevelopment": {}, "sellingGeneralAdministrative": 20100000, "nonRecurring": {}, "otherOperatingExpenses": 35500000, "totalOperatingExpenses": 802100000, "operatingIncome": 56800000, "totalOtherIncomeExpenseNet": -30000000, "ebit": 56800000, "interestExpense": -35700000, "incomeBeforeTax": 26800000, "incomeTaxExpense": 12300000, "minorityInterest": {}, "netIncomeFromContinuingOps": 14500000, "discontinuedOperations": {}, "extraordinaryItems": {}, "effectOfAccountingCharges": {}, "otherItems": {}, "netIncome": 14500000, "netIncomeApplicableToCommonShares": 14500000}, {"maxAge": 1, "endDate": "2020-03-31", "totalRevenue": 1778400000, "costOfRevenue": 1642500000, "grossProfit": 135900000, "researchDevelopment": {}, "sellingGeneralAdministrative": 56500000, "nonRecurring": {}, "otherOperatingExpenses": -203000000, "totalOperatingExpenses": 1516300000, "operatingIncome": 262100000, "totalOtherIncomeExpenseNet": -204400000, "ebit": 262100000, "interestExpense": -18100000, "incomeBeforeTax": 57700000, "incomeTaxExpense": 14000000, "minorityInterest": {}, "netIncomeFromContinuingOps": 43700000, "discontinuedOperations": {}, "extraordinaryItems": {}, "effectOfAccountingCharges": {}, "otherItems": {}, "netIncome": 47800000, "netIncomeApplicableToCommonShares": 47800000}, {"maxAge": 1, "endDate": "2019-12-31", "totalRevenue": 1578200000, "costOfRevenue": 1393900000, "grossProfit": 184300000, "researchDevelopment": {}, "sellingGeneralAdministrative": 28400000, "nonRecurring": {}, "otherOperatingExpenses": 87700000, "totalOperatingExpenses": 1529300000, "operatingIncome": 48900000, "totalOtherIncomeExpenseNet": 41600000, "ebit": 48900000, "interestExpense": -37800000, "incomeBeforeTax": 90500000, "incomeTaxExpense": 23900000, "minorityInterest": {}, "netIncomeFromContinuingOps": 66600000, "discontinuedOperations": {}, "extraordinaryItems": {}, "effectOfAccountingCharges": {}, "otherItems": {}, "netIncome": 62500000, "netIncomeApplicableToCommonShares": 62500000}, {"maxAge": 1, "endDate": "2019-09-30", "totalRevenue": 1402500000, "costOfRevenue": 1138500000, "grossProfit": 264000000, "researchDevelopment": {}, "sellingGeneralAdministrative": 31900000, "nonRecurring": {}, "otherOperatingExpenses": 80100000, "totalOperatingExpenses": 1267400000, "operatingIncome": 135100000, "totalOtherIncomeExpenseNet": -41800000, "ebit": 135100000, "interestExpense": -70400000, "incomeBeforeTax": 93300000, "incomeTaxExpense": 36700000, "minorityInterest": {}, "netIncomeFromContinuingOps": 56600000, "discontinuedOperations": {}, "extraordinaryItems": {}, "effectOfAccountingCharges": {}, "otherItems": {}, "netIncome": 56600000, "netIncomeApplicableToCommonShares": 56600000}], "maxAge": 86400}, "cashflowStatementHistoryQuarterly": {"cashflowStatements": [{"maxAge": 1, "endDate": "2020-06-30", "netIncome": 14500000, "changeToLiabilities": 0}, {"maxAge": 1, "endDate": "2020-03-31", "netIncome": 47800000, "changeToLiabilities": 0}, {"maxAge": 1, "endDate": "2019-12-31", "netIncome": 62500000, "changeToLiabilities": 0}, {"maxAge": 1, "endDate": "2019-09-30", "netIncome": 56600000, "changeToLiabilities": 0}], "maxAge": 86400}, "insiderHolders": {"holders": [{"maxAge": 1, "name": "Arulsundaram (P)", "relation": "Executive Chairman", "url": "", "transactionDescription": "Acquisition", "latestTransDate": "2019-02-26", "positionDirect": 6543443, "positionDirectDate": "2019-02-26"}, {"maxAge": 1, "name": "Nithya (Arulsundaram)", "relation": "Promoter", "url": "", "transactionDescription": "Other", "latestTransDate": "2020-07-14", "positionDirect": 1075000, "positionDirectDate": "2020-07-14"}, {"maxAge": 1, "name": "Tharunya (N A)", "relation": "Promoter", "url": "", "transactionDescription": "Acquisition", "latestTransDate": "2020-03-31", "positionDirect": 27500, "positionDirectDate": "2020-03-31"}, {"maxAge": 1, "name": "Yagavi (N A)", "relation": "Promoter", "url": "", "transactionDescription": "Acquisition", "latestTransDate": "2020-03-31", "positionDirect": 33848, "positionDirectDate": "2020-03-31"}], "maxAge": 1}, "earnings": {"maxAge": 86400, "earningsChart": {"quarterly": [], "earningsDate": []}, "financialsChart": {"yearly": [{"date": 2017, "revenue": 3672700000, "earnings": 227900000}, {"date": 2018, "revenue": 4991200000, "earnings": 116200000}, {"date": 2019, "revenue": 5813000000, "earnings": 234100000}, {"date": 2020, "revenue": 6007200000, "earnings": 181600000}], "quarterly": [{"date": "3Q2019", "revenue": 1402500000, "earnings": 56600000}, {"date": "4Q2019", "revenue": 1578200000, "earnings": 62500000}, {"date": "1Q2020", "revenue": 1778400000, "earnings": 47800000}, {"date": "2Q2020", "revenue": 858900000, "earnings": 14500000}]}, "financialCurrency": "INR"}, "calendarEvents": {"maxAge": 1, "earnings": {"earningsDate": []}}, "upgradeDowngradeHistory": {"history": [], "maxAge": 86400}, "price": {"maxAge": 1, "regularMarketChangePercent": -0.035799522, "regularMarketChange": -2.25, "regularMarketTime": "2021-04-30 15:29:58", "priceHint": 2, "regularMarketPrice": 60.6, "regularMarketDayHigh": 62.4, "regularMarketDayLow": 58.3, "regularMarketVolume": 26457, "averageDailyVolume10Day": 4436, "averageDailyVolume3Month": 12415, "regularMarketPreviousClose": 62.85, "regularMarketSource": "FREE_REALTIME", "regularMarketOpen": 60.9, "exchange": "BSE", "exchangeName": "BSE", "exchangeDataDelayedBy": 0, "marketState": "CLOSED", "quoteType": "EQUITY", "symbol": "RPPINFRA.BO", "underlyingSymbol": null, "shortName": "RPP INFRA PROJECTS LTD.", "longName": "RPP Infra Projects Limited", "currency": "INR", "quoteSourceName": "Delayed Quote", "currencySymbol": "\u20b9", "fromCurrency": null, "lastMarket": null, "marketCap": 1369596288}, "balanceSheetHistory": {"balanceSheetStatements": [{"maxAge": 1, "endDate": "2020-03-31", "cash": 519700000, "netReceivables": 4252700000, "inventory": 241800000, "otherCurrentAssets": 290200000, "totalCurrentAssets": 5305700000, "longTermInvestments": 900000, "propertyPlantEquipment": 515900000, "goodWill": 2700000, "intangibleAssets": 2600000, "otherAssets": 57900000, "totalAssets": 5885700000, "accountsPayable": 1153500000, "shortLongTermDebt": 126100000, "otherCurrentLiab": 1014400000, "longTermDebt": 344500000, "otherLiab": 10800000, "totalCurrentLiabilities": 2913200000, "totalLiab": 3268500000, "commonStock": 226000000, "retainedEarnings": 1808800000, "treasuryStock": 23800000, "capitalSurplus": 558600000, "otherStockholderEquity": 23800000, "totalStockholderEquity": 2617200000, "netTangibleAssets": 2611900000}, {"maxAge": 1, "endDate": "2019-03-31", "cash": 486500000, "shortTermInvestments": 2400000, "netReceivables": 4493400000, "inventory": 202400000, "otherCurrentAssets": 240900000, "totalCurrentAssets": 5435200000, "longTermInvestments": 1100000, "propertyPlantEquipment": 556600000, "goodWill": 2700000, "intangibleAssets": 26100000, "otherAssets": 29100000, "totalAssets": 6050800000, "accountsPayable": 1310700000, "shortLongTermDebt": 123100000, "otherCurrentLiab": 903700000, "longTermDebt": 587000000, "otherLiab": 10200000, "totalCurrentLiabilities": 3041300000, "totalLiab": 3638500000, "commonStock": 226000000, "retainedEarnings": 1590700000, "treasuryStock": 37000000, "capitalSurplus": 558600000, "otherStockholderEquity": 37000000, "totalStockholderEquity": 2412300000, "netTangibleAssets": 2383500000}, {"maxAge": 1, "endDate": "2018-03-31", "cash": 922900000, "shortTermInvestments": 2200000, "netReceivables": 3443700000, "inventory": 176900000, "otherCurrentAssets": 363500000, "totalCurrentAssets": 4911500000, "longTermInvestments": 1400000, "propertyPlantEquipment": 304300000, "goodWill": 2700000, "intangibleAssets": 1300000, "otherAssets": 47400000, "deferredLongTermAssetCharges": 21800000, "totalAssets": 5268600000, "accountsPayable": 835200000, "shortLongTermDebt": 699600000, "otherCurrentLiab": 675200000, "longTermDebt": 118100000, "otherLiab": 15200000, "totalCurrentLiabilities": 2936800000, "totalLiab": 3070100000, "commonStock": 226000000, "retainedEarnings": 1373100000, "treasuryStock": 40800000, "capitalSurplus": 558600000, "otherStockholderEquity": 40800000, "totalStockholderEquity": 2198500000, "netTangibleAssets": 2194500000}, {"maxAge": 1, "endDate": "2017-03-31", "cash": 405300000, "shortTermInvestments": 2100000, "netReceivables": 3724600000, "inventory": 40300000, "otherCurrentAssets": 292800000, "totalCurrentAssets": 4485200000, "longTermInvestments": 4600000, "propertyPlantEquipment": 324500000, "goodWill": 2700000, "intangibleAssets": 100000, "otherAssets": 26100000, "deferredLongTermAssetCharges": 12400000, "totalAssets": 4843200000, "accountsPayable": 1311200000, "shortLongTermDebt": 231000000, "otherCurrentLiab": 364600000, "longTermDebt": 168400000, "otherLiab": 26500000, "totalCurrentLiabilities": 2558600000, "totalLiab": 2753500000, "commonStock": 226000000, "retainedEarnings": 1270100000, "treasuryStock": 35000000, "capitalSurplus": 558600000, "otherStockholderEquity": 35000000, "totalStockholderEquity": 2089700000, "netTangibleAssets": 2086900000}], "maxAge": 86400}, "earningsTrend": {"trend": [{"maxAge": 1, "period": "0q", "endDate": null, "growth": {}, "earningsEstimate": {"avg": 0.0, "low": 0.0, "high": 0.0, "yearAgoEps": {}, "numberOfAnalysts": 0, "growth": {}}, "revenueEstimate": {"avg": 0, "low": 0, "high": 0, "numberOfAnalysts": 0, "yearAgoRevenue": {}, "growth": {}}, "epsTrend": {"current": 0.0, "7daysAgo": 0.0, "30daysAgo": 0.0, "60daysAgo": 0.0, "90daysAgo": 0.0}, "epsRevisions": {"upLast7days": 0, "upLast30days": 0, "downLast30days": 0, "downLast90days": {}}}, {"maxAge": 1, "period": "+1q", "endDate": null, "growth": {}, "earningsEstimate": {"avg": 0.0, "low": 0.0, "high": 0.0, "yearAgoEps": {}, "numberOfAnalysts": 0, "growth": {}}, "revenueEstimate": {"avg": 0, "low": 0, "high": 0, "numberOfAnalysts": 0, "yearAgoRevenue": {}, "growth": {}}, "epsTrend": {"current": 0.0, "7daysAgo": 0.0, "30daysAgo": 0.0, "60daysAgo": 0.0, "90daysAgo": 0.0}, "epsRevisions": {"upLast7days": 0, "upLast30days": 0, "downLast30days": 0, "downLast90days": {}}}, {"maxAge": 1, "period": "0y", "endDate": null, "growth": {}, "earningsEstimate": {"avg": 0.0, "low": 0.0, "high": 0.0, "yearAgoEps": {}, "numberOfAnalysts": 0, "growth": {}}, "revenueEstimate": {"avg": 0, "low": 0, "high": 0, "numberOfAnalysts": 0, "yearAgoRevenue": {}, "growth": {}}, "epsTrend": {"current": 0.0, "7daysAgo": 0.0, "30daysAgo": 0.0, "60daysAgo": 0.0, "90daysAgo": 0.0}, "epsRevisions": {"upLast7days": 0, "upLast30days": 0, "downLast30days": 0, "downLast90days": {}}}, {"maxAge": 1, "period": "+1y", "endDate": null, "growth": {}, "earningsEstimate": {"avg": 0.0, "low": 0.0, "high": 0.0, "yearAgoEps": {}, "numberOfAnalysts": 0, "growth": {}}, "revenueEstimate": {"avg": 0, "low": 0, "high": 0, "numberOfAnalysts": 0, "yearAgoRevenue": {}, "growth": {}}, "epsTrend": {"current": 0.0, "7daysAgo": 0.0, "30daysAgo": 0.0, "60daysAgo": 0.0, "90daysAgo": 0.0}, "epsRevisions": {"upLast7days": 0, "upLast30days": 0, "downLast30days": 0, "downLast90days": {}}}, {"maxAge": 1, "period": "+5y", "endDate": null, "growth": {}, "earningsEstimate": {"avg": {}, "low": {}, "high": {}, "yearAgoEps": {}, "numberOfAnalysts": {}, "growth": {}}, "revenueEstimate": {"avg": {}, "low": {}, "high": {}, "numberOfAnalysts": {}, "yearAgoRevenue": {}, "growth": {}}, "epsTrend": {"current": {}, "7daysAgo": {}, "30daysAgo": {}, "60daysAgo": {}, "90daysAgo": {}}, "epsRevisions": {"upLast7days": {}, "upLast30days": {}, "downLast30days": {}, "downLast90days": {}}}, {"maxAge": 1, "period": "-5y", "endDate": null, "growth": {}, "earningsEstimate": {"avg": {}, "low": {}, "high": {}, "yearAgoEps": {}, "numberOfAnalysts": {}, "growth": {}}, "revenueEstimate": {"avg": {}, "low": {}, "high": {}, "numberOfAnalysts": {}, "yearAgoRevenue": {}, "growth": {}}, "epsTrend": {"current": {}, "7daysAgo": {}, "30daysAgo": {}, "60daysAgo": {}, "90daysAgo": {}}, "epsRevisions": {"upLast7days": {}, "upLast30days": {}, "downLast30days": {}, "downLast90days": {}}}], "maxAge": 1}, "financialData": {"maxAge": 86400, "currentPrice": 60.6, "targetHighPrice": 353.0, "targetLowPrice": 353.0, "targetMeanPrice": 353.0, "targetMedianPrice": 353.0, "recommendationKey": "none", "numberOfAnalystOpinions": 1, "grossProfits": 819400000, "financialCurrency": "INR"}}}