{"RPPINFRA.NS": {"assetProfile": {"address1": "MKM Chambers", "address2": "No. 42, Third Floor Kodambakkam High Road Nungambakkam", "city": "Chennai", "zip": "600034", "country": "India", "phone": "91 42 4228 4077", "fax": "91 42 4228 4077", "website": "http://www.rppipl.com", "industry": "Engineering & Construction", "sector": "Industrials", "longBusinessSummary": "R.P.P. Infra Projects Limited, together with its subsidiaries, engages in the construction and infrastructure development activities in India, Sri Lanka, Mauritius, and Gabon. The company undertakes civil construction, building projects, and irrigation and water supply projects; and infrastructure construction works, including roads, buildings, industrial structures, and power and irrigation projects, as well as hotels, hospitals, educational institutions. It also provides infrastructure projects related consultancy services; and procures, sells, and supplies electricity from various sources, including coal and thermal energy, bio-mass, bio-gas, etc. In addition, the company acts as a distributor, agent, trader, merchant, contractor, broker, and dealer in various merchandise and articles, including clearing agents, freight contractors, forwarding agents, licensing agents, and general brokers, as well as carries commercial business. R.P.P. Infra Projects Limited was founded in 1988 and is based in Chennai, India.", "fullTimeEmployees": 249, "companyOfficers": [{"maxAge": 1, "name": "Mr. Poosappan  Arul sundaram", "age": 54, "title": "Chairman & MD", "yearBorn": 1966, "fiscalYear": 2020, "totalPay": 6486000, "exercisedValue": 0, "unexercisedValue": 0}, {"maxAge": 1, "name": "Ms. Arulsundaram  Nithya", "age": 47, "title": "CFO & Whole Time Director", "yearBorn": 1973, "fiscalYear": 2020, "totalPay": 3214000, "exercisedValue": 0, "unexercisedValue": 0}, {"maxAge": 1, "name": "Mr. P.  Murugesan", "title": "Chief Operating Officer", "exercisedValue": 0, "unexercisedValue": 0}, {"maxAge": 1, "name": "Mr. S.  Varadharajen", "age": 62, "title": "Head of Admin.", "yearBorn": 1958, "exercisedValue": 0, "unexercisedValue": 0}, {"maxAge": 1, "name": "Mr. Pradeep Kumar Nath", "title": "Company Sec., Compliance Officer & Legal Affairs", "exercisedValue": 0, "unexercisedValue": 0}], "compensationAsOfEpochDate": "2020-12-31 05:30:00", "maxAge": 86400}, "recommendationTrend": {"trend": [{"period": "0m", "strongBuy": 0, "buy": 0, "hold": 0, "sell": 0, "strongSell": 0}, {"period": "-1m", "strongBuy": 0, "buy": 0, "hold": 0, "sell": 0, "strongSell": 0}, {"period": "-2m", "strongBuy": 0, "buy": 0, "hold": 0, "sell": 0, "strongSell": 0}, {"period": "-3m", "strongBuy": 0, "buy": 0, "hold": 0, "sell": 0, "strongSell": 0}], "maxAge": 86400}, "cashflowStatementHistory": {"cashflowStatements": [{"maxAge": 1, "endDate": "2020-03-31", "netIncome": 181600000, "depreciation": 71600000, "changeToNetincome": 215200000, "changeToAccountReceivables": 79100000, "changeToLiabilities": -157100000, "changeToInventory": -39400000, "changeToOperatingActivities": 225600000, "totalCashFromOperatingActivities": 576600000, "capitalExpenditures": -8800000, "investments": -100000, "otherCashflowsFromInvestingActivities": 16000000, "totalCashflowsFromInvestingActivities": 7100000, "netBorrowings": -324300000, "otherCashflowsFromFinancingActivities": -226800000, "totalCashFromFinancingActivities": -551100000, "changeInCash": 33200000}, {"maxAge": 1, "endDate": "2019-03-31", "netIncome": 234100000, "depreciation": 63100000, "changeToNetincome": 218100000, "changeToAccountReceivables": -519400000, "changeToLiabilities": 475400000, "changeToInventory": -25500000, "changeToOperatingActivities": -736800000, "totalCashFromOperatingActivities": -290300000, "capitalExpenditures": -341300000, "investments": 300000, "otherCashflowsFromInvestingActivities": 31100000, "totalCashflowsFromInvestingActivities": -309900000, "dividendsPaid": -13600000, "netBorrowings": 422300000, "otherCashflowsFromFinancingActivities": -245000000, "totalCashFromFinancingActivities": 163700000, "changeInCash": -436400000}, {"maxAge": 1, "endDate": "2018-03-31", "netIncome": 116200000, "depreciation": 67800000, "changeToNetincome": 134600000, "changeToAccountReceivables": 1176900000, "changeToLiabilities": -476000000, "changeToInventory": -136600000, "changeToOperatingActivities": -178200000, "totalCashFromOperatingActivities": 704800000, "capitalExpenditures": -48800000, "investments": 2500000, "otherCashflowsFromInvestingActivities": 15900000, "totalCashflowsFromInvestingActivities": -30400000, "dividendsPaid": -13600000, "netBorrowings": 800000, "otherCashflowsFromFinancingActivities": -144000000, "totalCashFromFinancingActivities": -156800000, "changeInCash": 517600000}, {"maxAge": 1, "endDate": "2017-03-31", "netIncome": 227900000, "depreciation": 50500000, "changeToNetincome": 119400000, "changeToAccountReceivables": -702400000, "changeToLiabilities": 513900000, "changeToInventory": -9800000, "changeToOperatingActivities": 141600000, "totalCashFromOperatingActivities": 341100000, "capitalExpenditures": -87400000, "investments": 2500000, "otherCashflowsFromInvestingActivities": 20400000, "totalCashflowsFromInvestingActivities": -67000000, "dividendsPaid": -11300000, "netBorrowings": 41800000, "otherCashflowsFromFinancingActivities": -150500000, "totalCashFromFinancingActivities": -120000000, "changeInCash": 153900000}], "maxAge": 86400}, "indexTrend": {"maxAge": 1, "symbol": "SP5", "peRatio": 19.7411, "pegRatio": 1.34172, "estimates": [{"period": "0q", "growth": 0.549}, {"period": "+1q", "growth": 0.431}, {"period": "0y", "growth": 0.305}, {"period": "+1y", "growth": 0.109}, {"period": "+5y", "growth": 0.120865}, {"period": "-5y"}]}, "defaultKeyStatistics": {"maxAge": 1, "priceHint": 2, "enterpriseValue": 1900566528, "profitMargins": 0.02543, "floatShares": 6866283, "sharesOutstanding": 23650600, "heldPercentInsiders": 0.59882, "heldPercentInstitutions": 0.03537, "beta": 1.767016, "category": null, "bookValue": 128.407, "priceToBook": 0.47310504, "fundFamily": null, "legalType": null, "lastFiscalYearEnd": "2020-03-31 05:30:00", "nextFiscalYearEnd": "2022-03-31 05:30:00", "mostRecentQuarter": "2020-12-31 05:30:00", "earningsQuarterlyGrowth": -0.258, "netIncomeToCommon": 125400000, "trailingEps": 5.549, "lastSplitFactor": null, "enterpriseToRevenue": 0.385, "enterpriseToEbitda": 4.177}, "industryTrend": {"maxAge": 1, "symbol": null, "estimates": []}, "quoteType": {"exchange": "NSI", "quoteType": "EQUITY", "symbol": "RPPINFRA.NS", "underlyingSymbol": "RPPINFRA.NS", "shortName": "R.P.P.INFRA PROJEC", "longName": "R.P.P. Infra Projects Limited", "firstTradeDateEpochUtc": "2010-12-06 09:15:00", "timeZoneFullName": "Asia/Kolkata", "timeZoneShortName": "IST", "uuid": "2410b2b0-13a6-30da-a3b6-0d5287f6038d", "gmtOffSetMilliseconds": 19800000, "maxAge": 1}, "incomeStatementHistory": {"incomeStatementHistory": [{"maxAge": 1, "endDate": "2020-03-31", "totalRevenue": 6007200000, "costOfRevenue": 5187800000, "grossProfit": 819400000, "researchDevelopment": {}, "sellingGeneralAdministrative": 145800000, "nonRecurring": {}, "otherOperatingExpenses": 43800000, "totalOperatingExpenses": 5449000000, "operatingIncome": 558200000, "totalOtherIncomeExpenseNet": -221600000, "ebit": 558200000, "interestExpense": -178800000, "incomeBeforeTax": 336600000, "incomeTaxExpense": 155000000, "minorityInterest": {}, "netIncomeFromContinuingOps": 181600000, "discontinuedOperations": {}, "extraordinaryItems": {}, "effectOfAccountingCharges": {}, "otherItems": {}, "netIncome": 181600000, "netIncomeApplicableToCommonShares": 181600000}, {"maxAge": 1, "endDate": "2019-03-31", "totalRevenue": 5813000000, "costOfRevenue": 4813400000, "grossProfit": 999600000, "researchDevelopment": {}, "sellingGeneralAdministrative": 95000000, "nonRecurring": {}, "otherOperatingExpenses": 231300000, "totalOperatingExpenses": 5203500000, "operatingIncome": 609500000, "totalOtherIncomeExpenseNet": -208400000, "ebit": 609500000, "interestExpense": -190000000, "incomeBeforeTax": 401100000, "incomeTaxExpense": 167000000, "minorityInterest": {}, "netIncomeFromContinuingOps": 234100000, "discontinuedOperations": {}, "extraordinaryItems": {}, "effectOfAccountingCharges": {}, "otherItems": {}, "netIncome": 234100000, "netIncomeApplicableToCommonShares": 234100000}, {"maxAge": 1, "endDate": "2018-03-31", "totalRevenue": 4991200000, "costOfRevenue": 4087700000, "grossProfit": 903500000, "researchDevelopment": {}, "sellingGeneralAdministrative": 93600000, "nonRecurring": {}, "otherOperatingExpenses": 152200000, "totalOperatingExpenses": 4401400000, "operatingIncome": 589800000, "totalOtherIncomeExpenseNet": -138000000, "ebit": 589800000, "interestExpense": -144000000, "incomeBeforeTax": 451800000, "incomeTaxExpense": 335600000, "minorityInterest": {}, "netIncomeFromContinuingOps": 116200000, "discontinuedOperations": {}, "extraordinaryItems": {}, "effectOfAccountingCharges": {}, "otherItems": {}, "netIncome": 116200000, "netIncomeApplicableToCommonShares": 116200000}, {"maxAge": 1, "endDate": "2017-03-31", "totalRevenue": 3672700000, "costOfRevenue": 2991100000, "grossProfit": 681600000, "researchDevelopment": {}, "sellingGeneralAdministrative": 66500000, "nonRecurring": {}, "otherOperatingExpenses": 117100000, "totalOperatingExpenses": 3225200000, "operatingIncome": 447500000, "totalOtherIncomeExpenseNet": -142700000, "ebit": 447500000, "interestExpense": -148300000, "incomeBeforeTax": 304800000, "incomeTaxExpense": 76900000, "minorityInterest": {}, "netIncomeFromContinuingOps": 227900000, "discontinuedOperations": {}, "extraordinaryItems": {}, "effectOfAccountingCharges": {}, "otherItems": {}, "netIncome": 227900000, "netIncomeApplicableToCommonShares": 227900000}], "maxAge": 86400}, "fundOwnership": {"ownershipList": [], "maxAge": 1}, "summaryDetail": {"maxAge": 1, "priceHint": 2, "previousClose": 62.55, "open": 61.45, "dayLow": 58.5, "dayHigh": 62.55, "regularMarketPreviousClose": 62.55, "regularMarketOpen": 61.45, "regularMarketDayLow": 58.5, "regularMarketDayHigh": 62.55, "exDividendDate": "2018-08-30 05:30:00", "payoutRatio": 0.0, "beta": 1.767016, "trailingPE": 10.947919, "volume": 80668, "regularMarketVolume": 80668, "averageVolume": 160501, "averageVolume10days": 56968, "averageDailyVolume10Day": 56968, "bid": 0.0, "ask": 0.0, "bidSize": 0, "askSize": 0, "marketCap": 1443662976, "fiftyTwoWeekLow": 30.25, "fiftyTwoWeekHigh": 83.2, "priceToSalesTrailing12Months": 0.2927491, "fiftyDayAverage": 67.85735, "twoHundredDayAverage": 57.699646, "trailingAnnualDividendRate": 0.5, "trailingAnnualDividendYield": 0.007993605, "currency": "INR", "fromCurrency": null, "lastMarket": null, "algorithm": null, "tradeable": false}, "insiderHolders": {"holders": [{"maxAge": 1, "name": "Arulsundaram (P)", "relation": "Executive Chairman", "url": "", "transactionDescription": "Acquisition", "latestTransDate": "2019-02-26", "positionDirect": 6543443, "positionDirectDate": "2019-02-26"}, {"maxAge": 1, "name": "Nithya (Arulsundaram)", "relation": "Wholetime Director", "url": "", "transactionDescription": "Sale", "latestTransDate": "2021-03-05", "positionDirect": 725000, "positionDirectDate": "2021-03-05"}, {"maxAge": 1, "name": "Sundaram (Arul P)", "relation": "Executive Chairman", "url": "", "transactionDescription": "Sale", "latestTransDate": "2021-03-05", "positionDirect": 2200000, "positionDirectDate": "2021-03-05"}, {"maxAge": 1, "name": "Tharunya (N A)", "relation": "Promoter", "url": "", "transactionDescription": "Acquisition", "latestTransDate": "2020-03-31", "positionDirect": 27500, "positionDirectDate": "2020-03-31"}, {"maxAge": 1, "name": "Yagavi (N A)", "relation": "Promoter", "url": "", "transactionDescription": "Acquisition", "latestTransDate": "2020-03-31", "positionDirect": 33848, "positionDirectDate": "2020-03-31"}], "maxAge": 1}, "calendarEvents": {"maxAge": 1, "earnings": {"earningsDate": []}, "exDividendDate": "2018-08-30 05:30:00"}, "upgradeDowngradeHistory": {"history": [], "maxAge": 86400}, "price": {"maxAge": 1, "regularMarketChangePercent": -0.028776966, "regularMarketChange": -1.7999992, "regularMarketTime": "2021-04-30 15:29:39", "priceHint": 2, "regularMarketPrice": 60.75, "regularMarketDayHigh": 62.55, "regularMarketDayLow": 58.5, "regularMarketVolume": 80668, "averageDailyVolume10Day": 56968, "averageDailyVolume3Month": 160501, "regularMarketPreviousClose": 62.55, "regularMarketSource": "FREE_REALTIME", "regularMarketOpen": 61.45, "exchange": "NSI", "exchangeName": "NSE", "exchangeDataDelayedBy": 15, "marketState": "CLOSED", "quoteType": "EQUITY", "symbol": "RPPINFRA.NS", "underlyingSymbol": null, "shortName": "R.P.P.INFRA PROJEC", "longName": "R.P.P. Infra Projects Limited", "currency": "INR", "quoteSourceName": "Delayed Quote", "currencySymbol": "\u20b9", "fromCurrency": null, "lastMarket": null, "marketCap": 1443662976}, "balanceSheetHistory": {"balanceSheetStatements": [{"maxAge": 1, "endDate": "2020-03-31", "cash": 519700000, "netReceivables": 4252700000, "inventory": 241800000, "otherCurrentAssets": 290200000, "totalCurrentAssets": 5305700000, "longTermInvestments": 900000, "propertyPlantEquipment": 515900000, "goodWill": 2700000, "intangibleAssets": 2600000, "otherAssets": 57900000, "totalAssets": 5885700000, "accountsPayable": 1153500000, "shortLongTermDebt": 126100000, "otherCurrentLiab": 1014400000, "longTermDebt": 344500000, "otherLiab": 10800000, "totalCurrentLiabilities": 2913200000, "totalLiab": 3268500000, "commonStock": 226000000, "retainedEarnings": 1808800000, "treasuryStock": 23800000, "capitalSurplus": 558600000, "otherStockholderEquity": 23800000, "totalStockholderEquity": 2617200000, "netTangibleAssets": 2611900000}, {"maxAge": 1, "endDate": "2019-03-31", "cash": 486500000, "shortTermInvestments": 2400000, "netReceivables": 4493400000, "inventory": 202400000, "otherCurrentAssets": 240900000, "totalCurrentAssets": 5435200000, "longTermInvestments": 1100000, "propertyPlantEquipment": 556600000, "goodWill": 2700000, "intangibleAssets": 26100000, "otherAssets": 29100000, "totalAssets": 6050800000, "accountsPayable": 1310700000, "shortLongTermDebt": 123100000, "otherCurrentLiab": 903700000, "longTermDebt": 587000000, "otherLiab": 10200000, "totalCurrentLiabilities": 3041300000, "totalLiab": 3638500000, "commonStock": 226000000, "retainedEarnings": 1590700000, "treasuryStock": 37000000, "capitalSurplus": 558600000, "otherStockholderEquity": 37000000, "totalStockholderEquity": 2412300000, "netTangibleAssets": 2383500000}, {"maxAge": 1, "endDate": "2018-03-31", "cash": 922900000, "shortTermInvestments": 2200000, "netReceivables": 3443700000, "inventory": 176900000, "otherCurrentAssets": 363500000, "totalCurrentAssets": 4911500000, "longTermInvestments": 1400000, "propertyPlantEquipment": 304300000, "goodWill": 2700000, "intangibleAssets": 1300000, "otherAssets": 47400000, "deferredLongTermAssetCharges": 21800000, "totalAssets": 5268600000, "accountsPayable": 835200000, "shortLongTermDebt": 699600000, "otherCurrentLiab": 675200000, "longTermDebt": 118100000, "otherLiab": 15200000, "totalCurrentLiabilities": 2936800000, "totalLiab": 3070100000, "commonStock": 226000000, "retainedEarnings": 1373100000, "treasuryStock": 40800000, "capitalSurplus": 558600000, "otherStockholderEquity": 40800000, "totalStockholderEquity": 2198500000, "netTangibleAssets": 2194500000}, {"maxAge": 1, "endDate": "2017-03-31", "cash": 405300000, "shortTermInvestments": 2100000, "netReceivables": 3724600000, "inventory": 40300000, "otherCurrentAssets": 292800000, "totalCurrentAssets": 4485200000, "longTermInvestments": 4600000, "propertyPlantEquipment": 324500000, "goodWill": 2700000, "intangibleAssets": 100000, "otherAssets": 26100000, "deferredLongTermAssetCharges": 12400000, "totalAssets": 4843200000, "accountsPayable": 1311200000, "shortLongTermDebt": 231000000, "otherCurrentLiab": 364600000, "longTermDebt": 168400000, "otherLiab": 26500000, "totalCurrentLiabilities": 2558600000, "totalLiab": 2753500000, "commonStock": 226000000, "retainedEarnings": 1270100000, "treasuryStock": 35000000, "capitalSurplus": 558600000, "otherStockholderEquity": 35000000, "totalStockholderEquity": 2089700000, "netTangibleAssets": 2086900000}], "maxAge": 86400}, "earningsTrend": {"trend": [{"maxAge": 1, "period": "0q", "endDate": null, "growth": {}, "earningsEstimate": {"avg": 0.0, "low": 0.0, "high": 0.0, "yearAgoEps": {}, "numberOfAnalysts": 0, "growth": {}}, "revenueEstimate": {"avg": 0, "low": 0, "high": 0, "numberOfAnalysts": 0, "yearAgoRevenue": {}, "growth": {}}, "epsTrend": {"current": 0.0, "7daysAgo": 0.0, "30daysAgo": 0.0, "60daysAgo": 0.0, "90daysAgo": 0.0}, "epsRevisions": {"upLast7days": 0, "upLast30days": 0, "downLast30days": 0, "downLast90days": {}}}, {"maxAge": 1, "period": "+1q", "endDate": null, "growth": {}, "earningsEstimate": {"avg": 0.0, "low": 0.0, "high": 0.0, "yearAgoEps": {}, "numberOfAnalysts": 0, "growth": {}}, "revenueEstimate": {"avg": 0, "low": 0, "high": 0, "numberOfAnalysts": 0, "yearAgoRevenue": {}, "growth": {}}, "epsTrend": {"current": 0.0, "7daysAgo": 0.0, "30daysAgo": 0.0, "60daysAgo": 0.0, "90daysAgo": 0.0}, "epsRevisions": {"upLast7days": 0, "upLast30days": 0, "downLast30days": 0, "downLast90days": {}}}, {"maxAge": 1, "period": "0y", "endDate": null, "growth": {}, "earningsEstimate": {"avg": 0.0, "low": 0.0, "high": 0.0, "yearAgoEps": {}, "numberOfAnalysts": 0, "growth": {}}, "revenueEstimate": {"avg": 0, "low": 0, "high": 0, "numberOfAnalysts": 0, "yearAgoRevenue": {}, "growth": {}}, "epsTrend": {"current": 0.0, "7daysAgo": 0.0, "30daysAgo": 0.0, "60daysAgo": 0.0, "90daysAgo": 0.0}, "epsRevisions": {"upLast7days": 0, "upLast30days": 0, "downLast30days": 0, "downLast90days": {}}}, {"maxAge": 1, "period": "+1y", "endDate": null, "growth": {}, "earningsEstimate": {"avg": 0.0, "low": 0.0, "high": 0.0, "yearAgoEps": {}, "numberOfAnalysts": 0, "growth": {}}, "revenueEstimate": {"avg": 0, "low": 0, "high": 0, "numberOfAnalysts": 0, "yearAgoRevenue": {}, "growth": {}}, "epsTrend": {"current": 0.0, "7daysAgo": 0.0, "30daysAgo": 0.0, "60daysAgo": 0.0, "90daysAgo": 0.0}, "epsRevisions": {"upLast7days": 0, "upLast30days": 0, "downLast30days": 0, "downLast90days": {}}}, {"maxAge": 1, "period": "+5y", "endDate": null, "growth": {}, "earningsEstimate": {"avg": {}, "low": {}, "high": {}, "yearAgoEps": {}, "numberOfAnalysts": {}, "growth": {}}, "revenueEstimate": {"avg": {}, "low": {}, "high": {}, "numberOfAnalysts": {}, "yearAgoRevenue": {}, "growth": {}}, "epsTrend": {"current": {}, "7daysAgo": {}, "30daysAgo": {}, "60daysAgo": {}, "90daysAgo": {}}, "epsRevisions": {"upLast7days": {}, "upLast30days": {}, "downLast30days": {}, "downLast90days": {}}}, {"maxAge": 1, "period": "-5y", "endDate": null, "growth": 0.070549995, "earningsEstimate": {"avg": {}, "low": {}, "high": {}, "yearAgoEps": {}, "numberOfAnalysts": {}, "growth": {}}, "revenueEstimate": {"avg": {}, "low": {}, "high": {}, "numberOfAnalysts": {}, "yearAgoRevenue": {}, "growth": {}}, "epsTrend": {"current": {}, "7daysAgo": {}, "30daysAgo": {}, "60daysAgo": {}, "90daysAgo": {}}, "epsRevisions": {"upLast7days": {}, "upLast30days": {}, "downLast30days": {}, "downLast90days": {}}}], "maxAge": 1}, "institutionOwnership": {"ownershipList": [], "maxAge": 1}, "majorHoldersBreakdown": {"maxAge": 1, "insidersPercentHeld": 0.59882, "institutionsPercentHeld": 0.03537, "institutionsFloatPercentHeld": 0.08816, "institutionsCount": 2}, "balanceSheetHistoryQuarterly": {"balanceSheetStatements": [{"maxAge": 1, "endDate": "2020-12-31", "totalStockholderEquity": 2680500000, "netTangibleAssets": 2675200000}, {"maxAge": 1, "endDate": "2020-09-30", "cash": 510100000, "netReceivables": 2481300000, "inventory": 221700000, "otherCurrentAssets": 1120100000, "totalCurrentAssets": 4333200000, "longTermInvestments": 1100000, "propertyPlantEquipment": 504700000, "goodWill": 2700000, "intangibleAssets": 2600000, "otherAssets": 61200000, "totalAssets": 4905500000, "accountsPayable": 320000000, "otherCurrentLiab": 893200000, "longTermDebt": 509800000, "otherLiab": 14800000, "minorityInterest": 1400000, "totalCurrentLiabilities": 1699000000, "totalLiab": 2223600000, "commonStock": 226100000, "treasuryStock": 2454400000, "otherStockholderEquity": 2454400000, "totalStockholderEquity": 2680500000, "netTangibleAssets": 2675200000}, {"maxAge": 1, "endDate": "2020-06-30", "totalStockholderEquity": 2617200000, "netTangibleAssets": 2611900000}, {"maxAge": 1, "endDate": "2020-03-31", "cash": 519700000, "netReceivables": 4252700000, "inventory": 241800000, "otherCurrentAssets": 290200000, "totalCurrentAssets": 5305700000, "longTermInvestments": 900000, "propertyPlantEquipment": 515900000, "goodWill": 2700000, "intangibleAssets": 2600000, "otherAssets": 57900000, "totalAssets": 5885700000, "accountsPayable": 1153500000, "shortLongTermDebt": 126100000, "otherCurrentLiab": 1014400000, "longTermDebt": 344500000, "otherLiab": 10800000, "totalCurrentLiabilities": 2913200000, "totalLiab": 3268500000, "commonStock": 226000000, "retainedEarnings": 1808800000, "treasuryStock": 23800000, "capitalSurplus": 558600000, "otherStockholderEquity": 23800000, "totalStockholderEquity": 2617200000, "netTangibleAssets": 2611900000}], "maxAge": 86400}, "earningsHistory": {"history": [{"maxAge": 1, "epsActual": {}, "epsEstimate": {}, "epsDifference": {}, "surprisePercent": {}, "quarter": {}, "period": "-4q"}, {"maxAge": 1, "epsActual": {}, "epsEstimate": {}, "epsDifference": {}, "surprisePercent": {}, "quarter": {}, "period": "-3q"}, {"maxAge": 1, "epsActual": {}, "epsEstimate": {}, "epsDifference": {}, "surprisePercent": {}, "quarter": {}, "period": "-2q"}, {"maxAge": 1, "epsActual": {}, "epsEstimate": {}, "epsDifference": {}, "surprisePercent": {}, "quarter": {}, "period": "-1q"}], "maxAge": 86400}, "summaryProfile": {"address1": "MKM Chambers", "address2": "No. 42, Third Floor Kodambakkam High Road Nungambakkam", "city": "Chennai", "zip": "600034", "country": "India", "phone": "91 42 4228 4077", "fax": "91 42 4228 4077", "website": "http://www.rppipl.com", "industry": "Engineering & Construction", "sector": "Industrials", "longBusinessSummary": "R.P.P. Infra Projects Limited, together with its subsidiaries, engages in the construction and infrastructure development activities in India, Sri Lanka, Mauritius, and Gabon. The company undertakes civil construction, building projects, and irrigation and water supply projects; and infrastructure construction works, including roads, buildings, industrial structures, and power and irrigation projects, as well as hotels, hospitals, educational institutions. It also provides infrastructure projects related consultancy services; and procures, sells, and supplies electricity from various sources, including coal and thermal energy, bio-mass, bio-gas, etc. In addition, the company acts as a distributor, agent, trader, merchant, contractor, broker, and dealer in various merchandise and articles, including clearing agents, freight contractors, forwarding agents, licensing agents, and general brokers, as well as carries commercial business. R.P.P. Infra Projects Limited was founded in 1988 and is based in Chennai, India.", "fullTimeEmployees": 249, "companyOfficers": [], "maxAge": 86400}, "netSharePurchaseActivity": {"maxAge": 1, "period": "6m", "buyInfoCount": 0, "buyInfoShares": 0, "sellInfoCount": 0, "netInfoCount": 0, "netInfoShares": 0, "netPercentInsiderShares": 0.0, "totalInsiderShares": 13533681}, "insiderTransactions": {"transactions": [{"maxAge": 1, "shares": 5024898, "filerUrl": "", "transactionText": "", "filerName": "Nithya (Arulsundaram)", "filerRelation": "Wholetime Director", "moneyText": "", "startDate": "2021-03-05", "ownership": "D"}, {"maxAge": 1, "shares": 5068443, "filerUrl": "", "transactionText": "", "filerName": "Sundaram (Arul P)", "filerRelation": "Executive Chairman", "moneyText": "", "startDate": "2021-03-05", "ownership": "D"}, {"maxAge": 1, "shares": 4674898, "filerUrl": "", "transactionText": "", "filerName": "Nithya (Arulsundaram)", "filerRelation": "Wholetime Director", "moneyText": "", "startDate": "2021-03-04", "ownership": "D"}, {"maxAge": 1, "shares": 725000, "filerUrl": "", "transactionText": "", "filerName": "Sundaram (Arul P)", "filerRelation": "Executive Chairman", "moneyText": "", "startDate": "2021-03-04", "ownership": "D"}, {"maxAge": 1, "shares": 4349898, "value": 4954533, "filerUrl": "", "transactionText": "Other at price 1.14 per share.", "filerName": "Nithya (Arulsundaram)", "filerRelation": "Promoter", "moneyText": "", "startDate": "2020-07-14", "ownership": "D"}, {"maxAge": 1, "shares": 7500, "filerUrl": "", "transactionText": "", "filerName": "Tharunya (N A)", "filerRelation": "Promoter", "moneyText": "", "startDate": "2020-03-31", "ownership": "D"}, {"maxAge": 1, "shares": 8848, "filerUrl": "", "transactionText": "", "filerName": "Yagavi (N A)", "filerRelation": "Promoter", "moneyText": "", "startDate": "2020-03-31", "ownership": "D"}, {"maxAge": 1, "shares": 100000, "value": 43040, "filerUrl": "", "transactionText": "Acquisition at price 0.43 per share.", "filerName": "Nithya (Arulsundaram)", "filerRelation": "Wholetime Director", "moneyText": "", "startDate": "2020-03-19", "ownership": "D"}, {"maxAge": 1, "shares": 20000, "value": 8558, "filerUrl": "", "transactionText": "Acquisition at price 0.43 per share.", "filerName": "Tharunya (N A)", "filerRelation": "Promoter", "moneyText": "", "startDate": "2020-03-19", "ownership": "D"}, {"maxAge": 1, "shares": 25000, "value": 10027, "filerUrl": "", "transactionText": "Acquisition at price 0.40 per share.", "filerName": "Yagavi (N A)", "filerRelation": "Promoter", "moneyText": "", "startDate": "2020-03-19", "ownership": "D"}, {"maxAge": 1, "shares": 2503341, "filerUrl": "", "transactionText": "", "filerName": "Nithya (Arulsundaram)", "filerRelation": "Wholetime Director", "moneyText": "", "startDate": "2019-02-26", "ownership": "D"}, {"maxAge": 1, "shares": 255000, "filerUrl": "", "transactionText": "", "filerName": "Arulsundaram (P)", "filerRelation": "Executive Chairman", "moneyText": "", "startDate": "2019-02-26", "ownership": "D"}, {"maxAge": 1, "shares": 2250000, "filerUrl": "", "transactionText": "", "filerName": "Arulsundaram (P)", "filerRelation": "Executive Chairman", "moneyText": "", "startDate": "2017-06-02", "ownership": "D"}, {"maxAge": 1, "shares": 0, "filerUrl": "", "transactionText": "", "filerName": "Nithya (Arulsundaram)", "filerRelation": "Wholetime Director", "moneyText": "", "startDate": "2017-06-01", "ownership": "I"}, {"maxAge": 1, "shares": 1250000, "filerUrl": "", "transactionText": "", "filerName": "Arulsundaram (P)", "filerRelation": "Executive Chairman", "moneyText": "", "startDate": "2017-04-06", "ownership": "D"}, {"maxAge": 1, "shares": 934445, "filerUrl": "", "transactionText": "", "filerName": "Nithya (Arulsundaram)", "filerRelation": "Wholetime Director", "moneyText": "", "startDate": "2017-03-14", "ownership": "D"}, {"maxAge": 1, "shares": 10000, "filerUrl": "", "transactionText": "", "filerName": "Nithya (Arulsundaram)", "filerRelation": "Director", "moneyText": "", "startDate": "2011-01-21", "ownership": "D"}, {"maxAge": 1, "shares": 34000, "filerUrl": "", "transactionText": "", "filerName": "Nithya (Arulsundaram)", "filerRelation": "Director", "moneyText": "", "startDate": "2011-01-20", "ownership": "D"}, {"maxAge": 1, "shares": 15973, "filerUrl": "", "transactionText": "", "filerName": "Nithya (Arulsundaram)", "filerRelation": "Director", "moneyText": "", "startDate": "2011-01-18", "ownership": "D"}, {"maxAge": 1, "shares": 12947, "filerUrl": "", "transactionText": "", "filerName": "Nithya (Arulsundaram)", "filerRelation": "Director", "moneyText": "", "startDate": "2011-01-17", "ownership": "D"}, {"maxAge": 1, "shares": 15000, "filerUrl": "", "transactionText": "", "filerName": "Nithya (Arulsundaram)", "filerRelation": "Director", "moneyText": "", "startDate": "2011-01-14", "ownership": "D"}, {"maxAge": 1, "shares": 11626, "filerUrl": "", "transactionText": "", "filerName": "Nithya (Arulsundaram)", "filerRelation": "Director", "moneyText": "", "startDate": "2011-01-13", "ownership": "D"}, {"maxAge": 1, "shares": 8000, "filerUrl": "", "transactionText": "", "filerName": "Nithya (Arulsundaram)", "filerRelation": "Director", "moneyText": "", "startDate": "2011-01-13", "ownership": "D"}, {"maxAge": 1, "shares": 27242, "filerUrl": "", "transactionText": "", "filerName": "Nithya (Arulsundaram)", "filerRelation": "Director", "moneyText": "", "startDate": "2011-01-12", "ownership": "D"}, {"maxAge": 1, "shares": 8890, "filerUrl": "", "transactionText": "", "filerName": "Nithya (Arulsundaram)", "filerRelation": "Director", "moneyText": "", "startDate": "2011-01-12", "ownership": "D"}, {"maxAge": 1, "shares": 10000, "filerUrl": "", "transactionText": "", "filerName": "Nithya (Arulsundaram)", "filerRelation": "Director", "moneyText": "", "startDate": "2011-01-11", "ownership": "D"}, {"maxAge": 1, "shares": 20000, "filerUrl": "", "transactionText": "", "filerName": "Nithya (Arulsundaram)", "filerRelation": "Director", "moneyText": "", "startDate": "2011-01-10", "ownership": "D"}, {"maxAge": 1, "shares": 30000, "filerUrl": "", "transactionText": "", "filerName": "Nithya (Arulsundaram)", "filerRelation": "Director", "moneyText": "", "startDate": "2010-12-24", "ownership": "D"}], "maxAge": 1}, "sectorTrend": {"maxAge": 1, "symbol": null, "estimates": []}, "incomeStatementHistoryQuarterly": {"incomeStatementHistory": [{"maxAge": 1, "endDate": "2020-12-31", "totalRevenue": 1354100000, "costOfRevenue": 1171500000, "grossProfit": 182600000, "researchDevelopment": {}, "sellingGeneralAdministrative": 25100000, "nonRecurring": {}, "otherOperatingExpenses": 26100000, "totalOperatingExpenses": 1240300000, "operatingIncome": 113800000, "totalOtherIncomeExpenseNet": -51100000, "ebit": 113800000, "interestExpense": -49600000, "incomeBeforeTax": 62700000, "incomeTaxExpense": 16400000, "minorityInterest": {}, "netIncomeFromContinuingOps": 46300000, "discontinuedOperations": {}, "extraordinaryItems": {}, "effectOfAccountingCharges": {}, "otherItems": {}, "netIncome": 46400000, "netIncomeApplicableToCommonShares": 46400000}, {"maxAge": 1, "endDate": "2020-09-30", "totalRevenue": 940000000, "costOfRevenue": 799100000, "grossProfit": 140900000, "researchDevelopment": {}, "sellingGeneralAdministrative": 23700000, "nonRecurring": {}, "otherOperatingExpenses": 18100000, "totalOperatingExpenses": 858000000, "operatingIncome": 82000000, "totalOtherIncomeExpenseNet": -54000000, "ebit": 82000000, "interestExpense": -54000000, "incomeBeforeTax": 28000000, "incomeTaxExpense": 9900000, "minorityInterest": 1400000, "netIncomeFromContinuingOps": 18100000, "discontinuedOperations": {}, "extraordinaryItems": {}, "effectOfAccountingCharges": {}, "otherItems": {}, "netIncome": 16700000, "netIncomeApplicableToCommonShares": 16700000}, {"maxAge": 1, "endDate": "2020-06-30", "totalRevenue": 858900000, "costOfRevenue": 732000000, "grossProfit": 126900000, "researchDevelopment": {}, "sellingGeneralAdministrative": 20100000, "nonRecurring": {}, "otherOperatingExpenses": 29900000, "totalOperatingExpenses": 796500000, "operatingIncome": 62400000, "totalOtherIncomeExpenseNet": -35600000, "ebit": 62400000, "interestExpense": -35700000, "incomeBeforeTax": 26800000, "incomeTaxExpense": 12300000, "minorityInterest": 1400000, "netIncomeFromContinuingOps": 14500000, "discontinuedOperations": {}, "extraordinaryItems": {}, "effectOfAccountingCharges": {}, "otherItems": {}, "netIncome": 14500000, "netIncomeApplicableToCommonShares": 14500000}, {"maxAge": 1, "endDate": "2020-03-31", "totalRevenue": 1778400000, "costOfRevenue": 1642500000, "grossProfit": 135900000, "researchDevelopment": {}, "sellingGeneralAdministrative": 56500000, "nonRecurring": {}, "otherOperatingExpenses": -59600000, "totalOperatingExpenses": 1659700000, "operatingIncome": 118700000, "totalOtherIncomeExpenseNet": -61000000, "ebit": 118700000, "interestExpense": -18100000, "incomeBeforeTax": 57700000, "incomeTaxExpense": 14000000, "minorityInterest": 1400000, "netIncomeFromContinuingOps": 43700000, "discontinuedOperations": {}, "extraordinaryItems": {}, "effectOfAccountingCharges": {}, "otherItems": {}, "netIncome": 47800000, "netIncomeApplicableToCommonShares": 47800000}], "maxAge": 86400}, "cashflowStatementHistoryQuarterly": {"cashflowStatements": [{"maxAge": 1, "endDate": "2020-12-31", "netIncome": 46400000, "changeToLiabilities": 0}, {"maxAge": 1, "endDate": "2020-09-30", "netIncome": 16700000, "changeToLiabilities": 0}, {"maxAge": 1, "endDate": "2020-06-30", "netIncome": 14500000, "changeToLiabilities": 0}, {"maxAge": 1, "endDate": "2020-03-31", "netIncome": 47800000, "changeToLiabilities": 0}], "maxAge": 86400}, "earnings": {"maxAge": 86400, "earningsChart": {"quarterly": [], "earningsDate": []}, "financialsChart": {"yearly": [{"date": 2017, "revenue": 3672700000, "earnings": 227900000}, {"date": 2018, "revenue": 4991200000, "earnings": 116200000}, {"date": 2019, "revenue": 5813000000, "earnings": 234100000}, {"date": 2020, "revenue": 6007200000, "earnings": 181600000}], "quarterly": [{"date": "1Q2020", "revenue": 1778400000, "earnings": 47800000}, {"date": "2Q2020", "revenue": 858900000, "earnings": 14500000}, {"date": "3Q2020", "revenue": 940000000, "earnings": 16700000}, {"date": "4Q2020", "revenue": 1354100000, "earnings": 46400000}]}, "financialCurrency": "INR"}, "financialData": {"maxAge": 86400, "currentPrice": 60.75, "targetHighPrice": 379.0, "targetLowPrice": 379.0, "targetMeanPrice": 379.0, "targetMedianPrice": 379.0, "recommendationMean": 1.5, "recommendationKey": "strong_buy", "numberOfAnalystOpinions": 1, "totalCash": 510100000, "totalCashPerShare": 22.57, "ebitda": 454975008, "totalDebt": 995600000, "totalRevenue": 4931400192, "debtToEquity": 37.123, "revenuePerShare": 218.198, "grossProfits": 819400000, "earningsGrowth": -0.304, "revenueGrowth": -0.142, "grossMargins": 0.11893, "ebitdaMargins": 0.092259996, "operatingMargins": 0.07645, "profitMargins": 0.02543, "financialCurrency": "INR"}}}