{"RPSGVENT.NS": {"assetProfile": {"address1": "CESC House", "address2": "Chowringhee Square", "city": "Kolkata", "zip": "700001", "country": "India", "phone": "91 33 2225 6040", "website": "http://www.rpsgventuresltd.com", "industry": "Asset Management", "sector": "Financial Services", "longBusinessSummary": "CESC Ventures Limited owns, operates, invests, and promotes business in the fields of information technology, business process outsourcing, real estate, entertainment, and fast moving consumer goods in India. It offers application development and management, setup and operations and maintenance of IT infrastructure, cyber security management, and IT consultancy services; and business process outsourcing in the field of customer interaction management, data and transaction processing, collections management, consulting, and analytics. The company also provides packaged snacks under the TOO YUMM! and Evita brands; and various Ayurvedic formulations under the Dr. Vaidya's brand name, as well as wellness products and supplements for immunity, energy, sexual wellness, weight management, hair and skin care, and others. In addition, it operates shopping malls; and restaurants under the brand name of Waffle Wallah and Bombay Toastee brands. As of March 31, 2020, it operated 24 restaurant outlets. The company was formerly known as RP-SG Business Process Services Limited and changed its name to CESC Ventures Limited. The company was incorporated in 2017 and is based in Kolkata, India.", "fullTimeEmployees": 86, "companyOfficers": [{"maxAge": 1, "name": "Mr. Sudip Kumar Ghosh", "title": "Compliance Officer & Company Sec.", "fiscalYear": 2020, "totalPay": 850000, "exercisedValue": 0, "unexercisedValue": 0}, {"maxAge": 1, "name": "Mr. Rajeev Ramesh Chand Khandelwal", "age": 50, "title": "Whole-Time Director", "yearBorn": 1970, "exercisedValue": 0, "unexercisedValue": 0}, {"maxAge": 1, "name": "Mr. Ayan  Mukherjee", "title": "Chief Financial Officer", "exercisedValue": 0, "unexercisedValue": 0}], "compensationAsOfEpochDate": "2020-12-31 05:30:00", "maxAge": 86400}, "cashflowStatementHistory": {"cashflowStatements": [{"maxAge": 1, "endDate": "2020-03-31", "netIncome": -33900000, "depreciation": 1921000000, "changeToNetincome": 1737400000, "changeToAccountReceivables": -2098600000, "changeToLiabilities": 693100000, "changeToInventory": -73400000, "totalCashFromOperatingActivities": 2467600000, "capitalExpenditures": -1470100000, "investments": 2386200000, "otherCashflowsFromInvestingActivities": 15300000, "totalCashflowsFromInvestingActivities": 763400000, "dividendsPaid": -2079100000, "netBorrowings": 2287300000, "otherCashflowsFromFinancingActivities": -915400000, "totalCashFromFinancingActivities": -796600000, "effectOfExchangeRate": -60900000, "changeInCash": 2374600000, "repurchaseOfStock": -89400000}, {"maxAge": 1, "endDate": "2019-03-31", "netIncome": 641700000, "depreciation": 951500000, "changeToNetincome": 1347300000, "changeToAccountReceivables": 114400000, "changeToLiabilities": 646900000, "changeToInventory": -122800000, "totalCashFromOperatingActivities": 3579000000, "capitalExpenditures": -2106600000, "investments": -770000000, "otherCashflowsFromInvestingActivities": 41400000, "totalCashflowsFromInvestingActivities": -2826500000, "dividendsPaid": -681300000, "netBorrowings": 180400000, "otherCashflowsFromFinancingActivities": -514200000, "totalCashFromFinancingActivities": -1015100000, "effectOfExchangeRate": 4900000, "changeInCash": -257700000, "repurchaseOfStock": -89400000}, {"maxAge": 1, "endDate": "2018-03-31", "netIncome": 647657251, "depreciation": 378600063, "changeToNetincome": 532114374, "changeToAccountReceivables": -2119543210, "changeToLiabilities": 618171532, "changeToInventory": -357257202, "totalCashFromOperatingActivities": -300257193, "capitalExpenditures": -339771485, "investments": -1292400215, "otherCashflowsFromInvestingActivities": 56657152, "totalCashflowsFromInvestingActivities": -1590943122, "dividendsPaid": -681300000, "netBorrowings": -1658914562, "otherCashflowsFromFinancingActivities": 4685400781, "totalCashFromFinancingActivities": 3094800516, "effectOfExchangeRate": -14485717, "changeInCash": 1253057352, "repurchaseOfStock": -89400000, "issuanceOfStock": 68314297}], "maxAge": 86400}, "institutionOwnership": {"ownershipList": [], "maxAge": 1}, "majorHoldersBreakdown": {"maxAge": 1, "insidersPercentHeld": 0.14623, "institutionsPercentHeld": 0.57715, "institutionsFloatPercentHeld": 0.676, "institutionsCount": 4}, "balanceSheetHistoryQuarterly": {"balanceSheetStatements": [{"maxAge": 1, "endDate": "2020-12-31", "totalStockholderEquity": 23294200000, "netTangibleAssets": -3406800000}, {"maxAge": 1, "endDate": "2020-09-30", "cash": 1936600000, "shortTermInvestments": 3316300000, "netReceivables": 5312000000, "inventory": 467000000, "otherCurrentAssets": 2065800000, "totalCurrentAssets": 13097700000, "longTermInvestments": 1430100000, "propertyPlantEquipment": 11898800000, "goodWill": 23394100000, "intangibleAssets": 3306900000, "otherAssets": 7441300000, "deferredLongTermAssetCharges": 3315800000, "totalAssets": 60568900000, "accountsPayable": 2353900000, "otherCurrentLiab": 3212900000, "longTermDebt": 3079200000, "otherLiab": 1585600000, "minorityInterest": 13668300000, "totalCurrentLiabilities": 13350600000, "totalLiab": 23606400000, "commonStock": 265100000, "treasuryStock": 23029100000, "otherStockholderEquity": 23029100000, "totalStockholderEquity": 23294200000, "netTangibleAssets": -3406800000}, {"maxAge": 1, "endDate": "2020-06-30", "totalStockholderEquity": 23225800000, "netTangibleAssets": -4057900000}, {"maxAge": 1, "endDate": "2020-03-31", "cash": 3578800000, "shortTermInvestments": 153200000, "netReceivables": 8010900000, "inventory": 514400000, "otherCurrentAssets": 2146000000, "totalCurrentAssets": 14403500000, "longTermInvestments": 951500000, "propertyPlantEquipment": 12039600000, "goodWill": 23938900000, "intangibleAssets": 3344800000, "otherAssets": 7631700000, "deferredLongTermAssetCharges": 2963300000, "totalAssets": 62310000000, "accountsPayable": 2029400000, "shortLongTermDebt": 401300000, "otherCurrentLiab": 462500000, "longTermDebt": 3296500000, "otherLiab": 1428300000, "deferredLongTermLiab": 1219000000, "minorityInterest": 13443200000, "totalCurrentLiabilities": 15353400000, "totalLiab": 25641000000, "commonStock": 265100000, "retainedEarnings": 5187300000, "treasuryStock": 17773400000, "otherStockholderEquity": 17773400000, "totalStockholderEquity": 23225800000, "netTangibleAssets": -4057900000}], "maxAge": 86400}, "indexTrend": {"maxAge": 1, "symbol": "SP5", "peRatio": 19.7411, "pegRatio": 1.34172, "estimates": [{"period": "0q", "growth": 0.549}, {"period": "+1q", "growth": 0.431}, {"period": "0y", "growth": 0.305}, {"period": "+1y", "growth": 0.109}, {"period": "+5y", "growth": 0.120865}, {"period": "-5y"}]}, "defaultKeyStatistics": {"maxAge": 1, "priceHint": 2, "enterpriseValue": 33540124672, "profitMargins": 0.01049, "floatShares": 10920474, "sharesOutstanding": 26511400, "heldPercentInsiders": 0.14623, "heldPercentInstitutions": 0.57715, "beta": 2.283766, "category": null, "bookValue": 878.113, "priceToBook": 0.39824033, "fundFamily": null, "legalType": null, "lastFiscalYearEnd": "2020-03-31 05:30:00", "nextFiscalYearEnd": "2022-03-31 05:30:00", "mostRecentQuarter": "2020-12-31 05:30:00", "earningsQuarterlyGrowth": 0.197, "netIncomeToCommon": 535800000, "trailingEps": 20.197, "lastSplitFactor": null, "enterpriseToRevenue": 0.657, "enterpriseToEbitda": 8.265}, "summaryProfile": {"address1": "CESC House", "address2": "Chowringhee Square", "city": "Kolkata", "zip": "700001", "country": "India", "phone": "91 33 2225 6040", "website": "http://www.rpsgventuresltd.com", "industry": "Asset Management", "sector": "Financial Services", "longBusinessSummary": "CESC Ventures Limited owns, operates, invests, and promotes business in the fields of information technology, business process outsourcing, real estate, entertainment, and fast moving consumer goods in India. It offers application development and management, setup and operations and maintenance of IT infrastructure, cyber security management, and IT consultancy services; and business process outsourcing in the field of customer interaction management, data and transaction processing, collections management, consulting, and analytics. The company also provides packaged snacks under the TOO YUMM! and Evita brands; and various Ayurvedic formulations under the Dr. Vaidya's brand name, as well as wellness products and supplements for immunity, energy, sexual wellness, weight management, hair and skin care, and others. In addition, it operates shopping malls; and restaurants under the brand name of Waffle Wallah and Bombay Toastee brands. As of March 31, 2020, it operated 24 restaurant outlets. The company was formerly known as RP-SG Business Process Services Limited and changed its name to CESC Ventures Limited. The company was incorporated in 2017 and is based in Kolkata, India.", "fullTimeEmployees": 86, "companyOfficers": [], "maxAge": 86400}, "netSharePurchaseActivity": {"maxAge": 1, "period": "6m", "buyInfoCount": 0, "buyInfoShares": 0, "sellInfoCount": 0, "netInfoCount": 0, "netInfoShares": 0, "netPercentInsiderShares": 0.0, "totalInsiderShares": 3876255}, "quoteType": {"exchange": "NSI", "quoteType": "EQUITY", "symbol": "RPSGVENT.NS", "underlyingSymbol": "RPSGVENT.NS", "shortName": "RPSG VENTURES LIMITED", "longName": "RPSG Ventures Limited", "firstTradeDateEpochUtc": "2019-01-25 09:15:00", "timeZoneFullName": "Asia/Kolkata", "timeZoneShortName": "IST", "uuid": "cea3b2f6-93e5-3557-9b2f-ae538d3721a0", "gmtOffSetMilliseconds": 19800000, "maxAge": 1}, "incomeStatementHistory": {"incomeStatementHistory": [{"maxAge": 1, "endDate": "2020-03-31", "totalRevenue": 45784200000, "costOfRevenue": 31641500000, "grossProfit": 14142700000, "researchDevelopment": {}, "sellingGeneralAdministrative": 2131600000, "nonRecurring": {}, "otherOperatingExpenses": 7249800000, "totalOperatingExpenses": 43265900000, "operatingIncome": 2518300000, "totalOtherIncomeExpenseNet": -668400000, "ebit": 2518300000, "interestExpense": -1006700000, "incomeBeforeTax": 1849900000, "incomeTaxExpense": 378500000, "minorityInterest": 13443200000, "netIncomeFromContinuingOps": 1471400000, "discontinuedOperations": {}, "extraordinaryItems": {}, "effectOfAccountingCharges": {}, "otherItems": {}, "netIncome": -33900000, "netIncomeApplicableToCommonShares": -33900000}, {"maxAge": 1, "endDate": "2019-03-31", "totalRevenue": 43698500000, "costOfRevenue": 29885100000, "grossProfit": 13813400000, "researchDevelopment": {}, "sellingGeneralAdministrative": 3129400000, "nonRecurring": {}, "otherOperatingExpenses": 6765400000, "totalOperatingExpenses": 40731400000, "operatingIncome": 2967100000, "totalOtherIncomeExpenseNet": -426900000, "ebit": 2967100000, "interestExpense": -402700000, "incomeBeforeTax": 2540200000, "incomeTaxExpense": 195000000, "minorityInterest": 13178800000, "netIncomeFromContinuingOps": 2345200000, "discontinuedOperations": {}, "extraordinaryItems": {}, "effectOfAccountingCharges": {}, "otherItems": {}, "netIncome": 641700000, "netIncomeApplicableToCommonShares": 641700000}, {"maxAge": 1, "endDate": "2018-03-31", "totalRevenue": 17087059991, "costOfRevenue": 11398287614, "grossProfit": 5688772377, "researchDevelopment": {}, "sellingGeneralAdministrative": 543171519, "nonRecurring": {}, "otherOperatingExpenses": 3286200548, "totalOperatingExpenses": 15606259744, "operatingIncome": 1480800247, "totalOtherIncomeExpenseNet": -136028594, "ebit": 1480800247, "interestExpense": -238714326, "incomeBeforeTax": 1344771653, "incomeTaxExpense": -58371438, "minorityInterest": 11436800000, "netIncomeFromContinuingOps": 1403143091, "discontinuedOperations": {}, "extraordinaryItems": {}, "effectOfAccountingCharges": {}, "otherItems": {}, "netIncome": 647657251, "netIncomeApplicableToCommonShares": 647657251}], "maxAge": 86400}, "fundOwnership": {"ownershipList": [], "maxAge": 1}, "summaryDetail": {"maxAge": 1, "priceHint": 2, "previousClose": 336.8, "open": 337.4, "dayLow": 332.85, "dayHigh": 359.0, "regularMarketPreviousClose": 336.8, "regularMarketOpen": 337.4, "regularMarketDayLow": 332.85, "regularMarketDayHigh": 359.0, "payoutRatio": 0.0, "beta": 2.283766, "trailingPE": 17.314453, "volume": 55884, "regularMarketVolume": 55884, "averageVolume": 71482, "averageVolume10days": 99034, "averageDailyVolume10Day": 99034, "bid": 0.0, "ask": 0.0, "marketCap": 9308210176, "fiftyTwoWeekLow": 115.1, "fiftyTwoWeekHigh": 397.45, "priceToSalesTrailing12Months": 0.18226519, "fiftyDayAverage": 329.90295, "twoHundredDayAverage": 283.72906, "currency": "INR", "fromCurrency": null, "lastMarket": null, "algorithm": null, "tradeable": false}, "incomeStatementHistoryQuarterly": {"incomeStatementHistory": [{"maxAge": 1, "endDate": "2020-12-31", "totalRevenue": 14765200000, "costOfRevenue": 10295000000, "grossProfit": 4470200000, "researchDevelopment": {}, "sellingGeneralAdministrative": {}, "nonRecurring": {}, "otherOperatingExpenses": 2736000000, "totalOperatingExpenses": 13647300000, "operatingIncome": 1117900000, "totalOtherIncomeExpenseNet": -234300000, "ebit": 1117900000, "interestExpense": -257300000, "incomeBeforeTax": 883600000, "incomeTaxExpense": 143400000, "minorityInterest": {}, "netIncomeFromContinuingOps": 740200000, "discontinuedOperations": {}, "extraordinaryItems": {}, "effectOfAccountingCharges": {}, "otherItems": {}, "netIncome": 217100000, "netIncomeApplicableToCommonShares": 217100000}, {"maxAge": 1, "endDate": "2020-09-30", "totalRevenue": 13003400000, "costOfRevenue": 8870000000, "grossProfit": 4133400000, "researchDevelopment": {}, "sellingGeneralAdministrative": {}, "nonRecurring": {}, "otherOperatingExpenses": 2638200000, "totalOperatingExpenses": 12131700000, "operatingIncome": 871700000, "totalOtherIncomeExpenseNet": -136600000, "ebit": 871700000, "interestExpense": -255500000, "incomeBeforeTax": 735100000, "incomeTaxExpense": 127300000, "minorityInterest": 13668300000, "netIncomeFromContinuingOps": 607800000, "discontinuedOperations": {}, "extraordinaryItems": {}, "effectOfAccountingCharges": {}, "otherItems": {}, "netIncome": 178000000, "netIncomeApplicableToCommonShares": 178000000}, {"maxAge": 1, "endDate": "2020-06-30", "totalRevenue": 11376700000, "costOfRevenue": 7727700000, "grossProfit": 3649000000, "researchDevelopment": {}, "sellingGeneralAdministrative": {}, "nonRecurring": {}, "otherOperatingExpenses": 2316800000, "totalOperatingExpenses": 10648800000, "operatingIncome": 727900000, "totalOtherIncomeExpenseNet": -252700000, "ebit": 727900000, "interestExpense": -266000000, "incomeBeforeTax": 475200000, "incomeTaxExpense": 27200000, "minorityInterest": 13668300000, "netIncomeFromContinuingOps": 448000000, "discontinuedOperations": {}, "extraordinaryItems": {}, "effectOfAccountingCharges": {}, "otherItems": {}, "netIncome": 47700000, "netIncomeApplicableToCommonShares": 47700000}, {"maxAge": 1, "endDate": "2020-03-31", "totalRevenue": 11924300000, "costOfRevenue": 8708500000, "grossProfit": 3215800000, "researchDevelopment": {}, "sellingGeneralAdministrative": 2131600000, "nonRecurring": {}, "otherOperatingExpenses": -253300000, "totalOperatingExpenses": 11174500000, "operatingIncome": 749800000, "totalOtherIncomeExpenseNet": -80000000, "ebit": 749800000, "interestExpense": -287100000, "incomeBeforeTax": 669800000, "incomeTaxExpense": 177200000, "minorityInterest": 13443200000, "netIncomeFromContinuingOps": 492600000, "discontinuedOperations": {}, "extraordinaryItems": {}, "effectOfAccountingCharges": {}, "otherItems": {}, "netIncome": 93000000, "netIncomeApplicableToCommonShares": 93000000}], "maxAge": 86400}, "cashflowStatementHistoryQuarterly": {"cashflowStatements": [{"maxAge": 1, "endDate": "2020-12-31", "netIncome": 217100000, "changeToLiabilities": 0}, {"maxAge": 1, "endDate": "2020-09-30", "netIncome": 178000000, "changeToLiabilities": 0}, {"maxAge": 1, "endDate": "2020-06-30", "netIncome": 47700000, "changeToLiabilities": 0}, {"maxAge": 1, "endDate": "2020-03-31", "netIncome": 93000000, "changeToLiabilities": 0}], "maxAge": 86400}, "insiderHolders": {"holders": [], "maxAge": 1}, "calendarEvents": {"maxAge": 1, "earnings": {"earningsDate": []}}, "upgradeDowngradeHistory": {"history": [], "maxAge": 86400}, "price": {"maxAge": 1, "regularMarketChangePercent": 0.038301736, "regularMarketChange": 12.900024, "regularMarketTime": "2021-04-30 15:29:42", "priceHint": 2, "regularMarketPrice": 349.7, "regularMarketDayHigh": 359.0, "regularMarketDayLow": 332.85, "regularMarketVolume": 55884, "averageDailyVolume10Day": 99034, "averageDailyVolume3Month": 71482, "regularMarketPreviousClose": 336.8, "regularMarketSource": "FREE_REALTIME", "regularMarketOpen": 337.4, "exchange": "NSI", "exchangeName": "NSE", "exchangeDataDelayedBy": 15, "marketState": "CLOSED", "quoteType": "EQUITY", "symbol": "RPSGVENT.NS", "underlyingSymbol": null, "shortName": "RPSG VENTURES LIMITED", "longName": "RPSG Ventures Limited", "currency": "INR", "quoteSourceName": "Delayed Quote", "currencySymbol": "\u20b9", "fromCurrency": null, "lastMarket": null, "marketCap": 9308210176}, "balanceSheetHistory": {"balanceSheetStatements": [{"maxAge": 1, "endDate": "2020-03-31", "cash": 3578800000, "shortTermInvestments": 153200000, "netReceivables": 8010900000, "inventory": 514400000, "otherCurrentAssets": 2146000000, "totalCurrentAssets": 14403500000, "longTermInvestments": 951500000, "propertyPlantEquipment": 12039600000, "goodWill": 23938900000, "intangibleAssets": 3344800000, "otherAssets": 7631700000, "deferredLongTermAssetCharges": 2963300000, "totalAssets": 62310000000, "accountsPayable": 2029400000, "shortLongTermDebt": 401300000, "otherCurrentLiab": 462500000, "longTermDebt": 3296500000, "otherLiab": 1428300000, "deferredLongTermLiab": 1219000000, "minorityInterest": 13443200000, "totalCurrentLiabilities": 15353400000, "totalLiab": 25641000000, "commonStock": 265100000, "retainedEarnings": 5187300000, "treasuryStock": 17773400000, "otherStockholderEquity": 17773400000, "totalStockholderEquity": 23225800000, "netTangibleAssets": -4057900000}, {"maxAge": 1, "endDate": "2019-03-31", "cash": 1204200000, "shortTermInvestments": 229800000, "netReceivables": 5998900000, "inventory": 496800000, "otherCurrentAssets": 1721000000, "totalCurrentAssets": 12272400000, "longTermInvestments": 253000000, "propertyPlantEquipment": 6204900000, "goodWill": 21953100000, "intangibleAssets": 3229700000, "otherAssets": 7178200000, "deferredLongTermAssetCharges": 2322200000, "totalAssets": 51091300000, "accountsPayable": 1848300000, "shortLongTermDebt": 325300000, "otherCurrentLiab": 502900000, "longTermDebt": 2693600000, "otherLiab": 1758800000, "deferredLongTermLiab": 1441700000, "minorityInterest": 13178800000, "totalCurrentLiabilities": 10655100000, "totalLiab": 15116700000, "commonStock": 265100000, "retainedEarnings": 5480300000, "treasuryStock": 17050400000, "otherStockholderEquity": 17050400000, "totalStockholderEquity": 22795800000, "netTangibleAssets": -2387000000}, {"maxAge": 1, "endDate": "2018-03-31", "cash": 1461900000, "shortTermInvestments": 905100000, "netReceivables": 6507800000, "inventory": 458900000, "otherCurrentAssets": 1208000000, "totalCurrentAssets": 11662500000, "longTermInvestments": 688600000, "propertyPlantEquipment": 5188500000, "goodWill": 20809400000, "intangibleAssets": 3243900000, "otherAssets": 6180800000, "deferredLongTermAssetCharges": 2175500000, "totalAssets": 47773700000, "accountsPayable": 1386300000, "shortLongTermDebt": 3227900000, "otherCurrentLiab": 469600000, "longTermDebt": 1465800000, "otherLiab": 2194900000, "minorityInterest": 11436800000, "totalCurrentLiabilities": 10916800000, "totalLiab": 14606300000, "retainedEarnings": 4936100000, "treasuryStock": 16794500000, "otherStockholderEquity": 16794500000, "totalStockholderEquity": 21730600000, "netTangibleAssets": -2322700000}], "maxAge": 86400}, "financialData": {"maxAge": 86400, "currentPrice": 349.7, "recommendationKey": "none", "totalCash": 5252899840, "totalCashPerShare": 198.163, "ebitda": 4057949952, "totalDebt": 15854900224, "totalRevenue": 51069599744, "debtToEquity": 42.895, "revenuePerShare": 1925.112, "grossProfits": 14142700000, "earningsGrowth": 0.197, "revenueGrowth": 0.25, "grossMargins": 0.30289, "ebitdaMargins": 0.07946, "operatingMargins": 0.06789, "profitMargins": 0.01049, "financialCurrency": "INR"}}}