{"RTNPOWER.BO": {"recommendationTrend": {"trend": [{"period": "0m", "strongBuy": 0, "buy": 0, "hold": 0, "sell": 0, "strongSell": 0}, {"period": "-1m", "strongBuy": 0, "buy": 0, "hold": 0, "sell": 0, "strongSell": 0}, {"period": "-2m", "strongBuy": 0, "buy": 0, "hold": 0, "sell": 0, "strongSell": 0}, {"period": "-3m", "strongBuy": 0, "buy": 0, "hold": 0, "sell": 0, "strongSell": 0}], "maxAge": 86400}, "cashflowStatementHistory": {"cashflowStatements": [{"maxAge": 1, "endDate": "2020-03-31", "netIncome": 1653029000, "depreciation": 4163757000, "changeToNetincome": 1442248000, "changeToAccountReceivables": -3134550000, "changeToLiabilities": -21781000, "changeToInventory": -2121293000, "changeToOperatingActivities": 4120688000, "totalCashFromOperatingActivities": 6103764000, "capitalExpenditures": -155714000, "investments": -813556000, "otherCashflowsFromInvestingActivities": 51400000, "totalCashflowsFromInvestingActivities": -910298000, "netBorrowings": -2176720000, "otherCashflowsFromFinancingActivities": -2579987000, "totalCashFromFinancingActivities": -4756707000, "changeInCash": 436759000}, {"maxAge": 1, "endDate": "2019-03-31", "netIncome": -33205160000, "depreciation": 4198157000, "changeToNetincome": 36678882000, "changeToAccountReceivables": 777814000, "changeToLiabilities": -341531000, "changeToInventory": -2888640000, "changeToOperatingActivities": 3133430000, "totalCashFromOperatingActivities": 8356172000, "capitalExpenditures": -221633000, "investments": -1542592000, "otherCashflowsFromInvestingActivities": 139409000, "totalCashflowsFromInvestingActivities": -1613811000, "netBorrowings": -7891949000, "otherCashflowsFromFinancingActivities": -116950000, "totalCashFromFinancingActivities": -8008899000, "changeInCash": -1266538000}, {"maxAge": 1, "endDate": "2018-03-31", "netIncome": -16631874000, "depreciation": 3989674000, "changeToNetincome": 19721482000, "changeToAccountReceivables": -5370886000, "changeToLiabilities": -82209000, "changeToInventory": -696191000, "changeToOperatingActivities": 1210630000, "totalCashFromOperatingActivities": 2148266000, "capitalExpenditures": -4937775000, "investments": 462802000, "otherCashflowsFromInvestingActivities": 132080000, "totalCashflowsFromInvestingActivities": -1071823000, "netBorrowings": 1934383000, "otherCashflowsFromFinancingActivities": -4282495000, "totalCashFromFinancingActivities": -2348112000, "changeInCash": -1271668000}, {"maxAge": 1, "endDate": "2017-03-31", "netIncome": -6303093000, "depreciation": 2525696000, "changeToNetincome": 12317107000, "changeToAccountReceivables": 654023000, "changeToLiabilities": -2276844000, "changeToInventory": 1862756000, "changeToOperatingActivities": 3271947000, "totalCashFromOperatingActivities": 12061045000, "capitalExpenditures": -4216122000, "investments": -700000000, "otherCashflowsFromInvestingActivities": -11225000, "totalCashflowsFromInvestingActivities": -4928505000, "netBorrowings": 11503229000, "otherCashflowsFromFinancingActivities": -18724771000, "totalCashFromFinancingActivities": -7221542000, "changeInCash": -89002000}], "maxAge": 86400}, "institutionOwnership": {"ownershipList": [], "maxAge": 1}, "balanceSheetHistoryQuarterly": {"balanceSheetStatements": [{"maxAge": 1, "endDate": "2020-06-30", "totalStockholderEquity": 4295500000, "netTangibleAssets": 4294200000}, {"maxAge": 1, "endDate": "2020-03-31", "cash": 713372000, "netReceivables": 16826682000, "inventory": 6539885000, "otherCurrentAssets": 2913132000, "totalCurrentAssets": 29975759000, "longTermInvestments": 125058000, "propertyPlantEquipment": 159937964000, "intangibleAssets": 1345000, "otherAssets": 911894000, "deferredLongTermAssetCharges": 65000, "totalAssets": 190952020000, "accountsPayable": 113475000, "shortLongTermDebt": 18859662000, "otherCurrentLiab": 7687363000, "longTermDebt": 98585910000, "otherLiab": 14683855000, "minorityInterest": -36024000, "totalCurrentLiabilities": 73260703000, "totalLiab": 186692568000, "commonStock": 49397817000, "retainedEarnings": -69330623000, "treasuryStock": 5515852000, "capitalSurplus": 18712430000, "otherStockholderEquity": 5515852000, "totalStockholderEquity": 4295476000, "netTangibleAssets": 4294131000}, {"maxAge": 1, "endDate": "2019-12-31", "totalStockholderEquity": -17453900000, "netTangibleAssets": -17455900000}, {"maxAge": 1, "endDate": "2019-09-30", "cash": 405500000, "shortTermInvestments": 2601400000, "netReceivables": 20060000000, "inventory": 2566200000, "otherCurrentAssets": 2878900000, "totalCurrentAssets": 28512000000, "longTermInvestments": 359100000, "propertyPlantEquipment": 167512600000, "intangibleAssets": 2000000, "otherAssets": 1094400000, "deferredLongTermAssetCharges": 100000, "totalAssets": 197480100000, "accountsPayable": 421600000, "otherCurrentLiab": 93358800000, "longTermDebt": 94161100000, "otherLiab": 13569300000, "minorityInterest": -35300000, "totalCurrentLiabilities": 107238900000, "totalLiab": 214969300000, "commonStock": 29529300000, "treasuryStock": -46983200000, "otherStockholderEquity": -46983200000, "totalStockholderEquity": -17453900000, "netTangibleAssets": -17455900000}], "maxAge": 86400}, "earningsHistory": {"history": [{"maxAge": 1, "epsActual": {}, "epsEstimate": {}, "epsDifference": {}, "surprisePercent": {}, "quarter": {}, "period": "-4q"}, {"maxAge": 1, "epsActual": {}, "epsEstimate": {}, "epsDifference": {}, "surprisePercent": {}, "quarter": {}, "period": "-3q"}, {"maxAge": 1, "epsActual": {}, "epsEstimate": {}, "epsDifference": {}, "surprisePercent": {}, "quarter": {}, "period": "-2q"}, {"maxAge": 1, "epsActual": {}, "epsEstimate": {}, "epsDifference": {}, "surprisePercent": {}, "quarter": {}, "period": "-1q"}], "maxAge": 86400}, "indexTrend": {"maxAge": 1, "symbol": "SP5", "peRatio": 19.7411, "pegRatio": 1.34172, "estimates": [{"period": "0q", "growth": 0.549}, {"period": "+1q", "growth": 0.431}, {"period": "0y", "growth": 0.305}, {"period": "+1y", "growth": 0.109}, {"period": "+5y", "growth": 0.120865}, {"period": "-5y"}]}, "industryTrend": {"maxAge": 1, "symbol": null, "estimates": []}, "insiderTransactions": {"transactions": [{"maxAge": 1, "shares": 375400000, "filerUrl": "", "transactionText": "", "filerName": "RR Infralands Pvt Ltd", "filerRelation": "Promoter", "moneyText": "", "startDate": "2020-03-24", "ownership": "D"}, {"maxAge": 1, "shares": 327575831, "filerUrl": "", "transactionText": "", "filerName": "RR Infralands Pvt Ltd", "filerRelation": "Promoter", "moneyText": "", "startDate": "2020-03-24", "ownership": "D"}, {"maxAge": 1, "shares": 423224169, "filerUrl": "", "transactionText": "", "filerName": "RR Infralands Pvt Ltd", "filerRelation": "Promoter", "moneyText": "", "startDate": "2019-12-27", "ownership": "D"}, {"maxAge": 1, "shares": 22500000, "filerUrl": "", "transactionText": "", "filerName": "RR Infralands Pvt Ltd", "filerRelation": "Promoter", "moneyText": "", "startDate": "2018-11-19", "ownership": "D"}, {"maxAge": 1, "shares": 7500000, "filerUrl": "", "transactionText": "", "filerName": "IPL-PPSL Scheme Trust", "filerRelation": "Promoter", "moneyText": "", "startDate": "2018-11-19", "ownership": "D"}, {"maxAge": 1, "shares": 0, "filerUrl": "", "transactionText": "", "filerName": "RR Infralands Pvt Ltd", "filerRelation": "Promoter", "moneyText": "", "startDate": "2018-03-27", "ownership": "I"}, {"maxAge": 1, "shares": 100000000, "filerUrl": "", "transactionText": "", "filerName": "IPL-PPSL Scheme Trust", "filerRelation": "Promoter", "moneyText": "", "startDate": "2018-03-27", "ownership": "D"}, {"maxAge": 1, "shares": 95000000, "filerUrl": "", "transactionText": "", "filerName": "IPL-PPSL Scheme Trust", "filerRelation": "Promoter", "moneyText": "", "startDate": "2015-09-15", "ownership": "D"}, {"maxAge": 1, "shares": 95000000, "filerUrl": "", "transactionText": "", "filerName": "RR Infralands Pvt Ltd", "filerRelation": "Promoter", "moneyText": "", "startDate": "2015-09-15", "ownership": "D"}, {"maxAge": 1, "shares": 100000, "filerUrl": "", "transactionText": "", "filerName": "Yantra Energetics Pvt Ltd", "filerRelation": "Institution- Corporation", "moneyText": "", "startDate": "2015-04-01", "ownership": "D"}, {"maxAge": 1, "shares": 310000000, "filerUrl": "", "transactionText": "", "filerName": "RR Infralands Pvt Ltd", "filerRelation": "Promoter", "moneyText": "", "startDate": "2014-09-30", "ownership": "D"}, {"maxAge": 1, "shares": 185805, "filerUrl": "", "transactionText": "", "filerName": "Government Pension Fund Global", "filerRelation": "UNREPORTED", "moneyText": "", "startDate": "2012-10-01", "ownership": "D"}, {"maxAge": 1, "shares": 404366470, "filerUrl": "", "transactionText": "", "filerName": "Indiabulls Real Estate Ltd.", "filerRelation": "Promoter", "moneyText": "", "startDate": "2011-12-23", "ownership": "D"}, {"maxAge": 1, "shares": 780633530, "filerUrl": "", "transactionText": "", "filerName": "Indiabulls Real Estate Ltd.", "filerRelation": "Promoter", "moneyText": "", "startDate": "2011-12-17", "ownership": "D"}, {"maxAge": 1, "shares": 40000, "filerUrl": "", "transactionText": "", "filerName": "Nagrare (Sanjay)", "filerRelation": "Manager", "moneyText": "", "startDate": "2011-04-01", "ownership": "D"}, {"maxAge": 1, "shares": 30000, "filerUrl": "", "transactionText": "", "filerName": "Nagrare (Sanjay)", "filerRelation": "Manager", "moneyText": "", "startDate": "2010-01-15", "ownership": "D"}], "maxAge": 1}, "quoteType": {"exchange": "BSE", "quoteType": "EQUITY", "symbol": "RTNPOWER.BO", "underlyingSymbol": "RTNPOWER.BO", "shortName": "RATTANINDIA POWER LTD.", "longName": "RattanIndia Power Limited", "firstTradeDateEpochUtc": "2009-10-30 09:15:00", "timeZoneFullName": "Asia/Kolkata", "timeZoneShortName": "IST", "uuid": "c986bfb7-1fe1-3a60-b1ef-cba763a05177", "gmtOffSetMilliseconds": 19800000, "maxAge": 1}, "incomeStatementHistory": {"incomeStatementHistory": [{"maxAge": 1, "endDate": "2020-03-31", "totalRevenue": 17738846000, "costOfRevenue": 9096097000, "grossProfit": 8642749000, "researchDevelopment": {}, "sellingGeneralAdministrative": 1327407000, "nonRecurring": {}, "otherOperatingExpenses": 2527317000, "totalOperatingExpenses": 17116244000, "operatingIncome": 622602000, "totalOtherIncomeExpenseNet": 1028948000, "ebit": 622602000, "interestExpense": -27338079000, "incomeBeforeTax": 1651550000, "incomeTaxExpense": 0, "minorityInterest": -36024000, "netIncomeFromContinuingOps": 1651550000, "discontinuedOperations": {}, "extraordinaryItems": {}, "effectOfAccountingCharges": {}, "otherItems": {}, "netIncome": 1653029000, "netIncomeApplicableToCommonShares": 1653029000}, {"maxAge": 1, "endDate": "2019-03-31", "totalRevenue": 19236237000, "costOfRevenue": 10678744000, "grossProfit": 8557493000, "researchDevelopment": {}, "sellingGeneralAdministrative": 1255014000, "nonRecurring": {}, "otherOperatingExpenses": 1789369000, "totalOperatingExpenses": 17924504000, "operatingIncome": 1311733000, "totalOtherIncomeExpenseNet": -34591408000, "ebit": 1311733000, "interestExpense": -22925549000, "incomeBeforeTax": -33279675000, "incomeTaxExpense": -22000, "minorityInterest": -34545000, "netIncomeFromContinuingOps": -33279653000, "discontinuedOperations": {}, "extraordinaryItems": {}, "effectOfAccountingCharges": {}, "otherItems": {}, "netIncome": -33205160000, "netIncomeApplicableToCommonShares": -33205160000}, {"maxAge": 1, "endDate": "2018-03-31", "totalRevenue": 20543931000, "costOfRevenue": 11934716000, "grossProfit": 8609215000, "researchDevelopment": {}, "sellingGeneralAdministrative": 1321515000, "nonRecurring": {}, "otherOperatingExpenses": 1688265000, "totalOperatingExpenses": 18941810000, "operatingIncome": 1602121000, "totalOtherIncomeExpenseNet": -18099285000, "ebit": 1602121000, "interestExpense": -19338017000, "incomeBeforeTax": -16497164000, "incomeTaxExpense": 137624000, "minorityInterest": 18846000, "netIncomeFromContinuingOps": -16634788000, "discontinuedOperations": {}, "extraordinaryItems": {}, "effectOfAccountingCharges": {}, "otherItems": {}, "netIncome": -16631874000, "netIncomeApplicableToCommonShares": -16631874000}, {"maxAge": 1, "endDate": "2017-03-31", "totalRevenue": 13905156000, "costOfRevenue": 4671215000, "grossProfit": 9233941000, "researchDevelopment": {}, "sellingGeneralAdministrative": 1204627000, "nonRecurring": {}, "otherOperatingExpenses": 887966000, "totalOperatingExpenses": 9298957000, "operatingIncome": 4606199000, "totalOtherIncomeExpenseNet": -10845512000, "ebit": 4606199000, "interestExpense": -12221536000, "incomeBeforeTax": -6239313000, "incomeTaxExpense": 66415000, "minorityInterest": 21760000, "netIncomeFromContinuingOps": -6305728000, "discontinuedOperations": {}, "extraordinaryItems": {}, "effectOfAccountingCharges": {}, "otherItems": {}, "netIncome": -6303093000, "netIncomeApplicableToCommonShares": -6303093000}], "maxAge": 86400}, "fundOwnership": {"ownershipList": [], "maxAge": 1}, "summaryDetail": {"maxAge": 1, "priceHint": 4, "previousClose": 2.62, "open": 2.62, "dayLow": 2.55, "dayHigh": 2.75, "regularMarketPreviousClose": 2.62, "regularMarketOpen": 2.62, "regularMarketDayLow": 2.55, "regularMarketDayHigh": 2.75, "trailingPE": 5.5151515, "volume": 7933536, "regularMarketVolume": 7933536, "averageVolume": 17818803, "averageVolume10days": 4490064, "averageDailyVolume10Day": 4490064, "bid": 2.72, "ask": 2.73, "bidSize": 0, "askSize": 0, "marketCap": 8041024000, "fiftyTwoWeekLow": 1.08, "fiftyTwoWeekHigh": 4.48, "fiftyDayAverage": 2.9242425, "twoHundredDayAverage": 2.6067648, "currency": "INR", "fromCurrency": null, "lastMarket": null, "algorithm": null, "tradeable": false}, "sectorTrend": {"maxAge": 1, "symbol": null, "estimates": []}, "incomeStatementHistoryQuarterly": {"incomeStatementHistory": [{"maxAge": 1, "endDate": "2020-06-30", "totalRevenue": 1957400000, "costOfRevenue": 111400000, "grossProfit": 1846000000, "researchDevelopment": {}, "sellingGeneralAdministrative": 304500000, "nonRecurring": {}, "otherOperatingExpenses": 243200000, "totalOperatingExpenses": 1708600000, "operatingIncome": 248800000, "totalOtherIncomeExpenseNet": -4756600000, "ebit": 248800000, "interestExpense": -5479900000, "incomeBeforeTax": -4507800000, "incomeTaxExpense": 0, "minorityInterest": {}, "netIncomeFromContinuingOps": -4507800000, "discontinuedOperations": {}, "extraordinaryItems": {}, "effectOfAccountingCharges": {}, "otherItems": {}, "netIncome": -4507100000, "netIncomeApplicableToCommonShares": -4507100000}, {"maxAge": 1, "endDate": "2020-03-31", "totalRevenue": 2943346000, "costOfRevenue": 971597000, "grossProfit": 1971749000, "researchDevelopment": {}, "sellingGeneralAdministrative": 368207000, "nonRecurring": {}, "otherOperatingExpenses": 887817000, "totalOperatingExpenses": 3270444000, "operatingIncome": -327098000, "totalOtherIncomeExpenseNet": -4790552000, "ebit": -327098000, "interestExpense": -5082479000, "incomeBeforeTax": -5117650000, "incomeTaxExpense": 0, "minorityInterest": -36024000, "netIncomeFromContinuingOps": -5117650000, "discontinuedOperations": {}, "extraordinaryItems": {}, "effectOfAccountingCharges": {}, "otherItems": {}, "netIncome": -5117271000, "netIncomeApplicableToCommonShares": -5117271000}, {"maxAge": 1, "endDate": "2019-12-31", "totalRevenue": 3717900000, "costOfRevenue": 1623800000, "grossProfit": 2094100000, "researchDevelopment": {}, "sellingGeneralAdministrative": 326000000, "nonRecurring": {}, "otherOperatingExpenses": 1145600000, "totalOperatingExpenses": 4145100000, "operatingIncome": -427200000, "totalOtherIncomeExpenseNet": 17005300000, "ebit": -427200000, "interestExpense": -9935000000, "incomeBeforeTax": 16578100000, "incomeTaxExpense": 0, "minorityInterest": -36024000, "netIncomeFromContinuingOps": 16578100000, "discontinuedOperations": {}, "extraordinaryItems": {}, "effectOfAccountingCharges": {}, "otherItems": {}, "netIncome": 16578500000, "netIncomeApplicableToCommonShares": 16578500000}, {"maxAge": 1, "endDate": "2019-09-30", "totalRevenue": 5469100000, "costOfRevenue": 3055300000, "grossProfit": 2413800000, "researchDevelopment": {}, "sellingGeneralAdministrative": 318500000, "nonRecurring": {}, "otherOperatingExpenses": 271600000, "totalOperatingExpenses": 4704200000, "operatingIncome": 764900000, "totalOtherIncomeExpenseNet": -5693100000, "ebit": 764900000, "interestExpense": -6298000000, "incomeBeforeTax": -4928200000, "incomeTaxExpense": 0, "minorityInterest": -35300000, "netIncomeFromContinuingOps": -4928200000, "discontinuedOperations": {}, "extraordinaryItems": {}, "effectOfAccountingCharges": {}, "otherItems": {}, "netIncome": -4927800000, "netIncomeApplicableToCommonShares": -4927800000}], "maxAge": 86400}, "cashflowStatementHistoryQuarterly": {"cashflowStatements": [{"maxAge": 1, "endDate": "2020-06-30", "netIncome": -4507100000, "changeToLiabilities": 0}, {"maxAge": 1, "endDate": "2020-03-31", "netIncome": -5117271000, "changeToLiabilities": 0}, {"maxAge": 1, "endDate": "2019-12-31", "netIncome": 16578500000, "changeToLiabilities": 0}, {"maxAge": 1, "endDate": "2019-09-30", "netIncome": -4927800000, "changeToLiabilities": 0}], "maxAge": 86400}, "insiderHolders": {"holders": [{"maxAge": 1, "name": "Government Pension Fund Global", "relation": "UNREPORTED", "url": "", "transactionDescription": "Sale", "latestTransDate": "2012-10-01", "positionDirect": 82388948, "positionDirectDate": "2012-10-01"}, {"maxAge": 1, "name": "IPL-PPSL Scheme Trust", "relation": "Promoter", "url": "", "transactionDescription": "Other", "latestTransDate": "2018-11-19", "positionDirect": 0, "positionDirectDate": "2018-11-19"}, {"maxAge": 1, "name": "Indiabulls Real Estate Ltd.", "relation": "Promoter", "url": "", "transactionDescription": "Sale", "latestTransDate": "2011-12-23", "positionDirect": 0, "positionDirectDate": "2011-12-23"}, {"maxAge": 1, "name": "Nagrare (Sanjay)", "relation": "Manager", "url": "", "transactionDescription": "Acquisition", "latestTransDate": "2011-04-01", "positionDirect": 70000, "positionDirectDate": "2011-04-01"}, {"maxAge": 1, "name": "RR Infralands Pvt Ltd", "relation": "Promoter", "url": "", "transactionDescription": "Other", "latestTransDate": "2020-03-24", "positionDirect": 430324169, "positionDirectDate": "2020-03-24"}, {"maxAge": 1, "name": "Yantra Energetics Pvt Ltd", "relation": "Institution- Corporation", "url": "", "transactionDescription": "Acquisition", "latestTransDate": "2015-04-01", "positionDirect": 82280147, "positionDirectDate": "2015-04-01"}], "maxAge": 1}, "earnings": {"maxAge": 86400, "earningsChart": {"quarterly": [], "earningsDate": []}, "financialsChart": {"yearly": [{"date": 2017, "revenue": 13905156000, "earnings": -6303093000}, {"date": 2018, "revenue": 20543931000, "earnings": -16631874000}, {"date": 2019, "revenue": 19236237000, "earnings": -33205160000}, {"date": 2020, "revenue": 17738846000, "earnings": 1653029000}], "quarterly": [{"date": "3Q2019", "revenue": 5469100000, "earnings": -4927800000}, {"date": "4Q2019", "revenue": 3717900000, "earnings": 16578500000}, {"date": "1Q2020", "revenue": 2943346000, "earnings": -5117271000}, {"date": "2Q2020", "revenue": 1957400000, "earnings": -4507100000}]}, "financialCurrency": "INR"}, "calendarEvents": {"maxAge": 1, "earnings": {"earningsDate": []}}, "upgradeDowngradeHistory": {"history": [], "maxAge": 86400}, "price": {"maxAge": 1, "regularMarketChangePercent": 0.041984785, "regularMarketChange": 0.11000013, "regularMarketTime": "2021-04-30 15:54:13", "priceHint": 4, "regularMarketPrice": 2.73, "regularMarketDayHigh": 2.75, "regularMarketDayLow": 2.55, "regularMarketVolume": 7933536, "averageDailyVolume10Day": 4490064, "averageDailyVolume3Month": 17818803, "regularMarketPreviousClose": 2.62, "regularMarketSource": "FREE_REALTIME", "regularMarketOpen": 2.62, "exchange": "BSE", "exchangeName": "BSE", "exchangeDataDelayedBy": 0, "marketState": "CLOSED", "quoteType": "EQUITY", "symbol": "RTNPOWER.BO", "underlyingSymbol": null, "shortName": "RATTANINDIA POWER LTD.", "longName": "RattanIndia Power Limited", "currency": "INR", "quoteSourceName": "Delayed Quote", "currencySymbol": "\u20b9", "fromCurrency": null, "lastMarket": null, "marketCap": 8041024000}, "balanceSheetHistory": {"balanceSheetStatements": [{"maxAge": 1, "endDate": "2020-03-31", "cash": 713372000, "netReceivables": 16826682000, "inventory": 6539885000, "otherCurrentAssets": 2913132000, "totalCurrentAssets": 29975759000, "longTermInvestments": 125058000, "propertyPlantEquipment": 159937964000, "intangibleAssets": 1345000, "otherAssets": 911894000, "deferredLongTermAssetCharges": 65000, "totalAssets": 190952020000, "accountsPayable": 113475000, "shortLongTermDebt": 18859662000, "otherCurrentLiab": 7687363000, "longTermDebt": 98585910000, "otherLiab": 14683855000, "minorityInterest": -36024000, "totalCurrentLiabilities": 73260703000, "totalLiab": 186692568000, "commonStock": 49397817000, "retainedEarnings": -69330623000, "treasuryStock": 5515852000, "capitalSurplus": 18712430000, "otherStockholderEquity": 5515852000, "totalStockholderEquity": 4295476000, "netTangibleAssets": 4294131000}, {"maxAge": 1, "endDate": "2019-03-31", "cash": 224901000, "netReceivables": 14286006000, "inventory": 4418592000, "otherCurrentAssets": 2607494000, "totalCurrentAssets": 23599140000, "longTermInvestments": 311442000, "propertyPlantEquipment": 169458923000, "intangibleAssets": 3012000, "otherAssets": 1034318000, "deferredLongTermAssetCharges": 65000, "totalAssets": 194406835000, "accountsPayable": 135255000, "shortLongTermDebt": 26965822000, "otherCurrentLiab": 7766708000, "longTermDebt": 99026105000, "otherLiab": 12125323000, "minorityInterest": -34545000, "totalCurrentLiabilities": 90727340000, "totalLiab": 202025395000, "commonStock": 29529334000, "retainedEarnings": -68206822000, "treasuryStock": 5516247000, "capitalSurplus": 25577226000, "otherStockholderEquity": 5516247000, "totalStockholderEquity": -7584015000, "netTangibleAssets": -7587027000}, {"maxAge": 1, "endDate": "2018-03-31", "cash": 1491439000, "shortTermInvestments": 100702000, "netReceivables": 15612931000, "inventory": 1529952000, "otherCurrentAssets": 9393426000, "totalCurrentAssets": 28259472000, "longTermInvestments": 422618000, "propertyPlantEquipment": 172933954000, "goodWill": 3123000, "intangibleAssets": 4648000, "otherAssets": 12075878000, "deferredLongTermAssetCharges": 65000, "totalAssets": 213699693000, "accountsPayable": 450085000, "shortLongTermDebt": 19711813000, "otherCurrentLiab": 11950559000, "longTermDebt": 110673483000, "otherLiab": 9858717000, "minorityInterest": 18846000, "totalCurrentLiabilities": 68018013000, "totalLiab": 188696840000, "commonStock": 29529334000, "retainedEarnings": -35054944000, "treasuryStock": 4932391000, "capitalSurplus": 25577226000, "otherStockholderEquity": 5007391000, "totalStockholderEquity": 24984007000, "netTangibleAssets": 24976236000}, {"maxAge": 1, "endDate": "2017-03-31", "cash": 2763107000, "shortTermInvestments": 700000000, "netReceivables": 10053782000, "inventory": 833761000, "otherCurrentAssets": 9252597000, "totalCurrentAssets": 23686194000, "longTermInvestments": 494835000, "propertyPlantEquipment": 171306367000, "goodWill": 3123000, "intangibleAssets": 12774000, "otherAssets": 16570679000, "deferredLongTermAssetCharges": 167767000, "totalAssets": 212073972000, "accountsPayable": 532294000, "shortLongTermDebt": 9316498000, "otherCurrentLiab": 10648843000, "longTermDebt": 121206755000, "otherLiab": 8035550000, "minorityInterest": 21760000, "totalCurrentLiabilities": 41975955000, "totalLiab": 171364888000, "commonStock": 29529334000, "retainedEarnings": -18524691000, "treasuryStock": 4105455000, "capitalSurplus": 25577226000, "otherStockholderEquity": 5180455000, "totalStockholderEquity": 40687324000, "netTangibleAssets": 40671427000}], "maxAge": 86400}, "earningsTrend": {"trend": [{"maxAge": 1, "period": "0q", "endDate": null, "growth": {}, "earningsEstimate": {"avg": 0.0, "low": 0.0, "high": 0.0, "yearAgoEps": {}, "numberOfAnalysts": 0, "growth": {}}, "revenueEstimate": {"avg": 0, "low": 0, "high": 0, "numberOfAnalysts": 0, "yearAgoRevenue": {}, "growth": {}}, "epsTrend": {"current": 0.0, "7daysAgo": 0.0, "30daysAgo": 0.0, "60daysAgo": 0.0, "90daysAgo": 0.0}, "epsRevisions": {"upLast7days": 0, "upLast30days": 0, "downLast30days": 0, "downLast90days": {}}}, {"maxAge": 1, "period": "+1q", "endDate": null, "growth": {}, "earningsEstimate": {"avg": 0.0, "low": 0.0, "high": 0.0, "yearAgoEps": {}, "numberOfAnalysts": 0, "growth": {}}, "revenueEstimate": {"avg": 0, "low": 0, "high": 0, "numberOfAnalysts": 0, "yearAgoRevenue": {}, "growth": {}}, "epsTrend": {"current": 0.0, "7daysAgo": 0.0, "30daysAgo": 0.0, "60daysAgo": 0.0, "90daysAgo": 0.0}, "epsRevisions": {"upLast7days": 0, "upLast30days": 0, "downLast30days": 0, "downLast90days": {}}}, {"maxAge": 1, "period": "0y", "endDate": null, "growth": {}, "earningsEstimate": {"avg": 0.0, "low": 0.0, "high": 0.0, "yearAgoEps": {}, "numberOfAnalysts": 0, "growth": {}}, "revenueEstimate": {"avg": 0, "low": 0, "high": 0, "numberOfAnalysts": 0, "yearAgoRevenue": {}, "growth": {}}, "epsTrend": {"current": 0.0, "7daysAgo": 0.0, "30daysAgo": 0.0, "60daysAgo": 0.0, "90daysAgo": 0.0}, "epsRevisions": {"upLast7days": 0, "upLast30days": 0, "downLast30days": 0, "downLast90days": {}}}, {"maxAge": 1, "period": "+1y", "endDate": null, "growth": {}, "earningsEstimate": {"avg": 0.0, "low": 0.0, "high": 0.0, "yearAgoEps": {}, "numberOfAnalysts": 0, "growth": {}}, "revenueEstimate": {"avg": 0, "low": 0, "high": 0, "numberOfAnalysts": 0, "yearAgoRevenue": {}, "growth": {}}, "epsTrend": {"current": 0.0, "7daysAgo": 0.0, "30daysAgo": 0.0, "60daysAgo": 0.0, "90daysAgo": 0.0}, "epsRevisions": {"upLast7days": 0, "upLast30days": 0, "downLast30days": 0, "downLast90days": {}}}, {"maxAge": 1, "period": "+5y", "endDate": null, "growth": 1.224, "earningsEstimate": {"avg": {}, "low": {}, "high": {}, "yearAgoEps": {}, "numberOfAnalysts": {}, "growth": {}}, "revenueEstimate": {"avg": {}, "low": {}, "high": {}, "numberOfAnalysts": {}, "yearAgoRevenue": {}, "growth": {}}, "epsTrend": {"current": {}, "7daysAgo": {}, "30daysAgo": {}, "60daysAgo": {}, "90daysAgo": {}}, "epsRevisions": {"upLast7days": {}, "upLast30days": {}, "downLast30days": {}, "downLast90days": {}}}, {"maxAge": 1, "period": "-5y", "endDate": null, "growth": {}, "earningsEstimate": {"avg": {}, "low": {}, "high": {}, "yearAgoEps": {}, "numberOfAnalysts": {}, "growth": {}}, "revenueEstimate": {"avg": {}, "low": {}, "high": {}, "numberOfAnalysts": {}, "yearAgoRevenue": {}, "growth": {}}, "epsTrend": {"current": {}, "7daysAgo": {}, "30daysAgo": {}, "60daysAgo": {}, "90daysAgo": {}}, "epsRevisions": {"upLast7days": {}, "upLast30days": {}, "downLast30days": {}, "downLast90days": {}}}], "maxAge": 1}, "financialData": {"maxAge": 86400, "currentPrice": 2.73, "targetHighPrice": 15.0, "targetLowPrice": 15.0, "targetMeanPrice": 15.0, "targetMedianPrice": 15.0, "recommendationKey": "none", "numberOfAnalystOpinions": 1, "grossProfits": 8642749000, "financialCurrency": "INR"}}}