{"RTSPOWR.BO": {"cashflowStatementHistory": {"cashflowStatements": [{"maxAge": 1, "endDate": "2019-03-31", "netIncome": 55028000, "depreciation": 21308000, "changeToNetincome": 60676000, "changeToAccountReceivables": 352608000, "changeToLiabilities": -380438000, "changeToInventory": 36614000, "changeToOperatingActivities": 39652000, "totalCashFromOperatingActivities": 185451000, "capitalExpenditures": -8329000, "investments": -35952000, "otherCashflowsFromInvestingActivities": 51041000, "totalCashflowsFromInvestingActivities": 6760000, "netBorrowings": -89192000, "otherCashflowsFromFinancingActivities": -84218000, "totalCashFromFinancingActivities": -139410000, "changeInCash": 52801000, "issuanceOfStock": 34000000}, {"maxAge": 1, "endDate": "2018-03-31", "netIncome": 41822000, "depreciation": 20249000, "changeToNetincome": 80552000, "changeToAccountReceivables": -496820000, "changeToLiabilities": 398254000, "changeToInventory": 32112000, "changeToOperatingActivities": -10241000, "totalCashFromOperatingActivities": 65952000, "capitalExpenditures": -16543000, "investments": -20787000, "otherCashflowsFromInvestingActivities": 16612000, "totalCashflowsFromInvestingActivities": -20718000, "netBorrowings": 29948000, "otherCashflowsFromFinancingActivities": -84192000, "totalCashFromFinancingActivities": -54244000, "changeInCash": -9010000, "issuanceOfStock": 34000000}, {"maxAge": 1, "endDate": "2017-03-31", "netIncome": 14941758, "depreciation": 20180632, "changeToNetincome": 50429078, "changeToAccountReceivables": -28486733, "changeToLiabilities": 157236154, "changeToInventory": -125611360, "changeToOperatingActivities": 8147471, "totalCashFromOperatingActivities": 96940163, "capitalExpenditures": -5322754, "investments": -14688737, "otherCashflowsFromInvestingActivities": -7078908, "totalCashflowsFromInvestingActivities": -27090399, "netBorrowings": -3595826, "otherCashflowsFromFinancingActivities": -64475993, "totalCashFromFinancingActivities": -68071819, "changeInCash": 1777945, "issuanceOfStock": 34000000}, {"maxAge": 1, "endDate": "2016-03-31", "netIncome": 15603800, "depreciation": 15673911, "changeToNetincome": 40765601, "changeToAccountReceivables": 377174413, "changeToLiabilities": -499926761, "changeToInventory": 77413205, "changeToOperatingActivities": 8147471, "totalCashFromOperatingActivities": 26704169, "capitalExpenditures": -5924361, "investments": -2076323, "otherCashflowsFromInvestingActivities": 18703089, "totalCashflowsFromInvestingActivities": 50906112, "netBorrowings": -154110734, "otherCashflowsFromFinancingActivities": -73654484, "totalCashFromFinancingActivities": -152765218, "changeInCash": -75154937, "issuanceOfStock": 34000000}], "maxAge": 86400}, "institutionOwnership": {"maxAge": 1, "ownershipList": []}, "balanceSheetHistoryQuarterly": {"balanceSheetStatements": [{"maxAge": 1, "endDate": "2019-12-31", "totalStockholderEquity": 1169117000, "netTangibleAssets": 1168245000}, {"maxAge": 1, "endDate": "2019-09-30", "cash": 74629000, "shortTermInvestments": 82107000, "netReceivables": 442179000, "inventory": 260604000, "otherCurrentAssets": 34714000, "totalCurrentAssets": 894233000, "longTermInvestments": 39156000, "propertyPlantEquipment": 886976000, "intangibleAssets": 872000, "otherAssets": 10839000, "totalAssets": 1832076000, "accountsPayable": 166587000, "otherCurrentLiab": 25109000, "longTermDebt": 36782000, "otherLiab": 278941000, "totalCurrentLiabilities": 347236000, "totalLiab": 662959000, "commonStock": 91685000, "treasuryStock": 1077432000, "otherStockholderEquity": 1077432000, "totalStockholderEquity": 1169117000, "netTangibleAssets": 1168245000}, {"maxAge": 1, "endDate": "2019-06-30", "totalStockholderEquity": 1131476000, "netTangibleAssets": 1131401000}, {"maxAge": 1, "endDate": "2019-03-31", "cash": 63387000, "netReceivables": 741667000, "inventory": 356381000, "otherCurrentAssets": 74498000, "totalCurrentAssets": 1290333000, "longTermInvestments": 21755000, "propertyPlantEquipment": 866266000, "intangibleAssets": 75000, "otherAssets": 23618000, "totalAssets": 2202047000, "accountsPayable": 435171000, "shortLongTermDebt": 2297000, "otherCurrentLiab": 15755000, "longTermDebt": 5167000, "otherLiab": 282725000, "totalCurrentLiabilities": 782679000, "totalLiab": 1070571000, "commonStock": 91685000, "retainedEarnings": 672156000, "treasuryStock": 89349000, "capitalSurplus": 278286000, "otherStockholderEquity": 89349000, "totalStockholderEquity": 1131476000, "netTangibleAssets": 1131401000}], "maxAge": 86400}, "indexTrend": {"maxAge": 1, "symbol": "SP5", "peRatio": 19.7411, "pegRatio": 1.34172, "estimates": [{"period": "0q", "growth": 0.549}, {"period": "+1q", "growth": 0.431}, {"period": "0y", "growth": 0.305}, {"period": "+1y", "growth": 0.109}, {"period": "+5y", "growth": 0.120859005}, {"period": "-5y"}]}, "insiderTransactions": {"transactions": [{"maxAge": 1, "shares": 42952, "value": 21690, "filerUrl": "", "transactionText": "Acquisition at price 0.51 per share.", "filerName": "Bhutoria Investments Pvt Ltd", "filerRelation": "Institution- Corporation", "moneyText": "", "startDate": "2020-09-30", "ownership": "D"}, {"maxAge": 1, "shares": 26888, "value": 13064, "filerUrl": "", "transactionText": "Acquisition at price 0.49 per share.", "filerName": "Bhutoria (Bhanwarlal) HUF", "filerRelation": "Promoter", "moneyText": "", "startDate": "2020-09-29", "ownership": "D"}, {"maxAge": 1, "shares": 300, "value": 146, "filerUrl": "", "transactionText": "Acquisition at price 0.49 per share.", "filerName": "Bhutoria (Rachna)", "filerRelation": "Promoter", "moneyText": "", "startDate": "2020-09-29", "ownership": "D"}, {"maxAge": 1, "shares": 40695, "value": 20054, "filerUrl": "", "transactionText": "Acquisition at price 0.49 per share.", "filerName": "Bhutoria Investments Pvt Ltd", "filerRelation": "Promoter", "moneyText": "", "startDate": "2020-09-29", "ownership": "D"}, {"maxAge": 1, "shares": 13500, "value": 6457, "filerUrl": "", "transactionText": "Acquisition at price 0.48 per share.", "filerName": "Bhutoria (Bhanwarlal) HUF", "filerRelation": "Promoter", "moneyText": "", "startDate": "2020-09-28", "ownership": "D"}, {"maxAge": 1, "shares": 15597, "value": 7436, "filerUrl": "", "transactionText": "Acquisition at price 0.48 per share.", "filerName": "Bhutoria (Rachna)", "filerRelation": "Promoter", "moneyText": "", "startDate": "2020-09-28", "ownership": "D"}, {"maxAge": 1, "shares": 13649, "value": 6510, "filerUrl": "", "transactionText": "Acquisition at price 0.48 per share.", "filerName": "Bhutoria Investments Pvt Ltd", "filerRelation": "Promoter", "moneyText": "", "startDate": "2020-09-28", "ownership": "D"}, {"maxAge": 1, "shares": 9800, "value": 4559, "filerUrl": "", "transactionText": "Acquisition at price 0.47 per share.", "filerName": "Bhutoria (Bhanwarlal) HUF", "filerRelation": "UNREPORTED", "moneyText": "", "startDate": "2020-09-25", "ownership": "D"}, {"maxAge": 1, "shares": 8800, "value": 4091, "filerUrl": "", "transactionText": "Acquisition at price 0.46 per share.", "filerName": "Bhutoria (Rachna)", "filerRelation": "Promoter", "moneyText": "", "startDate": "2020-09-25", "ownership": "D"}, {"maxAge": 1, "shares": 14243, "value": 6630, "filerUrl": "", "transactionText": "Acquisition at price 0.47 per share.", "filerName": "Bhutoria Investments Pvt Ltd", "filerRelation": "Promoter", "moneyText": "", "startDate": "2020-09-25", "ownership": "D"}, {"maxAge": 1, "shares": 4100, "value": 1793, "filerUrl": "", "transactionText": "Acquisition at price 0.44 per share.", "filerName": "Bhutoria (Rachna)", "filerRelation": "Promoter", "moneyText": "", "startDate": "2020-09-24", "ownership": "D"}, {"maxAge": 1, "shares": 6600, "value": 2882, "filerUrl": "", "transactionText": "Acquisition at price 0.44 per share.", "filerName": "Bhutoria (Bhanwarlal) HUF", "filerRelation": "UNREPORTED", "moneyText": "", "startDate": "2020-09-24", "ownership": "D"}, {"maxAge": 1, "shares": 9300, "value": 4062, "filerUrl": "", "transactionText": "Acquisition at price 0.44 per share.", "filerName": "Bhutoria Investments Pvt Ltd", "filerRelation": "Promoter", "moneyText": "", "startDate": "2020-09-24", "ownership": "D"}, {"maxAge": 1, "shares": 10000, "value": 4338, "filerUrl": "", "transactionText": "Acquisition at price 0.43 per share.", "filerName": "Bhutoria Investments Pvt Ltd", "filerRelation": "Promoter", "moneyText": "", "startDate": "2020-09-23", "ownership": "D"}], "maxAge": 1}, "quoteType": {"exchange": "BSE", "quoteType": "EQUITY", "symbol": "RTSPOWR.BO", "underlyingSymbol": "RTSPOWR.BO", "shortName": "RTS POWER CORPORATION LTD.", "longName": "RTS Power Corporation Limited", "firstTradeDateEpochUtc": "2002-08-19 09:15:00", "timeZoneFullName": "Asia/Kolkata", "timeZoneShortName": "IST", "uuid": "5d90a961-a6ca-3a45-9de3-51edcbb3fd91", "messageBoardId": null, "gmtOffSetMilliseconds": 19800000, "maxAge": 1}, "incomeStatementHistory": {"incomeStatementHistory": [{"maxAge": 1, "endDate": "2019-03-31", "totalRevenue": 2517172000, "costOfRevenue": 1903994000, "grossProfit": 613178000, "researchDevelopment": {}, "sellingGeneralAdministrative": 34152000, "nonRecurring": {}, "otherOperatingExpenses": 412226000, "totalOperatingExpenses": 2368688000, "operatingIncome": 148484000, "totalOtherIncomeExpenseNet": -68805000, "ebit": 148484000, "interestExpense": -117196000, "incomeBeforeTax": 79679000, "incomeTaxExpense": 24651000, "minorityInterest": {}, "netIncomeFromContinuingOps": 55028000, "discontinuedOperations": {}, "extraordinaryItems": {}, "effectOfAccountingCharges": {}, "otherItems": {}, "netIncome": 55028000, "netIncomeApplicableToCommonShares": 55028000}, {"maxAge": 1, "endDate": "2018-03-31", "totalRevenue": 2131817000, "costOfRevenue": 1589192000, "grossProfit": 542625000, "researchDevelopment": {}, "sellingGeneralAdministrative": 31074000, "nonRecurring": {}, "otherOperatingExpenses": 371727000, "totalOperatingExpenses": 2009271000, "operatingIncome": 122546000, "totalOtherIncomeExpenseNet": -64891000, "ebit": 122546000, "interestExpense": -65461000, "incomeBeforeTax": 57655000, "incomeTaxExpense": 15833000, "minorityInterest": {}, "netIncomeFromContinuingOps": 41822000, "discontinuedOperations": {}, "extraordinaryItems": {}, "effectOfAccountingCharges": {}, "otherItems": {}, "netIncome": 41822000, "netIncomeApplicableToCommonShares": 41822000}, {"maxAge": 1, "endDate": "2017-03-31", "totalRevenue": 1207168673, "costOfRevenue": 821200394, "grossProfit": 385968279, "researchDevelopment": {}, "sellingGeneralAdministrative": 30266231, "nonRecurring": {}, "otherOperatingExpenses": 272876989, "totalOperatingExpenses": 1141555545, "operatingIncome": 65613128, "totalOtherIncomeExpenseNet": -47856838, "ebit": 65613128, "interestExpense": -50974768, "incomeBeforeTax": 17756290, "incomeTaxExpense": 2814532, "minorityInterest": {}, "netIncomeFromContinuingOps": 14941758, "discontinuedOperations": {}, "extraordinaryItems": {}, "effectOfAccountingCharges": {}, "otherItems": {}, "netIncome": 14941758, "netIncomeApplicableToCommonShares": 14941758}, {"maxAge": 1, "endDate": "2016-03-31", "totalRevenue": 1403074966, "costOfRevenue": 1035668109, "grossProfit": 367406857, "researchDevelopment": {}, "sellingGeneralAdministrative": 28444352, "nonRecurring": {}, "otherOperatingExpenses": 272407115, "totalOperatingExpenses": 1352193487, "operatingIncome": 50881479, "totalOtherIncomeExpenseNet": -29442679, "ebit": 50881479, "interestExpense": -63243613, "incomeBeforeTax": 21438800, "incomeTaxExpense": 5835000, "minorityInterest": {}, "netIncomeFromContinuingOps": 15603800, "discontinuedOperations": {}, "extraordinaryItems": {}, "effectOfAccountingCharges": {}, "otherItems": {}, "netIncome": 15603800, "netIncomeApplicableToCommonShares": 15603800}], "maxAge": 86400}, "fundOwnership": {"maxAge": 1, "ownershipList": []}, "summaryDetail": {"maxAge": 1, "priceHint": 2, "previousClose": 44.25, "open": 44.1, "dayLow": 43.95, "dayHigh": 44.5, "regularMarketPreviousClose": 44.25, "regularMarketOpen": 44.1, "regularMarketDayLow": 43.95, "regularMarketDayHigh": 44.5, "trailingPE": 6.604623, "volume": 13557, "regularMarketVolume": 13557, "averageVolume": 19127, "averageVolume10days": 10825, "averageDailyVolume10Day": 10825, "bid": 43.7, "ask": 44.0, "bidSize": 0, "askSize": 0, "marketCap": 403414016, "fiftyTwoWeekLow": 18.35, "fiftyTwoWeekHigh": 59.6, "fiftyDayAverage": 49.08143, "twoHundredDayAverage": 36.991608, "currency": "INR", "fromCurrency": null, "toCurrency": null, "lastMarket": null, "algorithm": null, "tradeable": false}, "incomeStatementHistoryQuarterly": {"incomeStatementHistory": [{"maxAge": 1, "endDate": "2019-12-31", "totalRevenue": 200022000, "costOfRevenue": 142379000, "grossProfit": 57643000, "researchDevelopment": {}, "sellingGeneralAdministrative": 9174000, "nonRecurring": {}, "otherOperatingExpenses": 31286000, "totalOperatingExpenses": 186282000, "operatingIncome": 13740000, "totalOtherIncomeExpenseNet": 1713000, "ebit": 13740000, "interestExpense": -4443000, "incomeBeforeTax": 15453000, "incomeTaxExpense": 3092000, "minorityInterest": {}, "netIncomeFromContinuingOps": 12361000, "discontinuedOperations": {}, "extraordinaryItems": {}, "effectOfAccountingCharges": {}, "otherItems": {}, "netIncome": 12361000, "netIncomeApplicableToCommonShares": 12361000}, {"maxAge": 1, "endDate": "2019-09-30", "totalRevenue": 259839000, "costOfRevenue": 219294000, "grossProfit": 40545000, "researchDevelopment": {}, "sellingGeneralAdministrative": 8595000, "nonRecurring": {}, "otherOperatingExpenses": 19466000, "totalOperatingExpenses": 254486000, "operatingIncome": 5353000, "totalOtherIncomeExpenseNet": -1742000, "ebit": 5353000, "interestExpense": -6094000, "incomeBeforeTax": 3611000, "incomeTaxExpense": 572000, "minorityInterest": {}, "netIncomeFromContinuingOps": 3039000, "discontinuedOperations": {}, "extraordinaryItems": {}, "effectOfAccountingCharges": {}, "otherItems": {}, "netIncome": 3039000, "netIncomeApplicableToCommonShares": 3039000}, {"maxAge": 1, "endDate": "2019-06-30", "totalRevenue": 444409000, "costOfRevenue": 288930000, "grossProfit": 155479000, "researchDevelopment": {}, "sellingGeneralAdministrative": 9130000, "nonRecurring": {}, "otherOperatingExpenses": 86196000, "totalOperatingExpenses": 391306000, "operatingIncome": 53103000, "totalOtherIncomeExpenseNet": -6059000, "ebit": 53103000, "interestExpense": -11365000, "incomeBeforeTax": 47044000, "incomeTaxExpense": 12368000, "minorityInterest": {}, "netIncomeFromContinuingOps": 34676000, "discontinuedOperations": {}, "extraordinaryItems": {}, "effectOfAccountingCharges": {}, "otherItems": {}, "netIncome": 34676000, "netIncomeApplicableToCommonShares": 34676000}, {"maxAge": 1, "endDate": "2019-03-31", "totalRevenue": 681556000, "costOfRevenue": 525824000, "grossProfit": 155732000, "researchDevelopment": {}, "sellingGeneralAdministrative": 11059000, "nonRecurring": {}, "otherOperatingExpenses": 111230000, "totalOperatingExpenses": 650543000, "operatingIncome": 31013000, "totalOtherIncomeExpenseNet": -14502000, "ebit": 31013000, "interestExpense": -47404000, "incomeBeforeTax": 16511000, "incomeTaxExpense": 6921000, "minorityInterest": {}, "netIncomeFromContinuingOps": 9590000, "discontinuedOperations": {}, "extraordinaryItems": {}, "effectOfAccountingCharges": {}, "otherItems": {}, "netIncome": 9590000, "netIncomeApplicableToCommonShares": 9590000}], "maxAge": 86400}, "cashflowStatementHistoryQuarterly": {"cashflowStatements": [{"maxAge": 1, "endDate": "2019-12-31", "netIncome": 12361000, "changeToLiabilities": 0}, {"maxAge": 1, "endDate": "2019-09-30", "netIncome": 3039000, "changeToLiabilities": 0}, {"maxAge": 1, "endDate": "2019-06-30", "netIncome": 34676000, "changeToLiabilities": 0}, {"maxAge": 1, "endDate": "2019-03-31", "netIncome": 9590000, "changeToLiabilities": 0}], "maxAge": 86400}, "insiderHolders": {"holders": [{"maxAge": 1, "name": "Bhutoria (Bhanwarlal) HUF", "relation": "Promoter", "url": "", "transactionDescription": "Acquisition", "latestTransDate": "2020-09-29", "positionDirect": 56788, "positionDirectDate": "2020-09-29"}, {"maxAge": 1, "name": "Bhutoria (Rachna)", "relation": "Promoter", "url": "", "transactionDescription": "Acquisition", "latestTransDate": "2020-09-29", "positionDirect": 67597, "positionDirectDate": "2020-09-29"}, {"maxAge": 1, "name": "Bhutoria Investments Pvt Ltd", "relation": "Institution- Corporation", "url": "", "transactionDescription": "Acquisition", "latestTransDate": "2020-09-30", "positionDirect": 2429487, "positionDirectDate": "2020-09-30"}], "maxAge": 1}, "calendarEvents": {"maxAge": 1, "earnings": {"earningsDate": ["2020-09-15 05:30:S"]}}, "price": {"maxAge": 1, "regularMarketChangePercent": -0.0056497175, "regularMarketChange": -0.25, "regularMarketTime": "2021-04-30 15:27:44", "priceHint": 2, "regularMarketPrice": 44.0, "regularMarketDayHigh": 44.5, "regularMarketDayLow": 43.95, "regularMarketVolume": 13557, "averageDailyVolume10Day": 10825, "averageDailyVolume3Month": 19127, "regularMarketPreviousClose": 44.25, "regularMarketSource": "FREE_REALTIME", "regularMarketOpen": 44.1, "exchange": "BSE", "exchangeName": "BSE", "exchangeDataDelayedBy": 0, "marketState": "CLOSED", "quoteType": "EQUITY", "symbol": "RTSPOWR.BO", "underlyingSymbol": null, "shortName": "RTS POWER CORPORATION LTD.", "longName": "RTS Power Corporation Limited", "currency": "INR", "quoteSourceName": "Delayed Quote", "currencySymbol": "\u20b9", "fromCurrency": null, "toCurrency": null, "lastMarket": null, "marketCap": 403414016}, "balanceSheetHistory": {"balanceSheetStatements": [{"maxAge": 1, "endDate": "2019-03-31", "cash": 63387000, "netReceivables": 741667000, "inventory": 356381000, "otherCurrentAssets": 74498000, "totalCurrentAssets": 1290333000, "longTermInvestments": 21755000, "propertyPlantEquipment": 866266000, "intangibleAssets": 75000, "otherAssets": 23618000, "totalAssets": 2202047000, "accountsPayable": 435171000, "shortLongTermDebt": 2297000, "otherCurrentLiab": 15755000, "longTermDebt": 5167000, "otherLiab": 282725000, "totalCurrentLiabilities": 782679000, "totalLiab": 1070571000, "commonStock": 91685000, "retainedEarnings": 672156000, "treasuryStock": 89349000, "capitalSurplus": 278286000, "otherStockholderEquity": 89349000, "totalStockholderEquity": 1131476000, "netTangibleAssets": 1131401000}, {"maxAge": 1, "endDate": "2018-03-31", "cash": 10586000, "netReceivables": 1093597000, "inventory": 405169000, "otherCurrentAssets": 141359000, "totalCurrentAssets": 1665852000, "longTermInvestments": 20182000, "propertyPlantEquipment": 879244000, "intangibleAssets": 78000, "otherAssets": 14198000, "totalAssets": 2579554000, "accountsPayable": 793845000, "shortLongTermDebt": 2856000, "otherCurrentLiab": 19898000, "longTermDebt": 20992000, "otherLiab": 331496000, "totalCurrentLiabilities": 1185526000, "totalLiab": 1538014000, "commonStock": 81685000, "retainedEarnings": 692268000, "treasuryStock": 13301000, "capitalSurplus": 254286000, "otherStockholderEquity": 13301000, "totalStockholderEquity": 1041540000, "netTangibleAssets": 1041462000}, {"maxAge": 1, "endDate": "2017-03-31", "cash": 19596350, "netReceivables": 597356151, "inventory": 430686444, "otherCurrentAssets": 143268358, "totalCurrentAssets": 1191223056, "longTermInvestments": 14612276, "propertyPlantEquipment": 881945898, "intangibleAssets": 102580, "otherAssets": 21670144, "totalAssets": 2109553954, "accountsPayable": 435491411, "otherCurrentLiab": 16351191, "longTermDebt": 16691198, "otherLiab": 335155616, "totalCurrentLiabilities": 762976583, "totalLiab": 1114823397, "commonStock": 81685000, "retainedEarnings": 649042091, "treasuryStock": 9717966, "capitalSurplus": 254285500, "otherStockholderEquity": 9717966, "totalStockholderEquity": 994730557, "netTangibleAssets": 994627977}, {"maxAge": 1, "endDate": "2016-03-31", "cash": 74075430, "shortTermInvestments": 3507229, "netReceivables": 568252732, "inventory": 294573418, "otherCurrentAssets": 81630218, "totalCurrentAssets": 1022039027, "propertyPlantEquipment": 130481277, "otherAssets": 24798320, "totalAssets": 1177318624, "accountsPayable": 299892990, "shortLongTermDebt": 5560000, "otherCurrentLiab": 7168612, "longTermDebt": 6147812, "otherLiab": 14006216, "totalCurrentLiabilities": 614949925, "totalLiab": 635103953, "commonStock": 81685000, "retainedEarnings": 130646166, "treasuryStock": 598005, "capitalSurplus": 254285500, "otherStockholderEquity": 598005, "totalStockholderEquity": 467214671, "netTangibleAssets": 467214671}], "maxAge": 86400}, "financialData": {"maxAge": 86400, "currentPrice": 44.0, "recommendationKey": "none", "grossProfits": 613178000, "financialCurrency": "INR"}}}