{"RUBFILA.BO": {"recommendationTrend": {"trend": [{"period": "0m", "strongBuy": 0, "buy": 0, "hold": 0, "sell": 0, "strongSell": 0}, {"period": "-1m", "strongBuy": 0, "buy": 0, "hold": 0, "sell": 0, "strongSell": 0}, {"period": "-2m", "strongBuy": 0, "buy": 0, "hold": 0, "sell": 0, "strongSell": 0}, {"period": "-3m", "strongBuy": 0, "buy": 0, "hold": 0, "sell": 0, "strongSell": 0}], "maxAge": 86400}, "cashflowStatementHistory": {"cashflowStatements": [{"maxAge": 1, "endDate": "2020-03-31", "netIncome": 168744000, "depreciation": 61878000, "changeToNetincome": -10350000, "changeToAccountReceivables": 35354000, "changeToLiabilities": 123081000, "changeToInventory": -9898000, "totalCashFromOperatingActivities": 369433000, "capitalExpenditures": -305129000, "otherCashflowsFromInvestingActivities": 23087000, "totalCashflowsFromInvestingActivities": -431444000, "dividendsPaid": -56925000, "totalCashFromFinancingActivities": 62606000, "changeInCash": 595000, "issuanceOfStock": 119531000}, {"maxAge": 1, "endDate": "2019-03-31", "netIncome": 177012000, "depreciation": 31230000, "changeToNetincome": -23711000, "changeToAccountReceivables": 189594000, "changeToLiabilities": -20710000, "changeToInventory": 13824000, "totalCashFromOperatingActivities": 367356000, "capitalExpenditures": -265733000, "investments": -166838000, "otherCashflowsFromInvestingActivities": 39888000, "totalCashflowsFromInvestingActivities": -385153000, "dividendsPaid": -54514000, "totalCashFromFinancingActivities": 16736000, "changeInCash": -1061000, "issuanceOfStock": 71250000}, {"maxAge": 1, "endDate": "2018-03-31", "netIncome": 210752000, "depreciation": 35588000, "changeToNetincome": -29847000, "changeToAccountReceivables": -201456000, "changeToLiabilities": 63501000, "changeToInventory": -35866000, "totalCashFromOperatingActivities": 42708000, "capitalExpenditures": -148873000, "investments": -166838000, "otherCashflowsFromInvestingActivities": 39261000, "totalCashflowsFromInvestingActivities": -109612000, "dividendsPaid": -32413000, "netBorrowings": -3686000, "otherCashflowsFromFinancingActivities": -6849000, "totalCashFromFinancingActivities": 75802000, "changeInCash": 8898000, "issuanceOfStock": 118750000}, {"maxAge": 1, "endDate": "2017-03-31", "netIncome": 125227000, "depreciation": 29829000, "changeToNetincome": -20984000, "changeToAccountReceivables": -30174000, "changeToLiabilities": 5753000, "changeToInventory": 3585000, "totalCashFromOperatingActivities": 113367000, "capitalExpenditures": -135719000, "investments": -166838000, "otherCashflowsFromInvestingActivities": 27234000, "totalCashflowsFromInvestingActivities": -108485000, "dividendsPaid": -26009000, "netBorrowings": 3209000, "otherCashflowsFromFinancingActivities": -267000, "totalCashFromFinancingActivities": -23067000, "changeInCash": -18185000, "issuanceOfStock": 118750000}], "maxAge": 86400}, "institutionOwnership": {"maxAge": 1, "ownershipList": []}, "balanceSheetHistoryQuarterly": {"balanceSheetStatements": [{"maxAge": 1, "endDate": "2020-06-30", "totalStockholderEquity": 1546617000, "netTangibleAssets": 1542347000}, {"maxAge": 1, "endDate": "2020-03-31", "cash": 33163000, "netReceivables": 512271000, "inventory": 163186000, "otherCurrentAssets": 67206000, "totalCurrentAssets": 779031000, "propertyPlantEquipment": 1200926000, "goodWill": 3276000, "intangibleAssets": 994000, "otherAssets": 107181000, "totalAssets": 2091408000, "accountsPayable": 222748000, "otherCurrentLiab": 113652000, "otherLiab": 163979000, "totalCurrentLiabilities": 380809000, "totalLiab": 544788000, "commonStock": 247338000, "treasuryStock": 1299282000, "otherStockholderEquity": 1299282000, "totalStockholderEquity": 1546620000, "netTangibleAssets": 1542350000}, {"maxAge": 1, "endDate": "2019-12-31", "totalStockholderEquity": 1401184000, "netTangibleAssets": 1387012000}, {"maxAge": 1, "endDate": "2019-09-30", "cash": 107983000, "netReceivables": 547529000, "inventory": 144559000, "otherCurrentAssets": 43592000, "totalCurrentAssets": 843663000, "propertyPlantEquipment": 1041581000, "goodWill": 12851000, "intangibleAssets": 1321000, "otherAssets": 142203000, "totalAssets": 2041619000, "accountsPayable": 204821000, "otherCurrentLiab": 111290000, "otherLiab": 151955000, "minorityInterest": 157361000, "totalCurrentLiabilities": 331119000, "totalLiab": 483074000, "commonStock": 236088000, "treasuryStock": 1165096000, "otherStockholderEquity": 1165096000, "totalStockholderEquity": 1401184000, "netTangibleAssets": 1387012000}], "maxAge": 86400}, "earningsHistory": {"history": [{"maxAge": 1, "epsActual": {}, "epsEstimate": {}, "epsDifference": {}, "surprisePercent": {}, "quarter": {}, "period": "-4q"}, {"maxAge": 1, "epsActual": {}, "epsEstimate": {}, "epsDifference": {}, "surprisePercent": {}, "quarter": {}, "period": "-3q"}, {"maxAge": 1, "epsActual": {}, "epsEstimate": {}, "epsDifference": {}, "surprisePercent": {}, "quarter": {}, "period": "-2q"}, {"maxAge": 1, "epsActual": {}, "epsEstimate": {}, "epsDifference": {}, "surprisePercent": {}, "quarter": {}, "period": "-1q"}], "maxAge": 86400}, "indexTrend": {"maxAge": 1, "symbol": "SP5", "peRatio": 19.7411, "pegRatio": 1.34172, "estimates": [{"period": "0q", "growth": 0.549}, {"period": "+1q", "growth": 0.431}, {"period": "0y", "growth": 0.305}, {"period": "+1y", "growth": 0.109}, {"period": "+5y", "growth": 0.120859005}, {"period": "-5y"}]}, "industryTrend": {"maxAge": 1, "symbol": null, "estimates": []}, "insiderTransactions": {"transactions": [{"maxAge": 1, "shares": 1275000, "value": 577957, "filerUrl": "", "transactionText": "Other at price 0.45 per share.", "filerName": "Patel (Hardik Bharat)", "filerRelation": "Director", "moneyText": "", "startDate": "2020-09-24", "ownership": "D"}, {"maxAge": 1, "shares": 1275000, "value": 577957, "filerUrl": "", "transactionText": "Other at price 0.45 per share.", "filerName": "Patel (Ruchit B)", "filerRelation": "Promoter", "moneyText": "", "startDate": "2020-09-24", "ownership": "D"}, {"maxAge": 1, "shares": 7508, "filerUrl": "", "transactionText": "", "filerName": "Patel (Ruchit B)", "filerRelation": "Promoter", "moneyText": "", "startDate": "2020-03-30", "ownership": "D"}, {"maxAge": 1, "shares": 15939, "filerUrl": "", "transactionText": "", "filerName": "Patel (Ruchit B)", "filerRelation": "Promoter", "moneyText": "", "startDate": "2020-03-26", "ownership": "D"}, {"maxAge": 1, "shares": 2766, "filerUrl": "", "transactionText": "", "filerName": "Patel (Ruchit B)", "filerRelation": "Promoter", "moneyText": "", "startDate": "2020-03-17", "ownership": "D"}, {"maxAge": 1, "shares": 13037, "filerUrl": "", "transactionText": "", "filerName": "Patel (Ruchit B)", "filerRelation": "Promoter", "moneyText": "", "startDate": "2020-03-12", "ownership": "D"}, {"maxAge": 1, "shares": 3232, "filerUrl": "", "transactionText": "", "filerName": "Patel (Ruchit B)", "filerRelation": "Promoter", "moneyText": "", "startDate": "2020-03-02", "ownership": "D"}, {"maxAge": 1, "shares": 1125500, "filerUrl": "", "transactionText": "", "filerName": "Patel (Bharat Jayantilal)", "filerRelation": "Non Executive Chairman", "moneyText": "", "startDate": "2020-02-28", "ownership": "D"}, {"maxAge": 1, "shares": 9138525, "filerUrl": "", "transactionText": "", "filerName": "Patel (Minal Bharat)", "filerRelation": "Promoter", "moneyText": "", "startDate": "2020-02-28", "ownership": "D"}, {"maxAge": 1, "shares": 1706, "filerUrl": "", "transactionText": "", "filerName": "Patel (Ruchit B)", "filerRelation": "Promoter", "moneyText": "", "startDate": "2019-10-14", "ownership": "D"}, {"maxAge": 1, "shares": 10681, "filerUrl": "", "transactionText": "", "filerName": "Patel (Ruchit B)", "filerRelation": "Promoter", "moneyText": "", "startDate": "2019-10-11", "ownership": "D"}, {"maxAge": 1, "shares": 50000, "filerUrl": "", "transactionText": "", "filerName": "Patel (Ruchit B)", "filerRelation": "Promoter", "moneyText": "", "startDate": "2019-01-11", "ownership": "D"}, {"maxAge": 1, "shares": 123636, "filerUrl": "", "transactionText": "", "filerName": "Patel (Ruchit B)", "filerRelation": "Promoter", "moneyText": "", "startDate": "2018-11-19", "ownership": "D"}], "maxAge": 1}, "quoteType": {"exchange": "BSE", "quoteType": "EQUITY", "symbol": "RUBFILA.BO", "underlyingSymbol": "RUBFILA.BO", "shortName": "RUBFILA INTERNATIONAL LTD.", "longName": "Rubfila International Limited", "firstTradeDateEpochUtc": "2002-01-02 09:15:00", "timeZoneFullName": "Asia/Kolkata", "timeZoneShortName": "IST", "uuid": "844851aa-a3f2-3880-aa27-ee4f7d1f868f", "messageBoardId": null, "gmtOffSetMilliseconds": 19800000, "maxAge": 1}, "incomeStatementHistory": {"incomeStatementHistory": [{"maxAge": 1, "endDate": "2020-03-31", "totalRevenue": 2580078000, "costOfRevenue": 1881655000, "grossProfit": 698423000, "researchDevelopment": {}, "sellingGeneralAdministrative": 157188000, "nonRecurring": {}, "otherOperatingExpenses": 304237000, "totalOperatingExpenses": 2405582000, "operatingIncome": 174496000, "totalOtherIncomeExpenseNet": 50318000, "ebit": 174496000, "interestExpense": {}, "incomeBeforeTax": 224814000, "incomeTaxExpense": 56070000, "minorityInterest": {}, "netIncomeFromContinuingOps": 168744000, "discontinuedOperations": {}, "extraordinaryItems": {}, "effectOfAccountingCharges": {}, "otherItems": {}, "netIncome": 168744000, "netIncomeApplicableToCommonShares": 168744000}, {"maxAge": 1, "endDate": "2019-03-31", "totalRevenue": 2137421000, "costOfRevenue": 1572597000, "grossProfit": 564824000, "researchDevelopment": {}, "sellingGeneralAdministrative": 100045000, "nonRecurring": {}, "otherOperatingExpenses": 223026000, "totalOperatingExpenses": 1927015000, "operatingIncome": 210406000, "totalOtherIncomeExpenseNet": 29047000, "ebit": 210406000, "interestExpense": {}, "incomeBeforeTax": 239453000, "incomeTaxExpense": 62441000, "minorityInterest": {}, "netIncomeFromContinuingOps": 177012000, "discontinuedOperations": {}, "extraordinaryItems": {}, "effectOfAccountingCharges": {}, "otherItems": {}, "netIncome": 177012000, "netIncomeApplicableToCommonShares": 177012000}, {"maxAge": 1, "endDate": "2018-03-31", "totalRevenue": 2147639000, "costOfRevenue": 1531703000, "grossProfit": 615936000, "researchDevelopment": {}, "sellingGeneralAdministrative": 94486000, "nonRecurring": {}, "otherOperatingExpenses": 201305000, "totalOperatingExpenses": 1863118000, "operatingIncome": 284521000, "totalOtherIncomeExpenseNet": 40744000, "ebit": 284521000, "interestExpense": -1157000, "incomeBeforeTax": 325265000, "incomeTaxExpense": 114513000, "minorityInterest": {}, "netIncomeFromContinuingOps": 210752000, "discontinuedOperations": {}, "extraordinaryItems": {}, "effectOfAccountingCharges": {}, "otherItems": {}, "netIncome": 210752000, "netIncomeApplicableToCommonShares": 210752000}, {"maxAge": 1, "endDate": "2017-03-31", "totalRevenue": 1761117000, "costOfRevenue": 1305525000, "grossProfit": 455592000, "researchDevelopment": {}, "sellingGeneralAdministrative": 91312000, "nonRecurring": {}, "otherOperatingExpenses": 175628000, "totalOperatingExpenses": 1602425000, "operatingIncome": 158692000, "totalOtherIncomeExpenseNet": 34528000, "ebit": 158692000, "interestExpense": -999000, "incomeBeforeTax": 193220000, "incomeTaxExpense": 67993000, "minorityInterest": {}, "netIncomeFromContinuingOps": 125227000, "discontinuedOperations": {}, "extraordinaryItems": {}, "effectOfAccountingCharges": {}, "otherItems": {}, "netIncome": 125227000, "netIncomeApplicableToCommonShares": 125227000}], "maxAge": 86400}, "fundOwnership": {"maxAge": 1, "ownershipList": []}, "summaryDetail": {"maxAge": 1, "priceHint": 2, "previousClose": 68.0, "open": 69.4, "dayLow": 66.2, "dayHigh": 69.4, "regularMarketPreviousClose": 68.0, "regularMarketOpen": 69.4, "regularMarketDayLow": 66.2, "regularMarketDayHigh": 69.4, "trailingPE": 27.200813, "volume": 64995, "regularMarketVolume": 64995, "averageVolume": 40098, "averageVolume10days": 39927, "averageDailyVolume10Day": 39927, "bid": 66.6, "ask": 66.75, "bidSize": 0, "askSize": 0, "marketCap": 3487773440, "fiftyTwoWeekLow": 20.1, "fiftyTwoWeekHigh": 69.4, "fiftyDayAverage": 58.925713, "twoHundredDayAverage": 47.77263, "trailingAnnualDividendRate": 1.2, "trailingAnnualDividendYield": 0.01764706, "currency": "INR", "fromCurrency": null, "toCurrency": null, "lastMarket": null, "algorithm": null, "tradeable": false}, "sectorTrend": {"maxAge": 1, "symbol": null, "estimates": []}, "incomeStatementHistoryQuarterly": {"incomeStatementHistory": [{"maxAge": 1, "endDate": "2020-06-30", "totalRevenue": 426425000, "costOfRevenue": 272109000, "grossProfit": 154316000, "researchDevelopment": {}, "sellingGeneralAdministrative": 51787000, "nonRecurring": {}, "otherOperatingExpenses": 65861000, "totalOperatingExpenses": 405189000, "operatingIncome": 21236000, "totalOtherIncomeExpenseNet": 2313000, "ebit": 21236000, "interestExpense": -684000, "incomeBeforeTax": 23549000, "incomeTaxExpense": 11033000, "minorityInterest": {}, "netIncomeFromContinuingOps": 12516000, "discontinuedOperations": {}, "extraordinaryItems": {}, "effectOfAccountingCharges": {}, "otherItems": {}, "netIncome": 12516000, "netIncomeApplicableToCommonShares": 12516000}, {"maxAge": 1, "endDate": "2020-03-31", "totalRevenue": 660255000, "costOfRevenue": 466599000, "grossProfit": 193656000, "researchDevelopment": {}, "sellingGeneralAdministrative": 44785000, "nonRecurring": {}, "otherOperatingExpenses": 73259000, "totalOperatingExpenses": 646058000, "operatingIncome": 14197000, "totalOtherIncomeExpenseNet": 55118000, "ebit": 14197000, "interestExpense": -684000, "incomeBeforeTax": 69315000, "incomeTaxExpense": 21746000, "minorityInterest": {}, "netIncomeFromContinuingOps": 47569000, "discontinuedOperations": {}, "extraordinaryItems": {}, "effectOfAccountingCharges": {}, "otherItems": {}, "netIncome": 47569000, "netIncomeApplicableToCommonShares": 47569000}, {"maxAge": 1, "endDate": "2019-12-31", "totalRevenue": 708847000, "costOfRevenue": 512899000, "grossProfit": 195948000, "researchDevelopment": {}, "sellingGeneralAdministrative": 52767000, "nonRecurring": {}, "otherOperatingExpenses": 95131000, "totalOperatingExpenses": 669345000, "operatingIncome": 39502000, "totalOtherIncomeExpenseNet": 2890000, "ebit": 39502000, "interestExpense": -3940000, "incomeBeforeTax": 42392000, "incomeTaxExpense": 3627000, "minorityInterest": {}, "netIncomeFromContinuingOps": 38765000, "discontinuedOperations": {}, "extraordinaryItems": {}, "effectOfAccountingCharges": {}, "otherItems": {}, "netIncome": 38765000, "netIncomeApplicableToCommonShares": 38765000}, {"maxAge": 1, "endDate": "2019-09-30", "totalRevenue": 605415000, "costOfRevenue": 462543000, "grossProfit": 142872000, "researchDevelopment": {}, "sellingGeneralAdministrative": 31599000, "nonRecurring": {}, "otherOperatingExpenses": 69698000, "totalOperatingExpenses": 572796000, "operatingIncome": 32619000, "totalOtherIncomeExpenseNet": 8792000, "ebit": 32619000, "interestExpense": -272000, "incomeBeforeTax": 41411000, "incomeTaxExpense": 10625000, "minorityInterest": 157361000, "netIncomeFromContinuingOps": 30786000, "discontinuedOperations": {}, "extraordinaryItems": {}, "effectOfAccountingCharges": {}, "otherItems": {}, "netIncome": 30786000, "netIncomeApplicableToCommonShares": 30786000}], "maxAge": 86400}, "cashflowStatementHistoryQuarterly": {"cashflowStatements": [{"maxAge": 1, "endDate": "2020-06-30", "netIncome": 12516000, "depreciation": 15432000, "changeToNetincome": 7916000, "changeToAccountReceivables": 115941000, "changeToLiabilities": -99930000, "changeToInventory": -27094000, "totalCashFromOperatingActivities": 24781000, "capitalExpenditures": -2777000, "otherCashflowsFromInvestingActivities": 1595000, "totalCashflowsFromInvestingActivities": -206000, "dividendsPaid": -573000, "otherCashflowsFromFinancingActivities": -111000, "totalCashFromFinancingActivities": -684000, "changeInCash": 23891000}, {"maxAge": 1, "endDate": "2020-03-31", "netIncome": 47569000, "depreciation": 15432000, "changeToNetincome": 7916000, "changeToAccountReceivables": 115941000, "changeToLiabilities": 0, "changeToInventory": -27094000, "totalCashFromOperatingActivities": 24781000, "capitalExpenditures": -2777000, "otherCashflowsFromInvestingActivities": 1595000, "totalCashflowsFromInvestingActivities": -206000, "dividendsPaid": -573000, "otherCashflowsFromFinancingActivities": -111000, "totalCashFromFinancingActivities": -684000, "changeInCash": 23891000}, {"maxAge": 1, "endDate": "2019-12-31", "netIncome": 38765000, "depreciation": 15432000, "changeToNetincome": 7916000, "changeToAccountReceivables": 115941000, "changeToLiabilities": 0, "changeToInventory": -27094000, "totalCashFromOperatingActivities": 24781000, "capitalExpenditures": -2777000, "otherCashflowsFromInvestingActivities": 1595000, "totalCashflowsFromInvestingActivities": -206000, "dividendsPaid": -573000, "otherCashflowsFromFinancingActivities": -111000, "totalCashFromFinancingActivities": -684000, "changeInCash": 23891000}, {"maxAge": 1, "endDate": "2019-09-30", "netIncome": 30786000, "depreciation": 15432000, "changeToNetincome": 7916000, "changeToAccountReceivables": 115941000, "changeToLiabilities": 0, "changeToInventory": -27094000, "totalCashFromOperatingActivities": 24781000, "capitalExpenditures": -2777000, "otherCashflowsFromInvestingActivities": 1595000, "totalCashflowsFromInvestingActivities": -206000, "dividendsPaid": -573000, "otherCashflowsFromFinancingActivities": -111000, "totalCashFromFinancingActivities": -684000, "changeInCash": 23891000}], "maxAge": 86400}, "insiderHolders": {"holders": [{"maxAge": 1, "name": "Patel (Bharat Jayantilal)", "relation": "Non Executive Chairman", "url": "", "transactionDescription": "Other", "latestTransDate": "2020-02-28", "positionDirect": 7819406, "positionDirectDate": "2020-02-28"}, {"maxAge": 1, "name": "Patel (Hardik Bharat)", "relation": "Director", "url": "", "transactionDescription": "Other", "latestTransDate": "2020-09-24", "positionDirect": 3551768, "positionDirectDate": "2020-09-24"}, {"maxAge": 1, "name": "Patel (Minal Bharat)", "relation": "Promoter", "url": "", "transactionDescription": "Other", "latestTransDate": "2020-02-28", "positionDirect": 9974096, "positionDirectDate": "2020-02-28"}, {"maxAge": 1, "name": "Patel (Ruchit B)", "relation": "Promoter", "url": "", "transactionDescription": "Other", "latestTransDate": "2020-09-24", "positionDirect": 3773280, "positionDirectDate": "2020-09-24"}], "maxAge": 1}, "earnings": {"maxAge": 86400, "earningsChart": {"quarterly": [], "earningsDate": ["2020-08-03 05:30:S"]}, "financialsChart": {"yearly": [{"date": 2017, "revenue": 1761117000, "earnings": 125227000}, {"date": 2018, "revenue": 2147639000, "earnings": 210752000}, {"date": 2019, "revenue": 2137421000, "earnings": 177012000}, {"date": 2020, "revenue": 2580078000, "earnings": 168744000}], "quarterly": [{"date": "3Q2019", "revenue": 605415000, "earnings": 30786000}, {"date": "4Q2019", "revenue": 708847000, "earnings": 38765000}, {"date": "1Q2020", "revenue": 660255000, "earnings": 47569000}, {"date": "2Q2020", "revenue": 426425000, "earnings": 12516000}]}, "financialCurrency": "INR"}, "calendarEvents": {"maxAge": 1, "earnings": {"earningsDate": ["2020-08-03 05:30:S"]}}, "price": {"maxAge": 1, "regularMarketChangePercent": -0.013970543, "regularMarketChange": -0.94999695, "regularMarketTime": "2021-04-30 15:50:12", "priceHint": 2, "regularMarketPrice": 67.05, "regularMarketDayHigh": 69.4, "regularMarketDayLow": 66.2, "regularMarketVolume": 64995, "averageDailyVolume10Day": 39927, "averageDailyVolume3Month": 40098, "regularMarketPreviousClose": 68.0, "regularMarketSource": "FREE_REALTIME", "regularMarketOpen": 69.4, "exchange": "BSE", "exchangeName": "BSE", "exchangeDataDelayedBy": 0, "marketState": "CLOSED", "quoteType": "EQUITY", "symbol": "RUBFILA.BO", "underlyingSymbol": null, "shortName": "RUBFILA INTERNATIONAL LTD.", "longName": "Rubfila International Limited", "currency": "INR", "quoteSourceName": "Delayed Quote", "currencySymbol": "\u20b9", "fromCurrency": null, "toCurrency": null, "lastMarket": null, "marketCap": 3487773440}, "balanceSheetHistory": {"balanceSheetStatements": [{"maxAge": 1, "endDate": "2020-03-31", "cash": 33163000, "netReceivables": 512271000, "inventory": 163186000, "otherCurrentAssets": 67206000, "totalCurrentAssets": 779031000, "propertyPlantEquipment": 1200926000, "goodWill": 3276000, "intangibleAssets": 994000, "otherAssets": 107181000, "totalAssets": 2091408000, "accountsPayable": 222748000, "otherCurrentLiab": 113652000, "otherLiab": 163979000, "totalCurrentLiabilities": 380809000, "totalLiab": 544788000, "commonStock": 247338000, "treasuryStock": 1299282000, "otherStockholderEquity": 1299282000, "totalStockholderEquity": 1546620000, "netTangibleAssets": 1542350000}, {"maxAge": 1, "endDate": "2019-03-31", "cash": 32567000, "netReceivables": 500974000, "inventory": 90426000, "otherCurrentAssets": 12193000, "totalCurrentAssets": 638157000, "longTermInvestments": 166838000, "propertyPlantEquipment": 678881000, "intangibleAssets": 328000, "otherAssets": 91061000, "totalAssets": 1575265000, "accountsPayable": 95429000, "otherCurrentLiab": 17865000, "otherLiab": 98538000, "totalCurrentLiabilities": 149248000, "totalLiab": 247786000, "commonStock": 236088000, "treasuryStock": 1091391000, "otherStockholderEquity": 1091391000, "totalStockholderEquity": 1327479000, "netTangibleAssets": 1327151000}, {"maxAge": 1, "endDate": "2018-03-31", "cash": 33628000, "netReceivables": 627083000, "inventory": 104250000, "otherCurrentAssets": 1411000, "totalCurrentAssets": 767236000, "propertyPlantEquipment": 483857000, "intangibleAssets": 209000, "otherAssets": 149002000, "totalAssets": 1400304000, "accountsPayable": 118897000, "otherCurrentLiab": 13609000, "otherLiab": 96761000, "totalCurrentLiabilities": 164944000, "totalLiab": 261705000, "commonStock": 226088000, "retainedEarnings": 805259000, "treasuryStock": 22252000, "capitalSurplus": 85000000, "otherStockholderEquity": 22252000, "totalStockholderEquity": 1138599000, "netTangibleAssets": 1138390000}, {"maxAge": 1, "endDate": "2017-03-31", "cash": 27535000, "shortTermInvestments": 1000000, "netReceivables": 427233000, "inventory": 68384000, "otherCurrentAssets": -472000, "totalCurrentAssets": 524521000, "propertyPlantEquipment": 348921000, "intangibleAssets": 20000, "otherAssets": 168359000, "totalAssets": 1041821000, "accountsPayable": 82776000, "shortLongTermDebt": 768000, "otherCurrentLiab": 17867000, "longTermDebt": 2918000, "otherLiab": 75392000, "totalCurrentLiabilities": 113802000, "totalLiab": 192112000, "commonStock": 216088000, "retainedEarnings": 633519000, "treasuryStock": 102000, "otherStockholderEquity": 102000, "totalStockholderEquity": 849709000, "netTangibleAssets": 849689000}], "maxAge": 86400}, "earningsTrend": {"trend": [{"maxAge": 1, "period": "0q", "endDate": null, "growth": {}, "earningsEstimate": {"avg": 0.0, "low": 0.0, "high": 0.0, "yearAgoEps": {}, "numberOfAnalysts": 0, "growth": {}}, "revenueEstimate": {"avg": 0, "low": 0, "high": 0, "numberOfAnalysts": 0, "yearAgoRevenue": {}, "growth": {}}, "epsTrend": {"current": 0.0, "7daysAgo": 0.0, "30daysAgo": 0.0, "60daysAgo": 0.0, "90daysAgo": 0.0}, "epsRevisions": {"upLast7days": 0, "upLast30days": 0, "downLast30days": 0, "downLast90days": {}}}, {"maxAge": 1, "period": "+1q", "endDate": null, "growth": {}, "earningsEstimate": {"avg": 0.0, "low": 0.0, "high": 0.0, "yearAgoEps": {}, "numberOfAnalysts": 0, "growth": {}}, "revenueEstimate": {"avg": 0, "low": 0, "high": 0, "numberOfAnalysts": 0, "yearAgoRevenue": {}, "growth": {}}, "epsTrend": {"current": 0.0, "7daysAgo": 0.0, "30daysAgo": 0.0, "60daysAgo": 0.0, "90daysAgo": 0.0}, "epsRevisions": {"upLast7days": 0, "upLast30days": 0, "downLast30days": 0, "downLast90days": {}}}, {"maxAge": 1, "period": "0y", "endDate": null, "growth": {}, "earningsEstimate": {"avg": 0.0, "low": 0.0, "high": 0.0, "yearAgoEps": {}, "numberOfAnalysts": 0, "growth": {}}, "revenueEstimate": {"avg": 0, "low": 0, "high": 0, "numberOfAnalysts": 0, "yearAgoRevenue": {}, "growth": {}}, "epsTrend": {"current": 0.0, "7daysAgo": 0.0, "30daysAgo": 0.0, "60daysAgo": 0.0, "90daysAgo": 0.0}, "epsRevisions": {"upLast7days": 0, "upLast30days": 0, "downLast30days": 0, "downLast90days": {}}}, {"maxAge": 1, "period": "+1y", "endDate": null, "growth": {}, "earningsEstimate": {"avg": 0.0, "low": 0.0, "high": 0.0, "yearAgoEps": {}, "numberOfAnalysts": 0, "growth": {}}, "revenueEstimate": {"avg": 0, "low": 0, "high": 0, "numberOfAnalysts": 0, "yearAgoRevenue": {}, "growth": {}}, "epsTrend": {"current": 0.0, "7daysAgo": 0.0, "30daysAgo": 0.0, "60daysAgo": 0.0, "90daysAgo": 0.0}, "epsRevisions": {"upLast7days": 0, "upLast30days": 0, "downLast30days": 0, "downLast90days": {}}}, {"maxAge": 1, "period": "+5y", "endDate": null, "growth": {}, "earningsEstimate": {"avg": {}, "low": {}, "high": {}, "yearAgoEps": {}, "numberOfAnalysts": {}, "growth": {}}, "revenueEstimate": {"avg": {}, "low": {}, "high": {}, "numberOfAnalysts": {}, "yearAgoRevenue": {}, "growth": {}}, "epsTrend": {"current": {}, "7daysAgo": {}, "30daysAgo": {}, "60daysAgo": {}, "90daysAgo": {}}, "epsRevisions": {"upLast7days": {}, "upLast30days": {}, "downLast30days": {}, "downLast90days": {}}}, {"maxAge": 1, "period": "-5y", "endDate": null, "growth": {}, "earningsEstimate": {"avg": {}, "low": {}, "high": {}, "yearAgoEps": {}, "numberOfAnalysts": {}, "growth": {}}, "revenueEstimate": {"avg": {}, "low": {}, "high": {}, "numberOfAnalysts": {}, "yearAgoRevenue": {}, "growth": {}}, "epsTrend": {"current": {}, "7daysAgo": {}, "30daysAgo": {}, "60daysAgo": {}, "90daysAgo": {}}, "epsRevisions": {"upLast7days": {}, "upLast30days": {}, "downLast30days": {}, "downLast90days": {}}}], "maxAge": 1}, "financialData": {"maxAge": 86400, "currentPrice": 67.05, "recommendationKey": "none", "grossProfits": 698423000, "financialCurrency": "INR"}}}