{"RUBYMILLS.NS": {"assetProfile": {"address1": "Ruby House", "address2": "J. K. Sawant Marg Dadar West", "city": "Mumbai", "zip": "400028", "country": "India", "phone": "91 22 2438 7800", "fax": "91 22 2437 8125", "website": "http://www.rubymills.com", "industry": "Textile Manufacturing", "sector": "Consumer Cyclical", "longBusinessSummary": "The Ruby Mills Limited manufactures textile products in India. It operates through two segments, Textiles and Real Estate and Related. The company offers cotton, synthetics yarn, and fabrics, as well as engages in the development of real estate properties; and renting properties. It also exports its products. The company was founded in 1917 and is based in Mumbai, India.", "fullTimeEmployees": 764, "companyOfficers": [{"maxAge": 1, "name": "Mr. Hiren Manharlal Shah", "age": 66, "title": "Exec. Chairman", "yearBorn": 1954, "fiscalYear": 2020, "totalPay": 13428480, "exercisedValue": 0, "unexercisedValue": 0}, {"maxAge": 1, "name": "Mr. Purav Hiren Shah", "age": 40, "title": "CEO & Whole time Director Director", "yearBorn": 1980, "fiscalYear": 2020, "totalPay": 7205040, "exercisedValue": 0, "unexercisedValue": 0}, {"maxAge": 1, "name": "Mr. Jayaraman  Seshadrinathan", "title": "CFO & Compliance Officer", "exercisedValue": 0, "unexercisedValue": 0}, {"maxAge": 1, "name": "Mr. Viraj Manharlal Shah", "age": 59, "title": "MD & Exec. Director", "yearBorn": 1961, "fiscalYear": 2020, "totalPay": 13428480, "exercisedValue": 0, "unexercisedValue": 0}, {"maxAge": 1, "name": "Mr. Bharat Manharlal Shah", "age": 61, "title": "MD & Exec. Director", "yearBorn": 1959, "fiscalYear": 2020, "totalPay": 13428480, "exercisedValue": 0, "unexercisedValue": 0}, {"maxAge": 1, "name": "Mr. Rishabh Viraj Shah", "title": "Pres", "fiscalYear": 2019, "exercisedValue": 0, "unexercisedValue": 0}], "compensationAsOfEpochDate": "2020-12-31 05:30:00", "maxAge": 86400}, "recommendationTrend": {"trend": [{"period": "0m", "strongBuy": 0, "buy": 0, "hold": 0, "sell": 0, "strongSell": 0}, {"period": "-1m", "strongBuy": 0, "buy": 0, "hold": 0, "sell": 0, "strongSell": 0}, {"period": "-2m", "strongBuy": 0, "buy": 0, "hold": 0, "sell": 0, "strongSell": 0}, {"period": "-3m", "strongBuy": 0, "buy": 0, "hold": 0, "sell": 0, "strongSell": 0}], "maxAge": 86400}, "cashflowStatementHistory": {"cashflowStatements": [{"maxAge": 1, "endDate": "2020-03-31", "netIncome": 276953000, "depreciation": 120111000, "changeToNetincome": 187000, "changeToAccountReceivables": -157439000, "changeToLiabilities": -10059000, "changeToInventory": -73034000, "totalCashFromOperatingActivities": 156719000, "capitalExpenditures": -29909000, "investments": -120040000, "otherCashflowsFromInvestingActivities": -7519000, "totalCashflowsFromInvestingActivities": -110238000, "dividendsPaid": -70607000, "netBorrowings": 59496000, "otherCashflowsFromFinancingActivities": -35894000, "totalCashFromFinancingActivities": -47005000, "changeInCash": -524000}, {"maxAge": 1, "endDate": "2019-03-31", "netIncome": 178036000, "depreciation": 136336000, "changeToNetincome": 44154000, "changeToAccountReceivables": -294190000, "changeToLiabilities": -36602000, "changeToInventory": 34812000, "totalCashFromOperatingActivities": 62546000, "capitalExpenditures": -11039000, "investments": -120040000, "otherCashflowsFromInvestingActivities": -12417000, "totalCashflowsFromInvestingActivities": -23131000, "dividendsPaid": -35217000, "netBorrowings": 13030000, "otherCashflowsFromFinancingActivities": -89792000, "totalCashFromFinancingActivities": -111979000, "changeInCash": -72563000}, {"maxAge": 1, "endDate": "2018-03-31", "netIncome": 351624000, "depreciation": 154743000, "changeToNetincome": -51045000, "changeToAccountReceivables": -6493000, "changeToLiabilities": 38987000, "changeToInventory": -2137000, "totalCashFromOperatingActivities": 485679000, "capitalExpenditures": -15945000, "investments": -120040000, "otherCashflowsFromInvestingActivities": 14779000, "totalCashflowsFromInvestingActivities": 1642000, "dividendsPaid": -29260000, "netBorrowings": -248676000, "otherCashflowsFromFinancingActivities": -134529000, "totalCashFromFinancingActivities": -412465000, "changeInCash": 74856000}, {"maxAge": 1, "endDate": "2017-03-31", "netIncome": 374063000, "depreciation": 149860000, "changeToNetincome": 13884000, "changeToAccountReceivables": -93453000, "changeToLiabilities": -67939000, "changeToInventory": -22585000, "totalCashFromOperatingActivities": 353830000, "capitalExpenditures": -87660000, "investments": 974000, "otherCashflowsFromInvestingActivities": 7117000, "totalCashflowsFromInvestingActivities": -85989000, "dividendsPaid": -29260000, "netBorrowings": -166054000, "otherCashflowsFromFinancingActivities": -107536000, "totalCashFromFinancingActivities": -273590000, "changeInCash": -5749000}], "maxAge": 86400}, "indexTrend": {"maxAge": 1, "symbol": "SP5", "peRatio": 19.7411, "pegRatio": 1.34172, "estimates": [{"period": "0q", "growth": 0.549}, {"period": "+1q", "growth": 0.431}, {"period": "0y", "growth": 0.305}, {"period": "+1y", "growth": 0.109}, {"period": "+5y", "growth": 0.120865}, {"period": "-5y"}]}, "defaultKeyStatistics": {"maxAge": 1, "priceHint": 2, "enterpriseValue": 5206515200, "profitMargins": 0.12793, "floatShares": 2831352, "sharesOutstanding": 16720000, "heldPercentInsiders": 0.79912, "heldPercentInstitutions": 0.0, "beta": 0.70169, "category": null, "bookValue": 281.021, "priceToBook": 0.57059795, "fundFamily": null, "legalType": null, "lastFiscalYearEnd": "2020-03-31 05:30:00", "nextFiscalYearEnd": "2022-03-31 05:30:00", "mostRecentQuarter": "2020-12-31 05:30:00", "earningsQuarterlyGrowth": -0.119, "netIncomeToCommon": 151058000, "trailingEps": 9.033, "lastSplitFactor": "2:1", "lastSplitDate": "2015-10-21 05:30:00", "enterpriseToRevenue": 4.409, "enterpriseToEbitda": 15.853}, "industryTrend": {"maxAge": 1, "symbol": null, "estimates": []}, "quoteType": {"exchange": "NSI", "quoteType": "EQUITY", "symbol": "RUBYMILLS.NS", "underlyingSymbol": "RUBYMILLS.NS", "shortName": "RUBY MILLS", "longName": "The Ruby Mills Limited", "firstTradeDateEpochUtc": "2002-07-05 09:15:00", "timeZoneFullName": "Asia/Kolkata", "timeZoneShortName": "IST", "uuid": "e3e4dbdc-6fba-34ca-b816-ab05cf9fc5d6", "gmtOffSetMilliseconds": 19800000, "maxAge": 1}, "incomeStatementHistory": {"incomeStatementHistory": [{"maxAge": 1, "endDate": "2020-03-31", "totalRevenue": 1830802000, "costOfRevenue": 510747000, "grossProfit": 1320055000, "researchDevelopment": {}, "sellingGeneralAdministrative": 227195000, "nonRecurring": {}, "otherOperatingExpenses": 642326000, "totalOperatingExpenses": 1500379000, "operatingIncome": 330423000, "totalOtherIncomeExpenseNet": 48307000, "ebit": 330423000, "interestExpense": -45524000, "incomeBeforeTax": 378730000, "incomeTaxExpense": 101777000, "minorityInterest": {}, "netIncomeFromContinuingOps": 276953000, "discontinuedOperations": {}, "extraordinaryItems": {}, "effectOfAccountingCharges": {}, "otherItems": {}, "netIncome": 276953000, "netIncomeApplicableToCommonShares": 276953000}, {"maxAge": 1, "endDate": "2019-03-31", "totalRevenue": 1927563000, "costOfRevenue": 570978000, "grossProfit": 1356585000, "researchDevelopment": {}, "sellingGeneralAdministrative": 225526000, "nonRecurring": {}, "otherOperatingExpenses": 730758000, "totalOperatingExpenses": 1663598000, "operatingIncome": 263965000, "totalOtherIncomeExpenseNet": -11452000, "ebit": 263965000, "interestExpense": -89340000, "incomeBeforeTax": 252513000, "incomeTaxExpense": 74477000, "minorityInterest": {}, "netIncomeFromContinuingOps": 178036000, "discontinuedOperations": {}, "extraordinaryItems": {}, "effectOfAccountingCharges": {}, "otherItems": {}, "netIncome": 178036000, "netIncomeApplicableToCommonShares": 178036000}, {"maxAge": 1, "endDate": "2018-03-31", "totalRevenue": 1993661000, "costOfRevenue": 489419000, "grossProfit": 1504242000, "researchDevelopment": {}, "sellingGeneralAdministrative": 223049000, "nonRecurring": {}, "otherOperatingExpenses": 737521000, "totalOperatingExpenses": 1604732000, "operatingIncome": 388929000, "totalOtherIncomeExpenseNet": -19017000, "ebit": 388929000, "interestExpense": -80855000, "incomeBeforeTax": 369912000, "incomeTaxExpense": 18288000, "minorityInterest": {}, "netIncomeFromContinuingOps": 351624000, "discontinuedOperations": {}, "extraordinaryItems": {}, "effectOfAccountingCharges": {}, "otherItems": {}, "netIncome": 351624000, "netIncomeApplicableToCommonShares": 351624000}, {"maxAge": 1, "endDate": "2017-03-31", "totalRevenue": 2017487000, "costOfRevenue": 551615000, "grossProfit": 1465872000, "researchDevelopment": {}, "sellingGeneralAdministrative": 202392000, "nonRecurring": {}, "otherOperatingExpenses": 691017000, "totalOperatingExpenses": 1594884000, "operatingIncome": 422603000, "totalOtherIncomeExpenseNet": 39169000, "ebit": 422603000, "interestExpense": -95004000, "incomeBeforeTax": 461772000, "incomeTaxExpense": 87709000, "minorityInterest": {}, "netIncomeFromContinuingOps": 374063000, "discontinuedOperations": {}, "extraordinaryItems": {}, "effectOfAccountingCharges": {}, "otherItems": {}, "netIncome": 374063000, "netIncomeApplicableToCommonShares": 374063000}], "maxAge": 86400}, "fundOwnership": {"ownershipList": [], "maxAge": 1}, "summaryDetail": {"maxAge": 1, "priceHint": 2, "previousClose": 161.7, "open": 159.05, "dayLow": 156.0, "dayHigh": 165.6, "regularMarketPreviousClose": 161.7, "regularMarketOpen": 159.05, "regularMarketDayLow": 156.0, "regularMarketDayHigh": 165.6, "exDividendDate": "2020-02-27 05:30:00", "payoutRatio": 0.19379999, "beta": 0.70169, "trailingPE": 17.751577, "volume": 8723, "regularMarketVolume": 8723, "averageVolume": 7969, "averageVolume10days": 5238, "averageDailyVolume10Day": 5238, "bid": 0.0, "ask": 0.0, "bidSize": 0, "askSize": 0, "marketCap": 2694312960, "fiftyTwoWeekLow": 118.15, "fiftyTwoWeekHigh": 227.0, "priceToSalesTrailing12Months": 2.2817826, "fiftyDayAverage": 179.58636, "twoHundredDayAverage": 178.81393, "trailingAnnualDividendRate": 0.0, "trailingAnnualDividendYield": 0.0, "currency": "INR", "fromCurrency": null, "lastMarket": null, "algorithm": null, "tradeable": false}, "insiderHolders": {"holders": [{"maxAge": 1, "name": "Shah (Aruna Manharlal)", "relation": "Non-Independent Non-Executive Director", "url": "", "transactionDescription": "Other", "latestTransDate": "2019-02-07", "positionDirect": 1327720, "positionDirectDate": "2019-02-07"}], "maxAge": 1}, "calendarEvents": {"maxAge": 1, "earnings": {"earningsDate": []}, "exDividendDate": "2020-02-27 05:30:00"}, "upgradeDowngradeHistory": {"history": [], "maxAge": 86400}, "price": {"maxAge": 1, "regularMarketChangePercent": -0.008348738, "regularMarketChange": -1.3499908, "regularMarketTime": "2021-04-30 15:29:32", "priceHint": 2, "regularMarketPrice": 160.35, "regularMarketDayHigh": 165.6, "regularMarketDayLow": 156.0, "regularMarketVolume": 8723, "averageDailyVolume10Day": 5238, "averageDailyVolume3Month": 7969, "regularMarketPreviousClose": 161.7, "regularMarketSource": "FREE_REALTIME", "regularMarketOpen": 159.05, "exchange": "NSI", "exchangeName": "NSE", "exchangeDataDelayedBy": 15, "marketState": "CLOSED", "quoteType": "EQUITY", "symbol": "RUBYMILLS.NS", "underlyingSymbol": null, "shortName": "RUBY MILLS", "longName": "The Ruby Mills Limited", "currency": "INR", "quoteSourceName": "Delayed Quote", "currencySymbol": "\u20b9", "fromCurrency": null, "lastMarket": null, "marketCap": 2694312960}, "balanceSheetHistory": {"balanceSheetStatements": [{"maxAge": 1, "endDate": "2020-03-31", "cash": 7493000, "shortTermInvestments": 225000000, "netReceivables": 821352000, "inventory": 444497000, "otherCurrentAssets": 349724000, "totalCurrentAssets": 1968250000, "longTermInvestments": 28000, "propertyPlantEquipment": 882753000, "intangibleAssets": 10599000, "otherAssets": 7442607000, "deferredLongTermAssetCharges": 8077000, "totalAssets": 10304237000, "accountsPayable": 199846000, "shortLongTermDebt": 105502000, "otherCurrentLiab": 1104129000, "longTermDebt": 3205601000, "otherLiab": 228848000, "totalCurrentLiabilities": 2137187000, "totalLiab": 5573209000, "commonStock": 83600000, "retainedEarnings": 4477908000, "capitalSurplus": 169520000, "totalStockholderEquity": 4731028000, "netTangibleAssets": 4720429000}, {"maxAge": 1, "endDate": "2019-03-31", "cash": 8017000, "shortTermInvestments": 225000000, "netReceivables": 973056000, "inventory": 371463000, "otherCurrentAssets": 332464000, "totalCurrentAssets": 1910000000, "longTermInvestments": 28000, "propertyPlantEquipment": 948384000, "otherAssets": 7041445000, "deferredLongTermAssetCharges": 20581000, "totalAssets": 9899857000, "accountsPayable": 172623000, "shortLongTermDebt": 105773000, "otherCurrentLiab": 1081533000, "longTermDebt": 3351216000, "otherLiab": 229075000, "totalCurrentLiabilities": 1794230000, "totalLiab": 5374521000, "commonStock": 83600000, "retainedEarnings": 4272216000, "capitalSurplus": 169520000, "totalStockholderEquity": 4525336000, "netTangibleAssets": 4525336000}, {"maxAge": 1, "endDate": "2018-03-31", "cash": 80580000, "netReceivables": 1253852000, "inventory": 406275000, "otherCurrentAssets": 334078000, "totalCurrentAssets": 2074785000, "longTermInvestments": 28000, "propertyPlantEquipment": 1053516000, "otherAssets": 6667426000, "deferredLongTermAssetCharges": 19091000, "totalAssets": 9795755000, "accountsPayable": 243484000, "shortLongTermDebt": 441218000, "otherCurrentLiab": 1084017000, "longTermDebt": 2752076000, "otherLiab": 237174000, "totalCurrentLiabilities": 2422476000, "totalLiab": 5411726000, "commonStock": 83600000, "retainedEarnings": 4130909000, "capitalSurplus": 169520000, "totalStockholderEquity": 4384029000, "netTangibleAssets": 4384029000}, {"maxAge": 1, "endDate": "2017-03-31", "cash": 5724000, "netReceivables": 1241813000, "inventory": 404138000, "otherCurrentAssets": 261303000, "totalCurrentAssets": 1912978000, "longTermInvestments": 28000, "propertyPlantEquipment": 1158982000, "otherAssets": 6609239000, "deferredLongTermAssetCharges": -39384000, "totalAssets": 9681227000, "accountsPayable": 253117000, "shortLongTermDebt": 554312000, "otherCurrentLiab": 1067305000, "longTermDebt": 2948837000, "otherLiab": 222954000, "totalCurrentLiabilities": 2445286000, "totalLiab": 5617077000, "commonStock": 83600000, "retainedEarnings": 3811030000, "capitalSurplus": 169520000, "totalStockholderEquity": 4064150000, "netTangibleAssets": 4064150000}], "maxAge": 86400}, "earningsTrend": {"trend": [{"maxAge": 1, "period": "0q", "endDate": "2017-12-31", "growth": {}, "earningsEstimate": {"avg": 0.0, "low": 0.0, "high": 0.0, "yearAgoEps": {}, "numberOfAnalysts": 0, "growth": {}}, "revenueEstimate": {"avg": 0, "low": 0, "high": 0, "numberOfAnalysts": 0, "yearAgoRevenue": {}, "growth": {}}, "epsTrend": {"current": 0.0, "7daysAgo": 0.0, "30daysAgo": 0.0, "60daysAgo": 0.0, "90daysAgo": 0.0}, "epsRevisions": {"upLast7days": 0, "upLast30days": 0, "downLast30days": 0, "downLast90days": {}}}, {"maxAge": 1, "period": "+1q", "endDate": "2018-03-31", "growth": {}, "earningsEstimate": {"avg": 0.0, "low": 0.0, "high": 0.0, "yearAgoEps": {}, "numberOfAnalysts": 0, "growth": {}}, "revenueEstimate": {"avg": 0, "low": 0, "high": 0, "numberOfAnalysts": 0, "yearAgoRevenue": {}, "growth": {}}, "epsTrend": {"current": 0.0, "7daysAgo": 0.0, "30daysAgo": 0.0, "60daysAgo": 0.0, "90daysAgo": 0.0}, "epsRevisions": {"upLast7days": 0, "upLast30days": 0, "downLast30days": 0, "downLast90days": {}}}, {"maxAge": 1, "period": "0y", "endDate": "2018-03-31", "growth": {}, "earningsEstimate": {"avg": 0.0, "low": 0.0, "high": 0.0, "yearAgoEps": {}, "numberOfAnalysts": 0, "growth": {}}, "revenueEstimate": {"avg": 2183280000, "low": 2183280000, "high": 2183280000, "numberOfAnalysts": 1, "yearAgoRevenue": 2006910000, "growth": 0.088}, "epsTrend": {"current": 0.0, "7daysAgo": 25.05, "30daysAgo": 25.05, "60daysAgo": 25.05, "90daysAgo": 25.05}, "epsRevisions": {"upLast7days": 0, "upLast30days": 0, "downLast30days": 0, "downLast90days": {}}}, {"maxAge": 1, "period": "+1y", "endDate": "2019-03-31", "growth": {}, "earningsEstimate": {"avg": 0.0, "low": 0.0, "high": 0.0, "yearAgoEps": {}, "numberOfAnalysts": 0, "growth": {}}, "revenueEstimate": {"avg": 2401610000, "low": 2401610000, "high": 2401610000, "numberOfAnalysts": 1, "yearAgoRevenue": 2183280000, "growth": 0.1}, "epsTrend": {"current": 0.0, "7daysAgo": 28.38, "30daysAgo": 28.38, "60daysAgo": 28.38, "90daysAgo": 28.38}, "epsRevisions": {"upLast7days": 0, "upLast30days": 0, "downLast30days": 0, "downLast90days": {}}}, {"maxAge": 1, "period": "+5y", "endDate": null, "growth": {}, "earningsEstimate": {"avg": {}, "low": {}, "high": {}, "yearAgoEps": {}, "numberOfAnalysts": {}, "growth": {}}, "revenueEstimate": {"avg": {}, "low": {}, "high": {}, "numberOfAnalysts": {}, "yearAgoRevenue": {}, "growth": {}}, "epsTrend": {"current": {}, "7daysAgo": {}, "30daysAgo": {}, "60daysAgo": {}, "90daysAgo": {}}, "epsRevisions": {"upLast7days": {}, "upLast30days": {}, "downLast30days": {}, "downLast90days": {}}}, {"maxAge": 1, "period": "-5y", "endDate": null, "growth": {}, "earningsEstimate": {"avg": {}, "low": {}, "high": {}, "yearAgoEps": {}, "numberOfAnalysts": {}, "growth": {}}, "revenueEstimate": {"avg": {}, "low": {}, "high": {}, "numberOfAnalysts": {}, "yearAgoRevenue": {}, "growth": {}}, "epsTrend": {"current": {}, "7daysAgo": {}, "30daysAgo": {}, "60daysAgo": {}, "90daysAgo": {}}, "epsRevisions": {"upLast7days": {}, "upLast30days": {}, "downLast30days": {}, "downLast90days": {}}}], "maxAge": 1}, "institutionOwnership": {"ownershipList": [], "maxAge": 1}, "majorHoldersBreakdown": {"maxAge": 1, "insidersPercentHeld": 0.79912, "institutionsPercentHeld": 0.0, "institutionsFloatPercentHeld": 0.0, "institutionsCount": 0}, "balanceSheetHistoryQuarterly": {"balanceSheetStatements": [{"maxAge": 1, "endDate": "2020-12-31", "totalStockholderEquity": 4718119000, "netTangibleAssets": 4706520000}, {"maxAge": 1, "endDate": "2020-09-30", "cash": 435587000, "shortTermInvestments": 898774000, "netReceivables": 39868000, "inventory": 425903000, "otherCurrentAssets": 61955000, "totalCurrentAssets": 1862087000, "longTermInvestments": 28000, "propertyPlantEquipment": 858683000, "intangibleAssets": 11599000, "otherAssets": 7538514000, "deferredLongTermAssetCharges": 5964000, "totalAssets": 10270911000, "accountsPayable": 142715000, "otherCurrentLiab": 1337072000, "longTermDebt": 3314604000, "otherLiab": 232933000, "totalCurrentLiabilities": 2005255000, "totalLiab": 5552792000, "commonStock": 83600000, "treasuryStock": 4634519000, "otherStockholderEquity": 4634519000, "totalStockholderEquity": 4718119000, "netTangibleAssets": 4706520000}, {"maxAge": 1, "endDate": "2020-06-30", "totalStockholderEquity": 4731028000, "netTangibleAssets": 4720429000}, {"maxAge": 1, "endDate": "2020-03-31", "cash": 7493000, "shortTermInvestments": 225000000, "netReceivables": 821352000, "inventory": 444497000, "otherCurrentAssets": 349724000, "totalCurrentAssets": 1968250000, "longTermInvestments": 28000, "propertyPlantEquipment": 882753000, "intangibleAssets": 10599000, "otherAssets": 7442607000, "deferredLongTermAssetCharges": 8077000, "totalAssets": 10304237000, "accountsPayable": 199846000, "shortLongTermDebt": 105502000, "otherCurrentLiab": 1104129000, "longTermDebt": 3205601000, "otherLiab": 228848000, "totalCurrentLiabilities": 2137187000, "totalLiab": 5573209000, "commonStock": 83600000, "retainedEarnings": 4477908000, "capitalSurplus": 169520000, "totalStockholderEquity": 4731028000, "netTangibleAssets": 4720429000}], "maxAge": 86400}, "earningsHistory": {"history": [{"maxAge": 1, "epsActual": {}, "epsEstimate": {}, "epsDifference": {}, "surprisePercent": {}, "quarter": {}, "period": "-4q"}, {"maxAge": 1, "epsActual": {}, "epsEstimate": {}, "epsDifference": {}, "surprisePercent": {}, "quarter": {}, "period": "-3q"}, {"maxAge": 1, "epsActual": {}, "epsEstimate": {}, "epsDifference": {}, "surprisePercent": {}, "quarter": {}, "period": "-2q"}, {"maxAge": 1, "epsActual": 3.68, "epsEstimate": 4.25, "epsDifference": -0.57, "surprisePercent": -0.134, "quarter": "2017-09-30", "period": "-1q"}], "maxAge": 86400}, "summaryProfile": {"address1": "Ruby House", "address2": "J. K. Sawant Marg Dadar West", "city": "Mumbai", "zip": "400028", "country": "India", "phone": "91 22 2438 7800", "fax": "91 22 2437 8125", "website": "http://www.rubymills.com", "industry": "Textile Manufacturing", "sector": "Consumer Cyclical", "longBusinessSummary": "The Ruby Mills Limited manufactures textile products in India. It operates through two segments, Textiles and Real Estate and Related. The company offers cotton, synthetics yarn, and fabrics, as well as engages in the development of real estate properties; and renting properties. It also exports its products. The company was founded in 1917 and is based in Mumbai, India.", "fullTimeEmployees": 764, "companyOfficers": [], "maxAge": 86400}, "netSharePurchaseActivity": {"maxAge": 1, "period": "6m", "buyInfoCount": 0, "buyInfoShares": 0, "sellInfoCount": 0, "netInfoCount": 0, "netInfoShares": 0, "netPercentInsiderShares": 0.0, "totalInsiderShares": 13374652}, "insiderTransactions": {"transactions": [{"maxAge": 1, "shares": 733320, "filerUrl": "", "transactionText": "", "filerName": "Shah (Aruna Manharlal)", "filerRelation": "Non-Independent Non-Executive Director", "moneyText": "", "startDate": "2019-02-07", "ownership": "D"}, {"maxAge": 1, "shares": 362600, "filerUrl": "", "transactionText": "", "filerName": "Shah (Aruna Manharlal)", "filerRelation": "Non Independent Director", "moneyText": "", "startDate": "2017-01-11", "ownership": "D"}], "maxAge": 1}, "sectorTrend": {"maxAge": 1, "symbol": null, "estimates": []}, "incomeStatementHistoryQuarterly": {"incomeStatementHistory": [{"maxAge": 1, "endDate": "2020-12-31", "totalRevenue": 453357000, "costOfRevenue": 166913000, "grossProfit": 286444000, "researchDevelopment": {}, "sellingGeneralAdministrative": 36043000, "nonRecurring": {}, "otherOperatingExpenses": 110567000, "totalOperatingExpenses": 336232000, "operatingIncome": 117125000, "totalOtherIncomeExpenseNet": -14014000, "ebit": 117125000, "interestExpense": -17933000, "incomeBeforeTax": 103111000, "incomeTaxExpense": 27461000, "minorityInterest": {}, "netIncomeFromContinuingOps": 75650000, "discontinuedOperations": {}, "extraordinaryItems": {}, "effectOfAccountingCharges": {}, "otherItems": {}, "netIncome": 75650000, "netIncomeApplicableToCommonShares": 75650000}, {"maxAge": 1, "endDate": "2020-09-30", "totalRevenue": 146873000, "costOfRevenue": 31606000, "grossProfit": 115267000, "researchDevelopment": {}, "sellingGeneralAdministrative": 31662000, "nonRecurring": {}, "otherOperatingExpenses": 60503000, "totalOperatingExpenses": 142981000, "operatingIncome": 3892000, "totalOtherIncomeExpenseNet": -14707000, "ebit": 3892000, "interestExpense": -15974000, "incomeBeforeTax": -10815000, "incomeTaxExpense": 98000, "minorityInterest": {}, "netIncomeFromContinuingOps": -10913000, "discontinuedOperations": {}, "extraordinaryItems": {}, "effectOfAccountingCharges": {}, "otherItems": {}, "netIncome": -10913000, "netIncomeApplicableToCommonShares": -10913000}, {"maxAge": 1, "endDate": "2020-06-30", "totalRevenue": 89590000, "costOfRevenue": 5683000, "grossProfit": 83907000, "researchDevelopment": {}, "sellingGeneralAdministrative": 24188000, "nonRecurring": {}, "otherOperatingExpenses": 29744000, "totalOperatingExpenses": 78957000, "operatingIncome": 10633000, "totalOtherIncomeExpenseNet": -13957000, "ebit": 10633000, "interestExpense": -15805000, "incomeBeforeTax": -3324000, "incomeTaxExpense": 1041000, "minorityInterest": {}, "netIncomeFromContinuingOps": -4365000, "discontinuedOperations": {}, "extraordinaryItems": {}, "effectOfAccountingCharges": {}, "otherItems": {}, "netIncome": -4365000, "netIncomeApplicableToCommonShares": -4365000}, {"maxAge": 1, "endDate": "2020-03-31", "totalRevenue": 490473000, "costOfRevenue": 189473000, "grossProfit": 301000000, "researchDevelopment": {}, "sellingGeneralAdministrative": 57848000, "nonRecurring": {}, "otherOperatingExpenses": 109207000, "totalOperatingExpenses": 388535000, "operatingIncome": 101938000, "totalOtherIncomeExpenseNet": 33382000, "ebit": 101938000, "interestExpense": -8650000, "incomeBeforeTax": 135320000, "incomeTaxExpense": 44634000, "minorityInterest": {}, "netIncomeFromContinuingOps": 90686000, "discontinuedOperations": {}, "extraordinaryItems": {}, "effectOfAccountingCharges": {}, "otherItems": {}, "netIncome": 90686000, "netIncomeApplicableToCommonShares": 90686000}], "maxAge": 86400}, "cashflowStatementHistoryQuarterly": {"cashflowStatements": [{"maxAge": 1, "endDate": "2020-12-31", "netIncome": 75650000, "changeToLiabilities": 0}, {"maxAge": 1, "endDate": "2020-09-30", "netIncome": -10913000, "changeToLiabilities": 0}, {"maxAge": 1, "endDate": "2020-06-30", "netIncome": -4365000, "changeToLiabilities": 0}, {"maxAge": 1, "endDate": "2020-03-31", "netIncome": 90686000, "changeToLiabilities": 0}], "maxAge": 86400}, "earnings": {"maxAge": 86400, "earningsChart": {"quarterly": [{"date": "3Q2017", "actual": 3.68, "estimate": 4.25}], "currentQuarterEstimateDate": "4Q", "currentQuarterEstimateYear": 2017, "earningsDate": []}, "financialsChart": {"yearly": [{"date": 2017, "revenue": 2017487000, "earnings": 374063000}, {"date": 2018, "revenue": 1993661000, "earnings": 351624000}, {"date": 2019, "revenue": 1927563000, "earnings": 178036000}, {"date": 2020, "revenue": 1830802000, "earnings": 276953000}], "quarterly": [{"date": "1Q2020", "revenue": 490473000, "earnings": 90686000}, {"date": "2Q2020", "revenue": 89590000, "earnings": -4365000}, {"date": "3Q2020", "revenue": 146873000, "earnings": -10913000}, {"date": "4Q2020", "revenue": 453357000, "earnings": 75650000}]}, "financialCurrency": "INR"}, "financialData": {"maxAge": 86400, "currentPrice": 160.35, "targetHighPrice": 155.0, "targetLowPrice": 155.0, "targetMeanPrice": 155.0, "targetMedianPrice": 155.0, "recommendationMean": 2.0, "recommendationKey": "buy", "numberOfAnalystOpinions": 1, "totalCash": 1334360960, "totalCashPerShare": 79.727, "ebitda": 328428256, "totalDebt": 3834547968, "totalRevenue": 1180792960, "debtToEquity": 81.273, "revenuePerShare": 70.612, "grossProfits": 1320055000, "earningsGrowth": -0.121, "revenueGrowth": 0.012, "grossMargins": 0.66660005, "ebitdaMargins": 0.27813998, "operatingMargins": 0.19825001, "profitMargins": 0.12793, "financialCurrency": "INR"}}}