{"RUBYMILLS.BO": {"recommendationTrend": {"trend": [{"period": "0m", "strongBuy": 0, "buy": 0, "hold": 0, "sell": 0, "strongSell": 0}, {"period": "-1m", "strongBuy": 0, "buy": 0, "hold": 0, "sell": 0, "strongSell": 0}, {"period": "-2m", "strongBuy": 0, "buy": 0, "hold": 0, "sell": 0, "strongSell": 0}, {"period": "-3m", "strongBuy": 0, "buy": 0, "hold": 0, "sell": 0, "strongSell": 0}], "maxAge": 86400}, "cashflowStatementHistory": {"cashflowStatements": [{"maxAge": 1, "endDate": "2020-03-31", "netIncome": 276953000, "depreciation": 120111000, "changeToNetincome": 187000, "changeToAccountReceivables": -157439000, "changeToLiabilities": -10059000, "changeToInventory": -73034000, "totalCashFromOperatingActivities": 156719000, "capitalExpenditures": -29909000, "investments": -138493000, "otherCashflowsFromInvestingActivities": 10934000, "totalCashflowsFromInvestingActivities": -110238000, "dividendsPaid": -70607000, "netBorrowings": 59496000, "otherCashflowsFromFinancingActivities": -35894000, "totalCashFromFinancingActivities": -47005000, "changeInCash": -524000}, {"maxAge": 1, "endDate": "2019-03-31", "netIncome": 178036000, "depreciation": 136336000, "changeToNetincome": 44154000, "changeToAccountReceivables": -294190000, "changeToLiabilities": -36602000, "changeToInventory": 34812000, "totalCashFromOperatingActivities": 62546000, "capitalExpenditures": -11039000, "investments": -138493000, "otherCashflowsFromInvestingActivities": 13647000, "totalCashflowsFromInvestingActivities": 2933000, "dividendsPaid": -29260000, "netBorrowings": 13030000, "otherCashflowsFromFinancingActivities": -121812000, "totalCashFromFinancingActivities": -138042000, "changeInCash": -72563000}, {"maxAge": 1, "endDate": "2018-03-31", "netIncome": 351624000, "depreciation": 154743000, "changeToNetincome": -51045000, "changeToAccountReceivables": -6493000, "changeToLiabilities": 38987000, "changeToInventory": -2137000, "totalCashFromOperatingActivities": 485679000, "capitalExpenditures": -15945000, "investments": -138493000, "otherCashflowsFromInvestingActivities": 14779000, "totalCashflowsFromInvestingActivities": 1642000, "dividendsPaid": -29260000, "netBorrowings": -248676000, "otherCashflowsFromFinancingActivities": -134529000, "totalCashFromFinancingActivities": -412465000, "changeInCash": 74856000}, {"maxAge": 1, "endDate": "2017-03-31", "netIncome": 374063000, "depreciation": 149860000, "changeToNetincome": 13884000, "changeToAccountReceivables": -93453000, "changeToLiabilities": -67939000, "changeToInventory": -22585000, "totalCashFromOperatingActivities": 353830000, "capitalExpenditures": -87660000, "investments": 974000, "otherCashflowsFromInvestingActivities": 7117000, "totalCashflowsFromInvestingActivities": -85989000, "dividendsPaid": -29260000, "netBorrowings": -166054000, "otherCashflowsFromFinancingActivities": -107536000, "totalCashFromFinancingActivities": -273590000, "changeInCash": -5749000}], "maxAge": 86400}, "institutionOwnership": {"ownershipList": [], "maxAge": 1}, "balanceSheetHistoryQuarterly": {"balanceSheetStatements": [{"maxAge": 1, "endDate": "2020-06-30", "totalStockholderEquity": 4731028000, "netTangibleAssets": 4720429000}, {"maxAge": 1, "endDate": "2020-03-31", "cash": 310021000, "shortTermInvestments": 1018755000, "netReceivables": 132778000, "inventory": 444497000, "otherCurrentAssets": 45759000, "totalCurrentAssets": 1951810000, "longTermInvestments": 28000, "propertyPlantEquipment": 882753000, "intangibleAssets": 10599000, "otherAssets": 7459047000, "deferredLongTermAssetCharges": 8077000, "totalAssets": 10304237000, "accountsPayable": 199846000, "otherCurrentLiab": 1344564000, "longTermDebt": 3205601000, "otherLiab": 230421000, "totalCurrentLiabilities": 2137187000, "totalLiab": 5573209000, "commonStock": 83600000, "treasuryStock": 4647428000, "otherStockholderEquity": 4647428000, "totalStockholderEquity": 4731028000, "netTangibleAssets": 4720429000}, {"maxAge": 1, "endDate": "2019-12-31", "totalStockholderEquity": 4591428000, "netTangibleAssets": 4591428000}, {"maxAge": 1, "endDate": "2019-09-30", "cash": 345194000, "shortTermInvestments": 1049417000, "netReceivables": 153533000, "inventory": 429950000, "otherCurrentAssets": 43285000, "totalCurrentAssets": 2021379000, "longTermInvestments": 38000, "propertyPlantEquipment": 921155000, "otherAssets": 7149072000, "deferredLongTermAssetCharges": 17489000, "totalAssets": 10091644000, "accountsPayable": 163635000, "otherCurrentLiab": 1361986000, "longTermDebt": 3447395000, "otherLiab": 230993000, "totalCurrentLiabilities": 1821828000, "totalLiab": 5500216000, "commonStock": 83600000, "treasuryStock": 4507828000, "otherStockholderEquity": 4507828000, "totalStockholderEquity": 4591428000, "netTangibleAssets": 4591428000}], "maxAge": 86400}, "earningsHistory": {"history": [{"maxAge": 1, "epsActual": {}, "epsEstimate": {}, "epsDifference": {}, "surprisePercent": {}, "quarter": {}, "period": "-4q"}, {"maxAge": 1, "epsActual": {}, "epsEstimate": {}, "epsDifference": {}, "surprisePercent": {}, "quarter": {}, "period": "-3q"}, {"maxAge": 1, "epsActual": {}, "epsEstimate": {}, "epsDifference": {}, "surprisePercent": {}, "quarter": {}, "period": "-2q"}, {"maxAge": 1, "epsActual": 3.68, "epsEstimate": 4.25, "epsDifference": -0.57, "surprisePercent": -0.134, "quarter": "2017-09-30", "period": "-1q"}], "maxAge": 86400}, "indexTrend": {"maxAge": 1, "symbol": "SP5", "peRatio": 19.7411, "pegRatio": 1.34172, "estimates": [{"period": "0q", "growth": 0.549}, {"period": "+1q", "growth": 0.431}, {"period": "0y", "growth": 0.305}, {"period": "+1y", "growth": 0.109}, {"period": "+5y", "growth": 0.120865}, {"period": "-5y"}]}, "industryTrend": {"maxAge": 1, "symbol": null, "estimates": []}, "insiderTransactions": {"transactions": [{"maxAge": 1, "shares": 733320, "filerUrl": "", "transactionText": "", "filerName": "Shah (Aruna Manharlal)", "filerRelation": "Non-Independent Non-Executive Director", "moneyText": "", "startDate": "2019-02-07", "ownership": "D"}, {"maxAge": 1, "shares": 362600, "filerUrl": "", "transactionText": "", "filerName": "Shah (Aruna Manharlal)", "filerRelation": "Non Independent Director", "moneyText": "", "startDate": "2017-01-11", "ownership": "D"}], "maxAge": 1}, "quoteType": {"exchange": "BSE", "quoteType": "EQUITY", "symbol": "RUBYMILLS.BO", "underlyingSymbol": "RUBYMILLS.BO", "shortName": "RUBY MILLS LTD.", "longName": "The Ruby Mills Limited", "firstTradeDateEpochUtc": "2002-05-22 09:15:00", "timeZoneFullName": "Asia/Kolkata", "timeZoneShortName": "IST", "uuid": "d403c9c0-d047-3895-bd28-1fabc29de9f6", "gmtOffSetMilliseconds": 19800000, "maxAge": 1}, "incomeStatementHistory": {"incomeStatementHistory": [{"maxAge": 1, "endDate": "2020-03-31", "totalRevenue": 1830802000, "costOfRevenue": 463073000, "grossProfit": 1367729000, "researchDevelopment": {}, "sellingGeneralAdministrative": 226075000, "nonRecurring": {}, "otherOperatingExpenses": 691234000, "totalOperatingExpenses": 1500493000, "operatingIncome": 330309000, "totalOtherIncomeExpenseNet": 48421000, "ebit": 330309000, "interestExpense": -50922000, "incomeBeforeTax": 378730000, "incomeTaxExpense": 101777000, "minorityInterest": {}, "netIncomeFromContinuingOps": 276953000, "discontinuedOperations": {}, "extraordinaryItems": {}, "effectOfAccountingCharges": {}, "otherItems": {}, "netIncome": 276953000, "netIncomeApplicableToCommonShares": 276953000}, {"maxAge": 1, "endDate": "2019-03-31", "totalRevenue": 1927563000, "costOfRevenue": 570978000, "grossProfit": 1356585000, "researchDevelopment": {}, "sellingGeneralAdministrative": 225526000, "nonRecurring": {}, "otherOperatingExpenses": 730758000, "totalOperatingExpenses": 1663598000, "operatingIncome": 263965000, "totalOtherIncomeExpenseNet": -11452000, "ebit": 263965000, "interestExpense": -89340000, "incomeBeforeTax": 252513000, "incomeTaxExpense": 74477000, "minorityInterest": {}, "netIncomeFromContinuingOps": 178036000, "discontinuedOperations": {}, "extraordinaryItems": {}, "effectOfAccountingCharges": {}, "otherItems": {}, "netIncome": 178036000, "netIncomeApplicableToCommonShares": 178036000}, {"maxAge": 1, "endDate": "2018-03-31", "totalRevenue": 1993661000, "costOfRevenue": 489419000, "grossProfit": 1504242000, "researchDevelopment": {}, "sellingGeneralAdministrative": 223049000, "nonRecurring": {}, "otherOperatingExpenses": 737521000, "totalOperatingExpenses": 1604732000, "operatingIncome": 388929000, "totalOtherIncomeExpenseNet": -19017000, "ebit": 388929000, "interestExpense": -80855000, "incomeBeforeTax": 369912000, "incomeTaxExpense": 18288000, "minorityInterest": {}, "netIncomeFromContinuingOps": 351624000, "discontinuedOperations": {}, "extraordinaryItems": {}, "effectOfAccountingCharges": {}, "otherItems": {}, "netIncome": 351624000, "netIncomeApplicableToCommonShares": 351624000}, {"maxAge": 1, "endDate": "2017-03-31", "totalRevenue": 2017487000, "costOfRevenue": 551615000, "grossProfit": 1465872000, "researchDevelopment": {}, "sellingGeneralAdministrative": 202392000, "nonRecurring": {}, "otherOperatingExpenses": 691017000, "totalOperatingExpenses": 1594884000, "operatingIncome": 422603000, "totalOtherIncomeExpenseNet": 39169000, "ebit": 422603000, "interestExpense": -95004000, "incomeBeforeTax": 461772000, "incomeTaxExpense": 87709000, "minorityInterest": {}, "netIncomeFromContinuingOps": 374063000, "discontinuedOperations": {}, "extraordinaryItems": {}, "effectOfAccountingCharges": {}, "otherItems": {}, "netIncome": 374063000, "netIncomeApplicableToCommonShares": 374063000}], "maxAge": 86400}, "fundOwnership": {"ownershipList": [], "maxAge": 1}, "summaryDetail": {"maxAge": 1, "priceHint": 2, "previousClose": 162.5, "open": 161.3, "dayLow": 160.0, "dayHigh": 168.0, "regularMarketPreviousClose": 162.5, "regularMarketOpen": 161.3, "regularMarketDayLow": 160.0, "regularMarketDayHigh": 168.0, "trailingPE": 11.089575, "forwardPE": 5.0889454, "volume": 1970, "regularMarketVolume": 1970, "averageVolume": 2756, "averageVolume10days": 1892, "averageDailyVolume10Day": 1892, "bid": 160.0, "ask": 167.8, "bidSize": 0, "askSize": 0, "marketCap": 2678543872, "fiftyTwoWeekLow": 112.25, "fiftyTwoWeekHigh": 232.05, "fiftyDayAverage": 197.4909, "twoHundredDayAverage": 175.39449, "trailingAnnualDividendRate": 1.75, "trailingAnnualDividendYield": 0.01076923, "currency": "INR", "fromCurrency": null, "lastMarket": null, "algorithm": null, "tradeable": false}, "sectorTrend": {"maxAge": 1, "symbol": null, "estimates": []}, "incomeStatementHistoryQuarterly": {"incomeStatementHistory": [{"maxAge": 1, "endDate": "2020-06-30", "totalRevenue": 89590000, "costOfRevenue": 5683000, "grossProfit": 83907000, "researchDevelopment": {}, "sellingGeneralAdministrative": 24188000, "nonRecurring": {}, "otherOperatingExpenses": 29744000, "totalOperatingExpenses": 78957000, "operatingIncome": 10633000, "totalOtherIncomeExpenseNet": -13957000, "ebit": 10633000, "interestExpense": -15805000, "incomeBeforeTax": -3324000, "incomeTaxExpense": 1041000, "minorityInterest": {}, "netIncomeFromContinuingOps": -4365000, "discontinuedOperations": {}, "extraordinaryItems": {}, "effectOfAccountingCharges": {}, "otherItems": {}, "netIncome": -4365000, "netIncomeApplicableToCommonShares": -4365000}, {"maxAge": 1, "endDate": "2020-03-31", "totalRevenue": 490473000, "costOfRevenue": 141799000, "grossProfit": 348674000, "researchDevelopment": {}, "sellingGeneralAdministrative": 56728000, "nonRecurring": {}, "otherOperatingExpenses": 158115000, "totalOperatingExpenses": 388649000, "operatingIncome": 101824000, "totalOtherIncomeExpenseNet": 33496000, "ebit": 101824000, "interestExpense": -14048000, "incomeBeforeTax": 135320000, "incomeTaxExpense": 44634000, "minorityInterest": {}, "netIncomeFromContinuingOps": 90686000, "discontinuedOperations": {}, "extraordinaryItems": {}, "effectOfAccountingCharges": {}, "otherItems": {}, "netIncome": 90686000, "netIncomeApplicableToCommonShares": 90686000}, {"maxAge": 1, "endDate": "2019-12-31", "totalRevenue": 448015000, "costOfRevenue": 95250000, "grossProfit": 352765000, "researchDevelopment": {}, "sellingGeneralAdministrative": 60842000, "nonRecurring": {}, "otherOperatingExpenses": 190218000, "totalOperatingExpenses": 376266000, "operatingIncome": 71749000, "totalOtherIncomeExpenseNet": 38626000, "ebit": 71749000, "interestExpense": -14048000, "incomeBeforeTax": 110375000, "incomeTaxExpense": 24479000, "minorityInterest": {}, "netIncomeFromContinuingOps": 85896000, "discontinuedOperations": {}, "extraordinaryItems": {}, "effectOfAccountingCharges": {}, "otherItems": {}, "netIncome": 85896000, "netIncomeApplicableToCommonShares": 85896000}, {"maxAge": 1, "endDate": "2019-09-30", "totalRevenue": 479654000, "costOfRevenue": 112315000, "grossProfit": 367339000, "researchDevelopment": {}, "sellingGeneralAdministrative": 55516000, "nonRecurring": {}, "otherOperatingExpenses": 179518000, "totalOperatingExpenses": 376630000, "operatingIncome": 103024000, "totalOtherIncomeExpenseNet": -11005000, "ebit": 103024000, "interestExpense": -28584000, "incomeBeforeTax": 92019000, "incomeTaxExpense": 22429000, "minorityInterest": {}, "netIncomeFromContinuingOps": 69590000, "discontinuedOperations": {}, "extraordinaryItems": {}, "effectOfAccountingCharges": {}, "otherItems": {}, "netIncome": 69590000, "netIncomeApplicableToCommonShares": 69590000}], "maxAge": 86400}, "cashflowStatementHistoryQuarterly": {"cashflowStatements": [{"maxAge": 1, "endDate": "2020-06-30", "netIncome": -4365000, "changeToLiabilities": 0}, {"maxAge": 1, "endDate": "2020-03-31", "netIncome": 90686000, "changeToLiabilities": 0}, {"maxAge": 1, "endDate": "2019-12-31", "netIncome": 85896000, "changeToLiabilities": 0}, {"maxAge": 1, "endDate": "2019-09-30", "netIncome": 69590000, "changeToLiabilities": 0}], "maxAge": 86400}, "insiderHolders": {"holders": [{"maxAge": 1, "name": "Shah (Aruna Manharlal)", "relation": "Non-Independent Non-Executive Director", "url": "", "transactionDescription": "Other", "latestTransDate": "2019-02-07", "positionDirect": 1327720, "positionDirectDate": "2019-02-07"}], "maxAge": 1}, "earnings": {"maxAge": 86400, "earningsChart": {"quarterly": [{"date": "3Q2017", "actual": 3.68, "estimate": 4.25}], "currentQuarterEstimateDate": "4Q", "currentQuarterEstimateYear": 2017, "earningsDate": []}, "financialsChart": {"yearly": [{"date": 2017, "revenue": 2017487000, "earnings": 374063000}, {"date": 2018, "revenue": 1993661000, "earnings": 351624000}, {"date": 2019, "revenue": 1927563000, "earnings": 178036000}, {"date": 2020, "revenue": 1830802000, "earnings": 276953000}], "quarterly": [{"date": "3Q2019", "revenue": 479654000, "earnings": 69590000}, {"date": "4Q2019", "revenue": 448015000, "earnings": 85896000}, {"date": "1Q2020", "revenue": 490473000, "earnings": 90686000}, {"date": "2Q2020", "revenue": 89590000, "earnings": -4365000}]}, "financialCurrency": "INR"}, "calendarEvents": {"maxAge": 1, "earnings": {"earningsDate": []}}, "upgradeDowngradeHistory": {"history": [], "maxAge": 86400}, "price": {"maxAge": 1, "regularMarketChangePercent": -0.014153865, "regularMarketChange": -2.300003, "regularMarketTime": "2021-04-30 15:16:59", "priceHint": 2, "regularMarketPrice": 160.2, "regularMarketDayHigh": 168.0, "regularMarketDayLow": 160.0, "regularMarketVolume": 1970, "averageDailyVolume10Day": 1892, "averageDailyVolume3Month": 2756, "regularMarketPreviousClose": 162.5, "regularMarketSource": "FREE_REALTIME", "regularMarketOpen": 161.3, "exchange": "BSE", "exchangeName": "BSE", "exchangeDataDelayedBy": 0, "marketState": "CLOSED", "quoteType": "EQUITY", "symbol": "RUBYMILLS.BO", "underlyingSymbol": null, "shortName": "RUBY MILLS LTD.", "longName": "The Ruby Mills Limited", "currency": "INR", "quoteSourceName": "Delayed Quote", "currencySymbol": "\u20b9", "fromCurrency": null, "lastMarket": null, "marketCap": 2678543872}, "balanceSheetHistory": {"balanceSheetStatements": [{"maxAge": 1, "endDate": "2020-03-31", "cash": 310021000, "shortTermInvestments": 1018755000, "netReceivables": 132778000, "inventory": 444497000, "otherCurrentAssets": 45759000, "totalCurrentAssets": 1951810000, "longTermInvestments": 28000, "propertyPlantEquipment": 882753000, "intangibleAssets": 10599000, "otherAssets": 7459047000, "deferredLongTermAssetCharges": 8077000, "totalAssets": 10304237000, "accountsPayable": 199846000, "otherCurrentLiab": 1344564000, "longTermDebt": 3205601000, "otherLiab": 230421000, "totalCurrentLiabilities": 2137187000, "totalLiab": 5573209000, "commonStock": 83600000, "treasuryStock": 4647428000, "otherStockholderEquity": 4647428000, "totalStockholderEquity": 4731028000, "netTangibleAssets": 4720429000}, {"maxAge": 1, "endDate": "2019-03-31", "cash": 8017000, "shortTermInvestments": 225000000, "netReceivables": 991158000, "inventory": 371463000, "otherCurrentAssets": 362220000, "totalCurrentAssets": 1957858000, "longTermInvestments": 28000, "propertyPlantEquipment": 948384000, "otherAssets": 7011797000, "deferredLongTermAssetCharges": 20581000, "totalAssets": 9918067000, "accountsPayable": 217338000, "shortLongTermDebt": 105773000, "otherCurrentLiab": 1081533000, "longTermDebt": 3351216000, "otherLiab": 229075000, "totalCurrentLiabilities": 1812440000, "totalLiab": 5392731000, "commonStock": 83600000, "retainedEarnings": 4272216000, "capitalSurplus": 169520000, "totalStockholderEquity": 4525336000, "netTangibleAssets": 4525336000}, {"maxAge": 1, "endDate": "2018-03-31", "cash": 80580000, "netReceivables": 1253852000, "inventory": 406275000, "otherCurrentAssets": 334078000, "totalCurrentAssets": 2074785000, "longTermInvestments": 28000, "propertyPlantEquipment": 1053516000, "otherAssets": 6667426000, "deferredLongTermAssetCharges": 19091000, "totalAssets": 9795755000, "accountsPayable": 243484000, "shortLongTermDebt": 441218000, "otherCurrentLiab": 1084017000, "longTermDebt": 2752076000, "otherLiab": 237174000, "totalCurrentLiabilities": 2422476000, "totalLiab": 5411726000, "commonStock": 83600000, "retainedEarnings": 4130909000, "capitalSurplus": 169520000, "totalStockholderEquity": 4384029000, "netTangibleAssets": 4384029000}, {"maxAge": 1, "endDate": "2017-03-31", "cash": 5724000, "netReceivables": 1241813000, "inventory": 404138000, "otherCurrentAssets": 261303000, "totalCurrentAssets": 1912978000, "longTermInvestments": 28000, "propertyPlantEquipment": 1158982000, "otherAssets": 6609239000, "deferredLongTermAssetCharges": -39384000, "totalAssets": 9681227000, "accountsPayable": 253117000, "shortLongTermDebt": 554312000, "otherCurrentLiab": 1067305000, "longTermDebt": 2948837000, "otherLiab": 222954000, "totalCurrentLiabilities": 2445286000, "totalLiab": 5617077000, "commonStock": 83600000, "retainedEarnings": 3811030000, "capitalSurplus": 169520000, "totalStockholderEquity": 4064150000, "netTangibleAssets": 4064150000}], "maxAge": 86400}, "earningsTrend": {"trend": [{"maxAge": 1, "period": "0q", "endDate": "2017-12-31", "growth": {}, "earningsEstimate": {"avg": 0.0, "low": 0.0, "high": 0.0, "yearAgoEps": {}, "numberOfAnalysts": 0, "growth": {}}, "revenueEstimate": {"avg": 0, "low": 0, "high": 0, "numberOfAnalysts": 0, "yearAgoRevenue": {}, "growth": {}}, "epsTrend": {"current": 0.0, "7daysAgo": 0.0, "30daysAgo": 0.0, "60daysAgo": 0.0, "90daysAgo": 0.0}, "epsRevisions": {"upLast7days": 0, "upLast30days": 0, "downLast30days": 0, "downLast90days": {}}}, {"maxAge": 1, "period": "+1q", "endDate": "2018-03-31", "growth": {}, "earningsEstimate": {"avg": 0.0, "low": 0.0, "high": 0.0, "yearAgoEps": {}, "numberOfAnalysts": 0, "growth": {}}, "revenueEstimate": {"avg": 0, "low": 0, "high": 0, "numberOfAnalysts": 0, "yearAgoRevenue": 523910000, "growth": {}}, "epsTrend": {"current": 0.0, "7daysAgo": 0.0, "30daysAgo": 0.0, "60daysAgo": 0.0, "90daysAgo": 0.0}, "epsRevisions": {"upLast7days": 0, "upLast30days": 0, "downLast30days": 0, "downLast90days": {}}}, {"maxAge": 1, "period": "0y", "endDate": "2018-03-31", "growth": {}, "earningsEstimate": {"avg": 0.0, "low": 0.0, "high": 0.0, "yearAgoEps": {}, "numberOfAnalysts": 0, "growth": {}}, "revenueEstimate": {"avg": 0, "low": 2183280000, "high": 2183280000, "numberOfAnalysts": 1, "yearAgoRevenue": 2006910000, "growth": {}}, "epsTrend": {"current": 0.0, "7daysAgo": 25.05, "30daysAgo": 25.05, "60daysAgo": 25.05, "90daysAgo": 25.05}, "epsRevisions": {"upLast7days": 0, "upLast30days": 0, "downLast30days": 0, "downLast90days": {}}}, {"maxAge": 1, "period": "+1y", "endDate": "2019-03-31", "growth": {}, "earningsEstimate": {"avg": 0.0, "low": 0.0, "high": 0.0, "yearAgoEps": {}, "numberOfAnalysts": 0, "growth": {}}, "revenueEstimate": {"avg": 2401610000, "low": 2401610000, "high": 2401610000, "numberOfAnalysts": 1, "yearAgoRevenue": {}, "growth": {}}, "epsTrend": {"current": 0.0, "7daysAgo": 28.38, "30daysAgo": 28.38, "60daysAgo": 28.38, "90daysAgo": 28.38}, "epsRevisions": {"upLast7days": 0, "upLast30days": 0, "downLast30days": 0, "downLast90days": {}}}, {"maxAge": 1, "period": "+5y", "endDate": null, "growth": {}, "earningsEstimate": {"avg": {}, "low": {}, "high": {}, "yearAgoEps": {}, "numberOfAnalysts": {}, "growth": {}}, "revenueEstimate": {"avg": {}, "low": {}, "high": {}, "numberOfAnalysts": {}, "yearAgoRevenue": {}, "growth": {}}, "epsTrend": {"current": {}, "7daysAgo": {}, "30daysAgo": {}, "60daysAgo": {}, "90daysAgo": {}}, "epsRevisions": {"upLast7days": {}, "upLast30days": {}, "downLast30days": {}, "downLast90days": {}}}, {"maxAge": 1, "period": "-5y", "endDate": null, "growth": {}, "earningsEstimate": {"avg": {}, "low": {}, "high": {}, "yearAgoEps": {}, "numberOfAnalysts": {}, "growth": {}}, "revenueEstimate": {"avg": {}, "low": {}, "high": {}, "numberOfAnalysts": {}, "yearAgoRevenue": {}, "growth": {}}, "epsTrend": {"current": {}, "7daysAgo": {}, "30daysAgo": {}, "60daysAgo": {}, "90daysAgo": {}}, "epsRevisions": {"upLast7days": {}, "upLast30days": {}, "downLast30days": {}, "downLast90days": {}}}], "maxAge": 1}, "financialData": {"maxAge": 86400, "currentPrice": 160.2, "targetHighPrice": 155.0, "targetLowPrice": 155.0, "targetMeanPrice": 155.0, "targetMedianPrice": 155.0, "recommendationKey": "none", "numberOfAnalystOpinions": 1, "grossProfits": 1367729000, "financialCurrency": "INR"}}}