{"RUCHINFRA.BO": {"cashflowStatementHistory": {"cashflowStatements": [{"maxAge": 1, "endDate": "2020-03-31", "netIncome": -62175000, "depreciation": 212508000, "changeToNetincome": 227184000, "changeToAccountReceivables": -106309000, "changeToLiabilities": 29233000, "changeToInventory": 110002000, "totalCashFromOperatingActivities": 410752000, "capitalExpenditures": -15648000, "investments": -1113000, "otherCashflowsFromInvestingActivities": 70836000, "totalCashflowsFromInvestingActivities": 120762000, "netBorrowings": -463246000, "otherCashflowsFromFinancingActivities": -53591000, "totalCashFromFinancingActivities": -516837000, "changeInCash": 14677000}, {"maxAge": 1, "endDate": "2019-03-31", "netIncome": -155586000, "depreciation": 218026000, "changeToNetincome": 191622000, "changeToAccountReceivables": 14116000, "changeToLiabilities": -59430000, "changeToInventory": 44378000, "totalCashFromOperatingActivities": 253473000, "capitalExpenditures": -103489000, "investments": 210526000, "otherCashflowsFromInvestingActivities": -12952000, "totalCashflowsFromInvestingActivities": 116579000, "netBorrowings": -199537000, "otherCashflowsFromFinancingActivities": -248171000, "totalCashFromFinancingActivities": -447708000, "changeInCash": -77656000}, {"maxAge": 1, "endDate": "2018-03-31", "netIncome": -86080000, "depreciation": 240859000, "changeToNetincome": 152632000, "changeToAccountReceivables": 621885000, "changeToLiabilities": -554555000, "changeToInventory": -15302000, "totalCashFromOperatingActivities": 362095000, "capitalExpenditures": -117442000, "investments": -82125000, "otherCashflowsFromInvestingActivities": 12572000, "totalCashflowsFromInvestingActivities": -31470000, "netBorrowings": -203625000, "otherCashflowsFromFinancingActivities": -225472000, "totalCashFromFinancingActivities": -429097000, "changeInCash": -98472000}, {"maxAge": 1, "endDate": "2017-03-31", "netIncome": -70150138, "depreciation": 222364171, "changeToNetincome": 386090494, "changeToAccountReceivables": 577763410, "changeToLiabilities": -823835621, "changeToInventory": 1847394032, "totalCashFromOperatingActivities": 2139626348, "capitalExpenditures": -551768036, "investments": 122054655, "otherCashflowsFromInvestingActivities": 3973523, "totalCashflowsFromInvestingActivities": -421564072, "netBorrowings": -1328168348, "otherCashflowsFromFinancingActivities": -344759763, "totalCashFromFinancingActivities": -1672928111, "changeInCash": 45134165}], "maxAge": 86400}, "institutionOwnership": {"maxAge": 1, "ownershipList": []}, "balanceSheetHistoryQuarterly": {"balanceSheetStatements": [{"maxAge": 1, "endDate": "2020-06-30", "totalStockholderEquity": 1218890000, "netTangibleAssets": 1044334000}, {"maxAge": 1, "endDate": "2020-03-31", "cash": 44508000, "netReceivables": 733619000, "inventory": 4807000, "otherCurrentAssets": 64202000, "totalCurrentAssets": 847136000, "longTermInvestments": 100854000, "propertyPlantEquipment": 2508947000, "goodWill": 161545000, "intangibleAssets": 13011000, "otherAssets": 236525000, "deferredLongTermAssetCharges": 98752000, "totalAssets": 3868018000, "accountsPayable": 820928000, "shortLongTermDebt": 134004000, "otherCurrentLiab": 61106000, "longTermDebt": 1439891000, "otherLiab": 55187000, "minorityInterest": -11000, "totalCurrentLiabilities": 1088908000, "totalLiab": 2649139000, "commonStock": 205240000, "retainedEarnings": 189763000, "treasuryStock": 546030000, "capitalSurplus": 277857000, "otherStockholderEquity": 546030000, "totalStockholderEquity": 1218890000, "netTangibleAssets": 1044334000}, {"maxAge": 1, "endDate": "2019-12-31", "totalStockholderEquity": 1294900000, "netTangibleAssets": 1119300000}, {"maxAge": 1, "endDate": "2019-09-30", "cash": 21200000, "shortTermInvestments": 324300000, "netReceivables": 738300000, "inventory": 4300000, "otherCurrentAssets": 103800000, "totalCurrentAssets": 867600000, "longTermInvestments": 180300000, "propertyPlantEquipment": 2608900000, "intangibleAssets": 175600000, "otherAssets": 191300000, "deferredLongTermAssetCharges": 97100000, "totalAssets": 4023700000, "accountsPayable": 814700000, "shortLongTermDebt": 170300000, "otherCurrentLiab": 105000000, "longTermDebt": 1474700000, "otherLiab": 120300000, "minorityInterest": 100000, "totalCurrentLiabilities": 1133700000, "totalLiab": 2728700000, "commonStock": 205200000, "treasuryStock": 1089700000, "otherStockholderEquity": 1089700000, "totalStockholderEquity": 1294900000, "netTangibleAssets": 1119300000}], "maxAge": 86400}, "indexTrend": {"maxAge": 1, "symbol": "SP5", "peRatio": 19.7411, "pegRatio": 1.34172, "estimates": [{"period": "0q", "growth": 0.549}, {"period": "+1q", "growth": 0.431}, {"period": "0y", "growth": 0.305}, {"period": "+1y", "growth": 0.109}, {"period": "+5y", "growth": 0.120859005}, {"period": "-5y"}]}, "insiderTransactions": {"transactions": [{"maxAge": 1, "shares": 4204835, "filerUrl": "", "transactionText": "", "filerName": "Bunkim Finance & Investments Pvt. Ltd.", "filerRelation": "Promoter", "moneyText": "", "startDate": "2020-08-18", "ownership": "D"}, {"maxAge": 1, "shares": 4355000, "filerUrl": "", "transactionText": "", "filerName": "Jayati Finance & Investments Pvt. Ltd.", "filerRelation": "Institution- Corporation", "moneyText": "", "startDate": "2020-07-02", "ownership": "D"}, {"maxAge": 1, "shares": 8000000, "filerUrl": "", "transactionText": "", "filerName": "Indivar foundation", "filerRelation": "UNREPORTED", "moneyText": "", "startDate": "2019-06-17", "ownership": "D"}, {"maxAge": 1, "shares": 7000000, "filerUrl": "", "transactionText": "", "filerName": "Indivar foundation", "filerRelation": "UNREPORTED", "moneyText": "", "startDate": "2019-03-29", "ownership": "D"}, {"maxAge": 1, "shares": 2500000, "filerUrl": "", "transactionText": "", "filerName": "Shahra (Savitri Devi)", "filerRelation": "Promoter", "moneyText": "", "startDate": "2018-12-24", "ownership": "D"}], "maxAge": 1}, "quoteType": {"exchange": "BSE", "quoteType": "EQUITY", "symbol": "RUCHINFRA.BO", "underlyingSymbol": "RUCHINFRA.BO", "shortName": "RUCHI INFRASTRUCTURE LTD.", "longName": "Ruchi Infrastructure Limited", "firstTradeDateEpochUtc": "2003-07-22 09:15:00", "timeZoneFullName": "Asia/Kolkata", "timeZoneShortName": "IST", "uuid": "96eb60e9-b6df-3edc-a278-8a07e383604c", "messageBoardId": null, "gmtOffSetMilliseconds": 19800000, "maxAge": 1}, "incomeStatementHistory": {"incomeStatementHistory": [{"maxAge": 1, "endDate": "2020-03-31", "totalRevenue": 861060000, "costOfRevenue": 335344000, "grossProfit": 525716000, "researchDevelopment": {}, "sellingGeneralAdministrative": 115760000, "nonRecurring": {}, "otherOperatingExpenses": 188483000, "totalOperatingExpenses": 859654000, "operatingIncome": 1406000, "totalOtherIncomeExpenseNet": -56900000, "ebit": 1406000, "interestExpense": -164399000, "incomeBeforeTax": -55494000, "incomeTaxExpense": 6619000, "minorityInterest": -11000, "netIncomeFromContinuingOps": -62113000, "discontinuedOperations": {}, "extraordinaryItems": {}, "effectOfAccountingCharges": {}, "otherItems": {}, "netIncome": -62175000, "netIncomeApplicableToCommonShares": -94939000}, {"maxAge": 1, "endDate": "2019-03-31", "totalRevenue": 749811000, "costOfRevenue": 250997000, "grossProfit": 498814000, "researchDevelopment": {}, "sellingGeneralAdministrative": 114717000, "nonRecurring": {}, "otherOperatingExpenses": 224587000, "totalOperatingExpenses": 808674000, "operatingIncome": -58863000, "totalOtherIncomeExpenseNet": -122438000, "ebit": -58863000, "interestExpense": -188595000, "incomeBeforeTax": -181301000, "incomeTaxExpense": -25678000, "minorityInterest": 66000, "netIncomeFromContinuingOps": -155623000, "discontinuedOperations": {}, "extraordinaryItems": {}, "effectOfAccountingCharges": {}, "otherItems": {}, "netIncome": -155586000, "netIncomeApplicableToCommonShares": -195020000}, {"maxAge": 1, "endDate": "2018-03-31", "totalRevenue": 764805000, "costOfRevenue": 256151000, "grossProfit": 508654000, "researchDevelopment": {}, "sellingGeneralAdministrative": 104560000, "nonRecurring": {}, "otherOperatingExpenses": 229879000, "totalOperatingExpenses": 831471000, "operatingIncome": -66666000, "totalOtherIncomeExpenseNet": -63871000, "ebit": -66666000, "interestExpense": -220434000, "incomeBeforeTax": -130537000, "incomeTaxExpense": -44472000, "minorityInterest": 103000, "netIncomeFromContinuingOps": -86065000, "discontinuedOperations": {}, "extraordinaryItems": {}, "effectOfAccountingCharges": {}, "otherItems": {}, "netIncome": -86080000, "netIncomeApplicableToCommonShares": -125514000}, {"maxAge": 1, "endDate": "2017-03-31", "totalRevenue": 3151773045, "costOfRevenue": 2301911509, "grossProfit": 849861536, "researchDevelopment": {}, "sellingGeneralAdministrative": 104881218, "nonRecurring": {}, "otherOperatingExpenses": 300146974, "totalOperatingExpenses": 2929303872, "operatingIncome": 222469173, "totalOtherIncomeExpenseNet": -294321744, "ebit": 222469173, "interestExpense": -332918891, "incomeBeforeTax": -71852571, "incomeTaxExpense": -1724830, "minorityInterest": 87841, "netIncomeFromContinuingOps": -70127741, "discontinuedOperations": {}, "extraordinaryItems": {}, "effectOfAccountingCharges": {}, "otherItems": {}, "netIncome": -70150138, "netIncomeApplicableToCommonShares": -109583708}], "maxAge": 86400}, "fundOwnership": {"maxAge": 1, "ownershipList": []}, "summaryDetail": {"maxAge": 1, "priceHint": 2, "previousClose": 5.7, "open": 5.55, "dayLow": 5.55, "dayHigh": 5.84, "regularMarketPreviousClose": 5.7, "regularMarketOpen": 5.55, "regularMarketDayLow": 5.55, "regularMarketDayHigh": 5.84, "volume": 10790, "regularMarketVolume": 10790, "averageVolume": 43437, "averageVolume10days": 39546, "averageDailyVolume10Day": 39546, "bid": 5.8, "ask": 5.82, "bidSize": 0, "askSize": 0, "marketCap": 1194496896, "fiftyTwoWeekLow": 1.8, "fiftyTwoWeekHigh": 20.65, "fiftyDayAverage": 7.2314286, "twoHundredDayAverage": 8.192846, "currency": "INR", "fromCurrency": null, "toCurrency": null, "lastMarket": null, "algorithm": null, "tradeable": false}, "incomeStatementHistoryQuarterly": {"incomeStatementHistory": [{"maxAge": 1, "endDate": "2020-06-30", "totalRevenue": 159000000, "costOfRevenue": 4900000, "grossProfit": 154100000, "researchDevelopment": {}, "sellingGeneralAdministrative": 23600000, "nonRecurring": {}, "otherOperatingExpenses": 35400000, "totalOperatingExpenses": 111100000, "operatingIncome": 47900000, "totalOtherIncomeExpenseNet": -26200000, "ebit": 47900000, "interestExpense": -32900000, "incomeBeforeTax": 21700000, "incomeTaxExpense": -1700000, "minorityInterest": {}, "netIncomeFromContinuingOps": 23400000, "discontinuedOperations": {}, "extraordinaryItems": {}, "effectOfAccountingCharges": {}, "otherItems": {}, "netIncome": 23400000, "netIncomeApplicableToCommonShares": 23400000}, {"maxAge": 1, "endDate": "2020-03-31", "totalRevenue": 208460000, "costOfRevenue": 151644000, "grossProfit": 56816000, "researchDevelopment": {}, "sellingGeneralAdministrative": 43660000, "nonRecurring": {}, "otherOperatingExpenses": -38617000, "totalOperatingExpenses": 221354000, "operatingIncome": -12894000, "totalOtherIncomeExpenseNet": 1000000, "ebit": -12894000, "interestExpense": -45299000, "incomeBeforeTax": -11894000, "incomeTaxExpense": 4519000, "minorityInterest": -11000, "netIncomeFromContinuingOps": -16413000, "discontinuedOperations": {}, "extraordinaryItems": {}, "effectOfAccountingCharges": {}, "otherItems": {}, "netIncome": -16475000, "netIncomeApplicableToCommonShares": -49239000}, {"maxAge": 1, "endDate": "2019-12-31", "totalRevenue": 175400000, "costOfRevenue": 61800000, "grossProfit": 113600000, "researchDevelopment": {}, "sellingGeneralAdministrative": 23300000, "nonRecurring": {}, "otherOperatingExpenses": 79100000, "totalOperatingExpenses": 215200000, "operatingIncome": -39800000, "totalOtherIncomeExpenseNet": -18500000, "ebit": -39800000, "interestExpense": -34400000, "incomeBeforeTax": -58300000, "incomeTaxExpense": -2700000, "minorityInterest": -11000, "netIncomeFromContinuingOps": -55600000, "discontinuedOperations": {}, "extraordinaryItems": {}, "effectOfAccountingCharges": {}, "otherItems": {}, "netIncome": -55600000, "netIncomeApplicableToCommonShares": -55600000}, {"maxAge": 1, "endDate": "2019-09-30", "totalRevenue": 308400000, "costOfRevenue": 113000000, "grossProfit": 195400000, "researchDevelopment": {}, "sellingGeneralAdministrative": 24900000, "nonRecurring": {}, "otherOperatingExpenses": 93000000, "totalOperatingExpenses": 284700000, "operatingIncome": 23700000, "totalOtherIncomeExpenseNet": -5400000, "ebit": 23700000, "interestExpense": -39500000, "incomeBeforeTax": 18300000, "incomeTaxExpense": 5200000, "minorityInterest": 100000, "netIncomeFromContinuingOps": 13100000, "discontinuedOperations": {}, "extraordinaryItems": {}, "effectOfAccountingCharges": {}, "otherItems": {}, "netIncome": 13000000, "netIncomeApplicableToCommonShares": 13000000}], "maxAge": 86400}, "cashflowStatementHistoryQuarterly": {"cashflowStatements": [{"maxAge": 1, "endDate": "2020-06-30", "netIncome": 23400000, "changeToLiabilities": 0}, {"maxAge": 1, "endDate": "2020-03-31", "netIncome": -16475000, "changeToLiabilities": 0}, {"maxAge": 1, "endDate": "2019-12-31", "netIncome": -55600000, "changeToLiabilities": 0}, {"maxAge": 1, "endDate": "2019-09-30", "netIncome": 13000000, "changeToLiabilities": 0}], "maxAge": 86400}, "insiderHolders": {"holders": [{"maxAge": 1, "name": "Bunkim Finance & Investments Pvt. Ltd.", "relation": "Promoter", "url": "", "transactionDescription": "Sale", "latestTransDate": "2020-08-18", "positionDirect": 7601486, "positionDirectDate": "2020-08-18"}, {"maxAge": 1, "name": "Indivar foundation", "relation": "UNREPORTED", "url": "", "transactionDescription": "Acquisition", "latestTransDate": "2019-06-17", "positionDirect": 15000000, "positionDirectDate": "2019-06-17"}, {"maxAge": 1, "name": "Jayati Finance & Investments Pvt. Ltd.", "relation": "Institution- Corporation", "url": "", "transactionDescription": "Sale", "latestTransDate": "2020-07-02", "positionDirect": 7351230, "positionDirectDate": "2020-07-02"}, {"maxAge": 1, "name": "Shahra (Savitri Devi)", "relation": "Promoter", "url": "", "transactionDescription": "Sale", "latestTransDate": "2018-12-24", "positionDirect": 0, "positionDirectDate": "2018-12-24"}], "maxAge": 1}, "calendarEvents": {"maxAge": 1, "earnings": {"earningsDate": []}}, "price": {"maxAge": 1, "regularMarketChangePercent": 0.021052696, "regularMarketChange": 0.12000036, "regularMarketTime": "2021-04-30 15:11:48", "priceHint": 2, "regularMarketPrice": 5.82, "regularMarketDayHigh": 5.84, "regularMarketDayLow": 5.55, "regularMarketVolume": 10790, "averageDailyVolume10Day": 39546, "averageDailyVolume3Month": 43437, "regularMarketPreviousClose": 5.7, "regularMarketSource": "FREE_REALTIME", "regularMarketOpen": 5.55, "exchange": "BSE", "exchangeName": "BSE", "exchangeDataDelayedBy": 0, "marketState": "CLOSED", "quoteType": "EQUITY", "symbol": "RUCHINFRA.BO", "underlyingSymbol": null, "shortName": "RUCHI INFRASTRUCTURE LTD.", "longName": "Ruchi Infrastructure Limited", "currency": "INR", "quoteSourceName": "Delayed Quote", "currencySymbol": "\u20b9", "fromCurrency": null, "toCurrency": null, "lastMarket": null, "marketCap": 1194496896}, "balanceSheetHistory": {"balanceSheetStatements": [{"maxAge": 1, "endDate": "2020-03-31", "cash": 44508000, "netReceivables": 733619000, "inventory": 4807000, "otherCurrentAssets": 64202000, "totalCurrentAssets": 847136000, "longTermInvestments": 100854000, "propertyPlantEquipment": 2508947000, "goodWill": 161545000, "intangibleAssets": 13011000, "otherAssets": 236525000, "deferredLongTermAssetCharges": 98752000, "totalAssets": 3868018000, "accountsPayable": 820928000, "shortLongTermDebt": 134004000, "otherCurrentLiab": 61106000, "longTermDebt": 1439891000, "otherLiab": 55187000, "minorityInterest": -11000, "totalCurrentLiabilities": 1088908000, "totalLiab": 2649139000, "commonStock": 205240000, "retainedEarnings": 189763000, "treasuryStock": 546030000, "capitalSurplus": 277857000, "otherStockholderEquity": 546030000, "totalStockholderEquity": 1218890000, "netTangibleAssets": 1044334000}, {"maxAge": 1, "endDate": "2019-03-31", "cash": 29831000, "netReceivables": 807468000, "inventory": 114991000, "otherCurrentAssets": 94868000, "totalCurrentAssets": 1047158000, "longTermInvestments": 126676000, "propertyPlantEquipment": 2567832000, "goodWill": 161545000, "intangibleAssets": 14577000, "otherAssets": 398173000, "deferredLongTermAssetCharges": 83239000, "totalAssets": 4315961000, "accountsPayable": 807958000, "shortLongTermDebt": 159683000, "otherCurrentLiab": 57465000, "longTermDebt": 1886751000, "otherLiab": 51659000, "minorityInterest": 66000, "totalCurrentLiabilities": 1074821000, "totalLiab": 3013231000, "commonStock": 205240000, "retainedEarnings": 267288000, "treasuryStock": 552279000, "capitalSurplus": 277857000, "otherStockholderEquity": 552279000, "totalStockholderEquity": 1302664000, "netTangibleAssets": 1126542000}, {"maxAge": 1, "endDate": "2018-03-31", "cash": 107487000, "netReceivables": 801349000, "inventory": 173969000, "otherCurrentAssets": 96559000, "totalCurrentAssets": 1180510000, "longTermInvestments": 411353000, "propertyPlantEquipment": 2710156000, "goodWill": 161545000, "intangibleAssets": 15196000, "otherAssets": 310355000, "deferredLongTermAssetCharges": 47641000, "totalAssets": 4789115000, "accountsPayable": 875500000, "shortLongTermDebt": 153457000, "otherCurrentLiab": 38960000, "longTermDebt": 2130016000, "otherLiab": 52805000, "minorityInterest": 103000, "totalCurrentLiabilities": 1079183000, "totalLiab": 3262004000, "commonStock": 205240000, "retainedEarnings": 617783000, "treasuryStock": 426128000, "capitalSurplus": 277857000, "otherStockholderEquity": 426128000, "totalStockholderEquity": 1527008000, "netTangibleAssets": 1350267000}, {"maxAge": 1, "endDate": "2017-03-31", "cash": 207837563, "netReceivables": 1550407275, "inventory": 184623372, "otherCurrentAssets": 76219916, "totalCurrentAssets": 2020140126, "longTermInvestments": 415240055, "propertyPlantEquipment": 2867494873, "goodWill": 161544790, "intangibleAssets": 16646103, "otherAssets": 246972272, "totalAssets": 5728038219, "accountsPayable": 1368214077, "shortLongTermDebt": 150273294, "otherCurrentLiab": 88496654, "longTermDebt": 2299098795, "otherLiab": 59398486, "minorityInterest": 87841, "totalCurrentLiabilities": 1674009282, "totalLiab": 4032506563, "commonStock": 205239942, "retainedEarnings": 703833761, "treasuryStock": 508513245, "capitalSurplus": 277856867, "otherStockholderEquity": 508513245, "totalStockholderEquity": 1695443815, "netTangibleAssets": 1517252922}], "maxAge": 86400}, "financialData": {"maxAge": 86400, "currentPrice": 5.82, "recommendationKey": "none", "grossProfits": 525716000, "financialCurrency": "INR"}}}