{"RUDRA.BO": {"cashflowStatementHistory": {"cashflowStatements": [{"maxAge": 1, "endDate": "2020-03-31", "netIncome": 2369652, "depreciation": 56696321, "changeToNetincome": 158471287, "changeToAccountReceivables": -41045406, "changeToLiabilities": 38956007, "changeToInventory": -298825314, "totalCashFromOperatingActivities": -83377453, "capitalExpenditures": -15464258, "investments": -69492, "otherCashflowsFromInvestingActivities": 7204080, "totalCashflowsFromInvestingActivities": -88631186, "netBorrowings": 141212455, "otherCashflowsFromFinancingActivities": -159875722, "totalCashFromFinancingActivities": 181336733, "changeInCash": 9328094, "issuanceOfStock": 200000000}, {"maxAge": 1, "endDate": "2019-03-31", "netIncome": 157498158, "depreciation": 46366078, "changeToNetincome": 101626123, "changeToAccountReceivables": -23302266, "changeToLiabilities": 118679529, "changeToInventory": -542727212, "totalCashFromOperatingActivities": -141859590, "capitalExpenditures": -219679209, "investments": -287138, "otherCashflowsFromInvestingActivities": 9479062, "totalCashflowsFromInvestingActivities": -226101114, "netBorrowings": 416589708, "otherCashflowsFromFinancingActivities": -73524958, "totalCashFromFinancingActivities": 343064750, "changeInCash": -24895954, "issuanceOfStock": 200000000}, {"maxAge": 1, "endDate": "2018-03-31", "netIncome": 112764854, "depreciation": 43441550, "changeToNetincome": 79374721, "changeToAccountReceivables": -253624733, "changeToLiabilities": 393449661, "changeToInventory": -164005189, "changeToOperatingActivities": -14538968, "totalCashFromOperatingActivities": 211400864, "capitalExpenditures": -147112657, "investments": -287138, "otherCashflowsFromInvestingActivities": 3401001, "totalCashflowsFromInvestingActivities": -122146957, "dividendsPaid": -24087704, "netBorrowings": -39561988, "otherCashflowsFromFinancingActivities": -70246630, "totalCashFromFinancingActivities": -109808618, "changeInCash": -20554711, "issuanceOfStock": 200000000}, {"maxAge": 1, "endDate": "2017-03-31", "netIncome": 57412149, "depreciation": 40857175, "changeToNetincome": 79165646, "changeToAccountReceivables": 38435736, "changeToLiabilities": -297907726, "changeToInventory": 168607983, "changeToOperatingActivities": -44226367, "totalCashFromOperatingActivities": 42344596, "capitalExpenditures": -140989191, "investments": -287138, "otherCashflowsFromInvestingActivities": -316271, "totalCashflowsFromInvestingActivities": -33967177, "dividendsPaid": -24087704, "netBorrowings": 62723148, "otherCashflowsFromFinancingActivities": -64156761, "totalCashFromFinancingActivities": -1433613, "changeInCash": 6943806, "issuanceOfStock": 200000000}], "maxAge": 86400}, "institutionOwnership": {"ownershipList": [], "maxAge": 1}, "balanceSheetHistoryQuarterly": {"balanceSheetStatements": [{"maxAge": 1, "endDate": "2020-09-30", "cash": 24608000, "netReceivables": 250852000, "inventory": 1347821000, "otherCurrentAssets": 170792000, "totalCurrentAssets": 1794073000, "longTermInvestments": 74347000, "propertyPlantEquipment": 642840000, "otherAssets": 9091000, "totalAssets": 2520351000, "accountsPayable": 342215000, "shortLongTermDebt": 884529000, "otherCurrentLiab": 109307000, "longTermDebt": 416694000, "otherLiab": 101357000, "totalCurrentLiabilities": 1354368000, "totalLiab": 1872419000, "commonStock": 250860000, "treasuryStock": 397072000, "otherStockholderEquity": 397072000, "totalStockholderEquity": 647932000, "netTangibleAssets": 647932000}, {"maxAge": 1, "endDate": "2020-06-30", "totalStockholderEquity": 1003865740, "netTangibleAssets": 1003865740}, {"maxAge": 1, "endDate": "2020-03-31", "cash": 24902387, "netReceivables": 502295963, "inventory": 1476325536, "otherCurrentAssets": 167330293, "totalCurrentAssets": 2183361531, "longTermInvestments": 69577639, "propertyPlantEquipment": 645650784, "otherAssets": 34721253, "totalAssets": 2933311207, "accountsPayable": 581812008, "shortLongTermDebt": 32009975, "otherCurrentLiab": 126055554, "longTermDebt": 181562727, "otherLiab": 107620474, "totalCurrentLiabilities": 1640262266, "totalLiab": 1929445467, "commonStock": 250859570, "retainedEarnings": 396343778, "capitalSurplus": 356662392, "totalStockholderEquity": 1003865740, "netTangibleAssets": 1003865740}, {"maxAge": 1, "endDate": "2019-12-31", "totalStockholderEquity": 807185000, "netTangibleAssets": 807185000}], "maxAge": 86400}, "indexTrend": {"maxAge": 1, "symbol": "SP5", "peRatio": 19.7411, "pegRatio": 1.34172, "estimates": [{"period": "0q", "growth": 0.549}, {"period": "+1q", "growth": 0.431}, {"period": "0y", "growth": 0.305}, {"period": "+1y", "growth": 0.109}, {"period": "+5y", "growth": 0.120859005}, {"period": "-5y"}]}, "insiderTransactions": {"transactions": [{"maxAge": 1, "shares": 99825, "filerUrl": "", "transactionText": "", "filerName": "Gupta (Nikhil Ashokkumar)", "filerRelation": "Promoter", "moneyText": "", "startDate": "2019-12-31", "ownership": "D"}, {"maxAge": 1, "shares": 99825, "filerUrl": "", "transactionText": "", "filerName": "Gupta (Sahil Ashok)", "filerRelation": "Promoter", "moneyText": "", "startDate": "2019-12-31", "ownership": "D"}, {"maxAge": 1, "shares": 60000, "filerUrl": "", "transactionText": "", "filerName": "Gupta (Nikhil Ashokkumar)", "filerRelation": "Promoter", "moneyText": "", "startDate": "2019-03-29", "ownership": "D"}, {"maxAge": 1, "shares": 53376, "filerUrl": "", "transactionText": "", "filerName": "Gupta (Nikhil Ashokkumar)", "filerRelation": "Promoter", "moneyText": "", "startDate": "2019-03-28", "ownership": "D"}, {"maxAge": 1, "shares": 65424, "filerUrl": "", "transactionText": "", "filerName": "Gupta (Nikhil Ashokkumar)", "filerRelation": "Promoter", "moneyText": "", "startDate": "2019-03-27", "ownership": "D"}, {"maxAge": 1, "shares": 45908, "filerUrl": "", "transactionText": "", "filerName": "Gupta (Nikhil Ashokkumar)", "filerRelation": "Promoter", "moneyText": "", "startDate": "2019-03-26", "ownership": "D"}, {"maxAge": 1, "shares": 30000, "filerUrl": "", "transactionText": "", "filerName": "Gupta (Nikhil Ashokkumar)", "filerRelation": "Promoter", "moneyText": "", "startDate": "2019-03-25", "ownership": "D"}], "maxAge": 1}, "quoteType": {"exchange": "BSE", "quoteType": "EQUITY", "symbol": "RUDRA.BO", "underlyingSymbol": "RUDRA.BO", "shortName": "RUDRA GLOBAL INFRA PRODUCTS LI", "longName": "Rudra Global Infra Products Limited", "firstTradeDateEpochUtc": "2015-07-16 09:15:00", "timeZoneFullName": "Asia/Kolkata", "timeZoneShortName": "IST", "uuid": "954c7ec7-f03f-3e3b-af33-555f7f6bd1d3", "gmtOffSetMilliseconds": 19800000, "maxAge": 1}, "incomeStatementHistory": {"incomeStatementHistory": [{"maxAge": 1, "endDate": "2020-03-31", "totalRevenue": 3610127905, "costOfRevenue": 3267063205, "grossProfit": 343064700, "researchDevelopment": {}, "sellingGeneralAdministrative": 58550653, "nonRecurring": {}, "otherOperatingExpenses": 59259924, "totalOperatingExpenses": 3441570103, "operatingIncome": 168557802, "totalOtherIncomeExpenseNet": -160439503, "ebit": 168557802, "interestExpense": -159875722, "incomeBeforeTax": 8118299, "incomeTaxExpense": 5748647, "minorityInterest": {}, "netIncomeFromContinuingOps": 2369652, "discontinuedOperations": {}, "extraordinaryItems": {}, "effectOfAccountingCharges": {}, "otherItems": {}, "netIncome": 2369652, "netIncomeApplicableToCommonShares": 2369652}, {"maxAge": 1, "endDate": "2019-03-31", "totalRevenue": 5572543289, "costOfRevenue": 5080035832, "grossProfit": 492507457, "researchDevelopment": {}, "sellingGeneralAdministrative": 64632294, "nonRecurring": {}, "otherOperatingExpenses": 96089508, "totalOperatingExpenses": 5287123712, "operatingIncome": 285419577, "totalOtherIncomeExpenseNet": -29781391, "ebit": 285419577, "interestExpense": -73524958, "incomeBeforeTax": 255638186, "incomeTaxExpense": 98140028, "minorityInterest": {}, "netIncomeFromContinuingOps": 157498158, "discontinuedOperations": {}, "extraordinaryItems": {}, "effectOfAccountingCharges": {}, "otherItems": {}, "netIncome": 157498158, "netIncomeApplicableToCommonShares": 157498158}, {"maxAge": 1, "endDate": "2018-03-31", "totalRevenue": 3866041211, "costOfRevenue": 2750710279, "grossProfit": 1115330932, "researchDevelopment": {}, "sellingGeneralAdministrative": 57988523, "nonRecurring": {}, "otherOperatingExpenses": 753642702, "totalOperatingExpenses": 3605783054, "operatingIncome": 260258157, "totalOtherIncomeExpenseNet": -82944913, "ebit": 260258157, "interestExpense": -63742548, "incomeBeforeTax": 177313244, "incomeTaxExpense": 64548390, "minorityInterest": {}, "netIncomeFromContinuingOps": 112764854, "discontinuedOperations": {}, "extraordinaryItems": {}, "effectOfAccountingCharges": {}, "otherItems": {}, "netIncome": 112764854, "netIncomeApplicableToCommonShares": 112764854}, {"maxAge": 1, "endDate": "2017-03-31", "totalRevenue": 2634499787, "costOfRevenue": 1789759140, "grossProfit": 844740647, "researchDevelopment": {}, "sellingGeneralAdministrative": 43475564, "nonRecurring": {}, "otherOperatingExpenses": 615992642, "totalOperatingExpenses": 2490084521, "operatingIncome": 144415266, "totalOtherIncomeExpenseNet": -55416717, "ebit": 144415266, "interestExpense": -60474652, "incomeBeforeTax": 88998549, "incomeTaxExpense": 31586400, "minorityInterest": {}, "netIncomeFromContinuingOps": 57412149, "discontinuedOperations": {}, "extraordinaryItems": {}, "effectOfAccountingCharges": {}, "otherItems": {}, "netIncome": 57412149, "netIncomeApplicableToCommonShares": 57412149}], "maxAge": 86400}, "fundOwnership": {"ownershipList": [], "maxAge": 1}, "summaryDetail": {"maxAge": 1, "priceHint": 2, "previousClose": 29.45, "open": 30.05, "dayLow": 30.0, "dayHigh": 30.05, "regularMarketPreviousClose": 29.45, "regularMarketOpen": 30.05, "regularMarketDayLow": 30.0, "regularMarketDayHigh": 30.05, "volume": 29, "regularMarketVolume": 29, "averageVolume": 1803, "averageVolume10days": 15480, "averageDailyVolume10Day": 15480, "bid": 29.45, "ask": 30.0, "bidSize": 0, "askSize": 0, "marketCap": 722630976, "fiftyTwoWeekLow": 30.0, "fiftyTwoWeekHigh": 113.9, "fiftyDayAverage": 78.28939, "twoHundredDayAverage": 94.81434, "trailingAnnualDividendRate": 1.0, "trailingAnnualDividendYield": 0.033955857, "currency": "INR", "fromCurrency": null, "lastMarket": null, "algorithm": null, "tradeable": false}, "incomeStatementHistoryQuarterly": {"incomeStatementHistory": [{"maxAge": 1, "endDate": "2020-09-30", "totalRevenue": 566894000, "costOfRevenue": 598897000, "grossProfit": -32003000, "researchDevelopment": {}, "sellingGeneralAdministrative": 9438000, "nonRecurring": {}, "otherOperatingExpenses": 16514000, "totalOperatingExpenses": 639376000, "operatingIncome": -72482000, "totalOtherIncomeExpenseNet": -44300000, "ebit": -72482000, "interestExpense": -44300000, "incomeBeforeTax": -116782000, "incomeTaxExpense": 373000, "minorityInterest": {}, "netIncomeFromContinuingOps": -117155000, "discontinuedOperations": {}, "extraordinaryItems": {}, "effectOfAccountingCharges": {}, "otherItems": {}, "netIncome": -117155000, "netIncomeApplicableToCommonShares": -117155000}, {"maxAge": 1, "endDate": "2020-06-30", "totalRevenue": 288647000, "costOfRevenue": 472641000, "grossProfit": -183994000, "researchDevelopment": {}, "sellingGeneralAdministrative": 8298000, "nonRecurring": {}, "otherOperatingExpenses": -13022000, "totalOperatingExpenses": 482177000, "operatingIncome": -193530000, "totalOtherIncomeExpenseNet": -43476000, "ebit": -193530000, "interestExpense": -43476000, "incomeBeforeTax": -237006000, "incomeTaxExpense": 402000, "minorityInterest": {}, "netIncomeFromContinuingOps": -237408000, "discontinuedOperations": {}, "extraordinaryItems": {}, "effectOfAccountingCharges": {}, "otherItems": {}, "netIncome": -237408000, "netIncomeApplicableToCommonShares": -237408000}, {"maxAge": 1, "endDate": "2020-03-31", "totalRevenue": 742613905, "costOfRevenue": 1112524205, "grossProfit": -369910300, "researchDevelopment": {}, "sellingGeneralAdministrative": 21166653, "nonRecurring": {}, "otherOperatingExpenses": -474327076, "totalOperatingExpenses": 673699103, "operatingIncome": 68914802, "totalOtherIncomeExpenseNet": -91147503, "ebit": 68914802, "interestExpense": -49078722, "incomeBeforeTax": -22232701, "incomeTaxExpense": -8793353, "minorityInterest": {}, "netIncomeFromContinuingOps": -13439348, "discontinuedOperations": {}, "extraordinaryItems": {}, "effectOfAccountingCharges": {}, "otherItems": {}, "netIncome": -13439348, "netIncomeApplicableToCommonShares": -13439348}, {"maxAge": 1, "endDate": "2019-12-31", "totalRevenue": 444471000, "costOfRevenue": 277333000, "grossProfit": 167138000, "researchDevelopment": {}, "sellingGeneralAdministrative": 9437000, "nonRecurring": {}, "otherOperatingExpenses": 108306000, "totalOperatingExpenses": 410311000, "operatingIncome": 34160000, "totalOtherIncomeExpenseNet": -19034000, "ebit": 34160000, "interestExpense": -47853000, "incomeBeforeTax": 15126000, "incomeTaxExpense": 5451000, "minorityInterest": {}, "netIncomeFromContinuingOps": 9675000, "discontinuedOperations": {}, "extraordinaryItems": {}, "effectOfAccountingCharges": {}, "otherItems": {}, "netIncome": 9675000, "netIncomeApplicableToCommonShares": 9675000}], "maxAge": 86400}, "cashflowStatementHistoryQuarterly": {"cashflowStatements": [{"maxAge": 1, "endDate": "2020-09-30", "netIncome": -117155000, "changeToLiabilities": 0}, {"maxAge": 1, "endDate": "2020-06-30", "netIncome": -237408000, "changeToLiabilities": 0}, {"maxAge": 1, "endDate": "2020-03-31", "netIncome": -13439348, "changeToLiabilities": 0}, {"maxAge": 1, "endDate": "2019-12-31", "netIncome": 9675000, "changeToLiabilities": 0}], "maxAge": 86400}, "insiderHolders": {"holders": [{"maxAge": 1, "name": "Gupta (Nikhil Ashokkumar)", "relation": "Promoter", "url": "", "transactionDescription": "Other", "latestTransDate": "2019-12-31", "positionDirect": 2586724, "positionDirectDate": "2019-12-31"}, {"maxAge": 1, "name": "Gupta (Sahil Ashok)", "relation": "Promoter", "url": "", "transactionDescription": "Other", "latestTransDate": "2019-12-31", "positionDirect": 5638575, "positionDirectDate": "2019-12-31"}], "maxAge": 1}, "calendarEvents": {"maxAge": 1, "earnings": {"earningsDate": ["2020-10-13 05:30:S"]}}, "upgradeDowngradeHistory": {"history": [], "maxAge": 86400}, "price": {"maxAge": 1, "regularMarketChangePercent": 0.018675694, "regularMarketChange": 0.54999924, "regularMarketTime": "2021-04-30 15:22:00", "priceHint": 2, "regularMarketPrice": 30.0, "regularMarketDayHigh": 30.05, "regularMarketDayLow": 30.0, "regularMarketVolume": 29, "averageDailyVolume10Day": 15480, "averageDailyVolume3Month": 1803, "regularMarketPreviousClose": 29.45, "regularMarketSource": "FREE_REALTIME", "regularMarketOpen": 30.05, "exchange": "BSE", "exchangeName": "BSE", "exchangeDataDelayedBy": 0, "marketState": "CLOSED", "quoteType": "EQUITY", "symbol": "RUDRA.BO", "underlyingSymbol": null, "shortName": "RUDRA GLOBAL INFRA PRODUCTS LI", "longName": "Rudra Global Infra Products Limited", "currency": "INR", "quoteSourceName": "Delayed Quote", "currencySymbol": "\u20b9", "fromCurrency": null, "lastMarket": null, "marketCap": 722630976}, "balanceSheetHistory": {"balanceSheetStatements": [{"maxAge": 1, "endDate": "2020-03-31", "cash": 24902387, "netReceivables": 502295963, "inventory": 1476325536, "otherCurrentAssets": 167330293, "totalCurrentAssets": 2183361531, "longTermInvestments": 69577639, "propertyPlantEquipment": 645650784, "otherAssets": 34721253, "totalAssets": 2933311207, "accountsPayable": 581812008, "shortLongTermDebt": 32009975, "otherCurrentLiab": 126055554, "longTermDebt": 181562727, "otherLiab": 107620474, "totalCurrentLiabilities": 1640262266, "totalLiab": 1929445467, "commonStock": 250859570, "retainedEarnings": 396343778, "capitalSurplus": 356662392, "totalStockholderEquity": 1003865740, "netTangibleAssets": 1003865740}, {"maxAge": 1, "endDate": "2019-03-31", "cash": 15574293, "netReceivables": 262194668, "inventory": 1177500222, "otherCurrentAssets": 290784969, "totalCurrentAssets": 1756004191, "longTermInvestments": 72976343, "propertyPlantEquipment": 691167329, "otherAssets": 24825585, "totalAssets": 2544973448, "accountsPayable": 585403349, "shortLongTermDebt": 40381145, "otherCurrentLiab": 60410711, "longTermDebt": 379433925, "otherLiab": 102868626, "totalCurrentLiabilities": 1261208782, "totalLiab": 1743511333, "commonStock": 240877040, "retainedEarnings": 393940153, "treasuryStock": 560074000, "capitalSurplus": 166644922, "otherStockholderEquity": 560074000, "totalStockholderEquity": 801462115, "netTangibleAssets": 801462115}, {"maxAge": 1, "endDate": "2018-03-31", "cash": 40559893, "netReceivables": 522224066, "inventory": 634773010, "otherCurrentAssets": 32267562, "totalCurrentAssets": 1231427947, "longTermInvestments": 66186477, "propertyPlantEquipment": 518179311, "otherAssets": 2385217, "totalAssets": 1818178952, "accountsPayable": 463392066, "shortLongTermDebt": 40674375, "otherCurrentLiab": 52902678, "longTermDebt": 159263792, "otherLiab": 74073820, "deferredLongTermLiab": 2423023, "totalCurrentLiabilities": 941055962, "totalLiab": 1174393574, "commonStock": 240877040, "retainedEarnings": 236263416, "capitalSurplus": 166644922, "totalStockholderEquity": 643785378, "netTangibleAssets": 643785378}, {"maxAge": 1, "endDate": "2017-03-31", "cash": 61114606, "netReceivables": 287114151, "inventory": 470767821, "otherCurrentAssets": 29654217, "totalCurrentAssets": 852844158, "longTermInvestments": 46340924, "propertyPlantEquipment": 417478523, "intangibleAssets": 19458829, "otherAssets": 6231624, "totalAssets": 1342354058, "accountsPayable": 86184377, "shortLongTermDebt": 31985643, "otherCurrentLiab": 56890088, "longTermDebt": 237394996, "otherLiab": 48685582, "deferredLongTermLiab": 4184283, "totalCurrentLiabilities": 516426960, "totalLiab": 802507538, "commonStock": 240877040, "retainedEarnings": 127478512, "capitalSurplus": 171490968, "totalStockholderEquity": 539846520, "netTangibleAssets": 520387691}], "maxAge": 86400}, "financialData": {"maxAge": 86400, "currentPrice": 30.0, "recommendationKey": "none", "grossProfits": 343064700, "financialCurrency": "INR"}}}