{"RUPA.NS": {"assetProfile": {"address1": "Metro Tower", "address2": "8th Floor 1, Ho Chi Minh Sarani", "city": "Kolkata", "zip": "700071", "country": "India", "phone": "91 33 4057 3100", "fax": "91 33 2288 1362", "website": "http://www.rupa.co.in", "industry": "Apparel Manufacturing", "sector": "Consumer Cyclical", "longBusinessSummary": "Rupa & Company Limited, together with its subsidiaries, manufactures and sells hosiery products for men, women, and kids in India and internationally. It offers vests, briefs, drawers, bermudas, capri's, T-shirts, loungers, boxer shorts, sleep wear, socks, and thermals for men; bras, panties, camisole, leggings, T-shirts, capri's, loungers, thermal uppers and lowers, and socks for women; vests, briefs, drawers, T-shirts, bermudas, capri's, loungers, thermals, and socks for kids; and plus baba suits and frocks for toddlers. The company offers its products under names of Frontline, Jon, Air, Macroman, Macroman M-series, Macrowoman W-series, Euro, Bumchums, Torrido, Thermocot, Kidline, Footline, Femmora, Softline, etc. It also generates power through a windmill. The company sells its products through approximately 1,25,000 retail outlets and various e-commerce portals, as well as through 7 exclusive brand outlets and approximately 1000 dealers. Rupa & Company Limited was founded in 1968 and is based in Kolkata, India.", "fullTimeEmployees": 1167, "companyOfficers": [{"maxAge": 1, "name": "Mr. Prahlad Rai Agarwala", "age": 82, "title": "Exec. Chairman & Whole-Time Director", "yearBorn": 1938, "fiscalYear": 2020, "totalPay": 20800000, "exercisedValue": 0, "unexercisedValue": 0}, {"maxAge": 1, "name": "Mr. Dinesh  Lodha", "age": 48, "title": "Chief Exec. Officer", "yearBorn": 1972, "fiscalYear": 2020, "totalPay": 25575000, "exercisedValue": 0, "unexercisedValue": 0}, {"maxAge": 1, "name": "Mr. Ghanshyam Prasad Agarwala", "age": 75, "title": "Vice-Chairman & Whole-Time Director", "yearBorn": 1945, "fiscalYear": 2020, "totalPay": 10200000, "exercisedValue": 0, "unexercisedValue": 0}, {"maxAge": 1, "name": "Mr. Ramesh  Agarwal", "age": 52, "title": "CFO & Whole-Time Director", "yearBorn": 1968, "fiscalYear": 2020, "totalPay": 10200000, "exercisedValue": 0, "unexercisedValue": 0}, {"maxAge": 1, "name": "Mr. Kundan Kumar Jha", "title": "Company Sec. & Compliance Officer", "fiscalYear": 2020, "totalPay": 2308000, "exercisedValue": 0, "unexercisedValue": 0}, {"maxAge": 1, "name": "Mr. Kunj Bihari Agarwala", "age": 71, "title": "MD & Exec. Director", "yearBorn": 1949, "fiscalYear": 2020, "totalPay": 10200000, "exercisedValue": 0, "unexercisedValue": 0}, {"maxAge": 1, "name": "Mr. Mukesh H. Agarwal", "age": 49, "title": "Whole-Time Director", "yearBorn": 1971, "fiscalYear": 2020, "totalPay": 10200000, "exercisedValue": 0, "unexercisedValue": 0}, {"maxAge": 1, "name": "Mr. Niraj  Kabra", "age": 38, "title": "Exec. Director", "yearBorn": 1982, "fiscalYear": 2020, "totalPay": 1843000, "exercisedValue": 0, "unexercisedValue": 0}, {"maxAge": 1, "name": "Mr. Suresh  Agarwal", "title": "Pres", "exercisedValue": 0, "unexercisedValue": 0}, {"maxAge": 1, "name": "Mr. Manish  Agarwal", "age": 45, "title": "Pres", "yearBorn": 1975, "fiscalYear": 2018, "exercisedValue": 0, "unexercisedValue": 0}], "compensationAsOfEpochDate": "2020-12-31 05:30:00", "maxAge": 86400}, "recommendationTrend": {"trend": [{"period": "0m", "strongBuy": 0, "buy": 0, "hold": 0, "sell": 0, "strongSell": 0}, {"period": "-1m", "strongBuy": 0, "buy": 2, "hold": 0, "sell": 0, "strongSell": 0}, {"period": "-2m", "strongBuy": 0, "buy": 2, "hold": 0, "sell": 0, "strongSell": 0}, {"period": "-3m", "strongBuy": 0, "buy": 2, "hold": 0, "sell": 0, "strongSell": 0}], "maxAge": 86400}, "cashflowStatementHistory": {"cashflowStatements": [{"maxAge": 1, "endDate": "2020-03-31", "netIncome": 619034000, "depreciation": 177258000, "changeToNetincome": -88550000, "changeToAccountReceivables": 1441095000, "changeToLiabilities": -89829000, "changeToInventory": -850187000, "changeToOperatingActivities": -312973000, "totalCashFromOperatingActivities": 903735000, "capitalExpenditures": -181304000, "otherCashflowsFromInvestingActivities": 11497000, "totalCashflowsFromInvestingActivities": -151877000, "dividendsPaid": -238574000, "netBorrowings": -347847000, "otherCashflowsFromFinancingActivities": -224615000, "totalCashFromFinancingActivities": -811036000, "changeInCash": -59178000}, {"maxAge": 1, "endDate": "2019-03-31", "netIncome": 741778000, "depreciation": 142177000, "changeToNetincome": 21056000, "changeToAccountReceivables": -453418000, "changeToLiabilities": -158712000, "changeToInventory": -504864000, "changeToOperatingActivities": -67477000, "totalCashFromOperatingActivities": -271520000, "capitalExpenditures": -244816000, "otherCashflowsFromInvestingActivities": 24252000, "totalCashflowsFromInvestingActivities": -197999000, "dividendsPaid": -238573000, "netBorrowings": 948831000, "otherCashflowsFromFinancingActivities": -233917000, "totalCashFromFinancingActivities": 476341000, "changeInCash": 6822000}, {"maxAge": 1, "endDate": "2018-03-31", "netIncome": 862299000, "depreciation": 149577000, "changeToNetincome": 94243000, "changeToAccountReceivables": -1410464000, "changeToLiabilities": 638990000, "changeToInventory": -369238000, "changeToOperatingActivities": 176485000, "totalCashFromOperatingActivities": 150180000, "capitalExpenditures": -174038000, "investments": -952000, "otherCashflowsFromInvestingActivities": 23759000, "totalCashflowsFromInvestingActivities": -170547000, "dividendsPaid": -218692000, "netBorrowings": 314912000, "otherCashflowsFromFinancingActivities": -125150000, "totalCashFromFinancingActivities": -28930000, "changeInCash": -49297000}, {"maxAge": 1, "endDate": "2017-03-31", "netIncome": 722836939, "depreciation": 158167073, "changeToNetincome": 216454322, "changeToAccountReceivables": -380531677, "changeToLiabilities": 137390047, "changeToInventory": 71556118, "changeToOperatingActivities": 47609333, "totalCashFromOperatingActivities": 977393072, "capitalExpenditures": -198675452, "investments": -1074748, "otherCashflowsFromInvestingActivities": 11691343, "totalCashflowsFromInvestingActivities": -186984069, "dividendsPaid": -218692000, "netBorrowings": -641524011, "otherCashflowsFromFinancingActivities": -106099547, "totalCashFromFinancingActivities": -747623558, "changeInCash": 42785445}], "maxAge": 86400}, "indexTrend": {"maxAge": 1, "symbol": "SP5", "peRatio": 19.7411, "pegRatio": 1.34172, "estimates": [{"period": "0q", "growth": 0.549}, {"period": "+1q", "growth": 0.431}, {"period": "0y", "growth": 0.305}, {"period": "+1y", "growth": 0.109}, {"period": "+5y", "growth": 0.120865}, {"period": "-5y"}]}, "defaultKeyStatistics": {"maxAge": 1, "priceHint": 2, "enterpriseValue": 25185648640, "forwardPE": 22.640152, "profitMargins": 0.10123, "floatShares": 4293422, "sharesOutstanding": 79524600, "heldPercentInsiders": 0.94472003, "heldPercentInstitutions": 0.00014, "beta": 1.442667, "category": null, "bookValue": 78.004, "priceToBook": 3.831214, "fundFamily": null, "legalType": null, "lastFiscalYearEnd": "2020-03-31 05:30:00", "nextFiscalYearEnd": "2022-03-31 05:30:00", "mostRecentQuarter": "2020-12-31 05:30:00", "earningsQuarterlyGrowth": 0.523, "netIncomeToCommon": 1050755968, "trailingEps": 13.211, "forwardEps": 12.2, "lastSplitFactor": null, "enterpriseToRevenue": 2.426, "enterpriseToEbitda": 14.44}, "industryTrend": {"maxAge": 1, "symbol": null, "estimates": []}, "quoteType": {"exchange": "NSI", "quoteType": "EQUITY", "symbol": "RUPA.NS", "underlyingSymbol": "RUPA.NS", "shortName": "RUPA & CO LTD", "longName": "Rupa & Company Limited", "firstTradeDateEpochUtc": "2011-12-07 09:15:00", "timeZoneFullName": "Asia/Kolkata", "timeZoneShortName": "IST", "uuid": "c4344ce9-42e5-39c9-8d15-d533d817037f", "gmtOffSetMilliseconds": 19800000, "maxAge": 1}, "incomeStatementHistory": {"incomeStatementHistory": [{"maxAge": 1, "endDate": "2020-03-31", "totalRevenue": 9746428000, "costOfRevenue": 4048491000, "grossProfit": 5697937000, "researchDevelopment": {}, "sellingGeneralAdministrative": 1385696000, "nonRecurring": {}, "otherOperatingExpenses": 3174770000, "totalOperatingExpenses": 8794102000, "operatingIncome": 952326000, "totalOtherIncomeExpenseNet": -112501000, "ebit": 952326000, "interestExpense": -180484000, "incomeBeforeTax": 839825000, "incomeTaxExpense": 220791000, "minorityInterest": {}, "netIncomeFromContinuingOps": 619034000, "discontinuedOperations": {}, "extraordinaryItems": {}, "effectOfAccountingCharges": {}, "otherItems": {}, "netIncome": 619034000, "netIncomeApplicableToCommonShares": 619034000}, {"maxAge": 1, "endDate": "2019-03-31", "totalRevenue": 11486478000, "costOfRevenue": 5015051000, "grossProfit": 6471427000, "researchDevelopment": {}, "sellingGeneralAdministrative": 1440912000, "nonRecurring": {}, "otherOperatingExpenses": 3518305000, "totalOperatingExpenses": 10124385000, "operatingIncome": 1362093000, "totalOtherIncomeExpenseNet": -167313000, "ebit": 1362093000, "interestExpense": -178283000, "incomeBeforeTax": 1194780000, "incomeTaxExpense": 453002000, "minorityInterest": {}, "netIncomeFromContinuingOps": 741778000, "discontinuedOperations": {}, "extraordinaryItems": {}, "effectOfAccountingCharges": {}, "otherItems": {}, "netIncome": 741778000, "netIncomeApplicableToCommonShares": 741778000}, {"maxAge": 1, "endDate": "2018-03-31", "totalRevenue": 11203686000, "costOfRevenue": 5241752000, "grossProfit": 5961934000, "researchDevelopment": {}, "sellingGeneralAdministrative": 505454000, "nonRecurring": {}, "otherOperatingExpenses": 3901801000, "totalOperatingExpenses": 9806550000, "operatingIncome": 1397136000, "totalOtherIncomeExpenseNet": -56885000, "ebit": 1397136000, "interestExpense": -76592000, "incomeBeforeTax": 1340251000, "incomeTaxExpense": 477952000, "minorityInterest": {}, "netIncomeFromContinuingOps": 862299000, "discontinuedOperations": {}, "extraordinaryItems": {}, "effectOfAccountingCharges": {}, "otherItems": {}, "netIncome": 862299000, "netIncomeApplicableToCommonShares": 862299000}, {"maxAge": 1, "endDate": "2017-03-31", "totalRevenue": 10928336495, "costOfRevenue": 5021765656, "grossProfit": 5906570839, "researchDevelopment": {}, "sellingGeneralAdministrative": 410760492, "nonRecurring": {}, "otherOperatingExpenses": 4083201942, "totalOperatingExpenses": 9677484442, "operatingIncome": 1250852053, "totalOtherIncomeExpenseNet": -104173454, "ebit": 1250852053, "interestExpense": -99991461, "incomeBeforeTax": 1146678599, "incomeTaxExpense": 423841660, "minorityInterest": {}, "netIncomeFromContinuingOps": 722836939, "discontinuedOperations": {}, "extraordinaryItems": {}, "effectOfAccountingCharges": {}, "otherItems": {}, "netIncome": 722836939, "netIncomeApplicableToCommonShares": 722836939}], "maxAge": 86400}, "fundOwnership": {"ownershipList": [], "maxAge": 1}, "summaryDetail": {"maxAge": 1, "priceHint": 2, "previousClose": 302.7, "open": 302.75, "dayLow": 297.1, "dayHigh": 303.7, "regularMarketPreviousClose": 302.7, "regularMarketOpen": 302.75, "regularMarketDayLow": 297.1, "regularMarketDayHigh": 303.7, "dividendRate": 3.0, "dividendYield": 0.0098, "exDividendDate": "2020-09-10 05:30:00", "payoutRatio": 0.22709998, "beta": 1.442667, "trailingPE": 22.6213, "forwardPE": 24.495903, "volume": 19064, "regularMarketVolume": 19064, "averageVolume": 152660, "averageVolume10days": 41205, "averageDailyVolume10Day": 41205, "bid": 0.0, "ask": 0.0, "bidSize": 0, "askSize": 0, "marketCap": 23699163136, "fiftyTwoWeekLow": 120.0, "fiftyTwoWeekHigh": 361.75, "priceToSalesTrailing12Months": 2.2831998, "fiftyDayAverage": 315.10736, "twoHundredDayAverage": 254.87553, "trailingAnnualDividendRate": 3.0, "trailingAnnualDividendYield": 0.009910802, "currency": "INR", "fromCurrency": null, "lastMarket": null, "algorithm": null, "tradeable": false}, "insiderHolders": {"holders": [{"maxAge": 1, "name": "Agarwal (Anusha)", "relation": "UNREPORTED", "url": "", "transactionDescription": "Other", "latestTransDate": "2021-03-30", "positionDirect": 25000, "positionDirectDate": "2021-03-30"}, {"maxAge": 1, "name": "Agarwal (Aparesh)", "relation": "UNREPORTED", "url": "", "transactionDescription": "Other", "latestTransDate": "2021-03-30", "positionDirect": 113085, "positionDirectDate": "2021-03-30"}, {"maxAge": 1, "name": "Agarwal (Avnish)", "relation": "UNREPORTED", "url": "", "transactionDescription": "Other", "latestTransDate": "2021-03-30", "positionDirect": 103160, "positionDirectDate": "2021-03-30"}, {"maxAge": 1, "name": "Agarwal (Keshav)", "relation": "UNREPORTED", "url": "", "transactionDescription": "Other", "latestTransDate": "2021-03-30", "positionDirect": 58810, "positionDirectDate": "2021-03-30"}, {"maxAge": 1, "name": "Agarwal (Manisha)", "relation": "Promoter", "url": "", "transactionDescription": "Other", "latestTransDate": "2021-03-30", "positionDirect": 1282550, "positionDirectDate": "2021-03-30"}, {"maxAge": 1, "name": "Agarwal (Prahlad Rai)", "relation": "Non Independent Chairman Of The Board", "url": "", "transactionDescription": "Sale", "latestTransDate": "2021-03-30", "positionDirect": 2160196, "positionDirectDate": "2021-03-30"}, {"maxAge": 1, "name": "Agarwal (Rajnish)", "relation": "Promoter", "url": "", "transactionDescription": "Other", "latestTransDate": "2021-03-30", "positionDirect": 1327180, "positionDirectDate": "2021-03-30"}, {"maxAge": 1, "name": "Agarwal (Siddhant)", "relation": "UNREPORTED", "url": "", "transactionDescription": "Other", "latestTransDate": "2021-03-30", "positionDirect": 113085, "positionDirectDate": "2021-03-30"}, {"maxAge": 1, "name": "Agarwal (Srishti)", "relation": "UNREPORTED", "url": "", "transactionDescription": "Other", "latestTransDate": "2021-03-30", "positionDirect": 15260, "positionDirectDate": "2021-03-30"}, {"maxAge": 1, "name": "Agarwal (Vaardhi)", "relation": "UNREPORTED", "url": "", "transactionDescription": "Other", "latestTransDate": "2021-03-30", "positionDirect": 25000, "positionDirectDate": "2021-03-30"}], "maxAge": 1}, "calendarEvents": {"maxAge": 1, "earnings": {"earningsDate": [], "revenueLow": 248200000, "revenueHigh": 248200000}, "exDividendDate": "2020-09-10 05:30:00"}, "upgradeDowngradeHistory": {"history": [], "maxAge": 86400}, "price": {"maxAge": 1, "regularMarketChangePercent": -0.012718883, "regularMarketChange": -3.850006, "regularMarketTime": "2021-04-30 15:29:44", "priceHint": 2, "regularMarketPrice": 298.85, "regularMarketDayHigh": 303.7, "regularMarketDayLow": 297.1, "regularMarketVolume": 19064, "averageDailyVolume10Day": 41205, "averageDailyVolume3Month": 152660, "regularMarketPreviousClose": 302.7, "regularMarketSource": "FREE_REALTIME", "regularMarketOpen": 302.75, "exchange": "NSI", "exchangeName": "NSE", "exchangeDataDelayedBy": 15, "marketState": "CLOSED", "quoteType": "EQUITY", "symbol": "RUPA.NS", "underlyingSymbol": null, "shortName": "RUPA & CO LTD", "longName": "Rupa & Company Limited", "currency": "INR", "quoteSourceName": "Delayed Quote", "currencySymbol": "\u20b9", "fromCurrency": null, "lastMarket": null, "marketCap": 23699163136}, "balanceSheetHistory": {"balanceSheetStatements": [{"maxAge": 1, "endDate": "2020-03-31", "cash": 12831000, "netReceivables": 2588845000, "inventory": 4762496000, "otherCurrentAssets": 396446000, "totalCurrentAssets": 7777798000, "longTermInvestments": 18000, "propertyPlantEquipment": 1844433000, "intangibleAssets": 72613000, "otherAssets": 248410000, "deferredLongTermAssetCharges": 19418000, "totalAssets": 9943272000, "accountsPayable": 1379772000, "shortLongTermDebt": 30987000, "otherCurrentLiab": 491530000, "longTermDebt": 108991000, "otherLiab": 27066000, "totalCurrentLiabilities": 3959030000, "totalLiab": 4163726000, "commonStock": 79524000, "retainedEarnings": 5011819000, "treasuryStock": 172000, "capitalSurplus": 688031000, "otherStockholderEquity": 172000, "totalStockholderEquity": 5779546000, "netTangibleAssets": 5706933000}, {"maxAge": 1, "endDate": "2019-03-31", "cash": 72009000, "netReceivables": 3994315000, "inventory": 3900516000, "otherCurrentAssets": 232383000, "totalCurrentAssets": 8210140000, "longTermInvestments": 18000, "propertyPlantEquipment": 1755279000, "intangibleAssets": 90401000, "otherAssets": 108524000, "totalAssets": 10164362000, "accountsPayable": 1489151000, "shortLongTermDebt": 25005000, "otherCurrentLiab": 553530000, "longTermDebt": 81265000, "otherLiab": 39385000, "totalCurrentLiabilities": 4596986000, "totalLiab": 4717636000, "commonStock": 79524000, "retainedEarnings": 4679066000, "treasuryStock": 105000, "capitalSurplus": 688031000, "otherStockholderEquity": 105000, "totalStockholderEquity": 5446726000, "netTangibleAssets": 5356325000}, {"maxAge": 1, "endDate": "2018-03-31", "cash": 65187000, "netReceivables": 3562703000, "inventory": 3375406000, "otherCurrentAssets": 118318000, "totalCurrentAssets": 7134972000, "longTermInvestments": 2772000, "propertyPlantEquipment": 1646672000, "intangibleAssets": 108256000, "otherAssets": 98858000, "totalAssets": 8991530000, "accountsPayable": 1650882000, "shortLongTermDebt": 7764000, "otherCurrentLiab": 577082000, "otherLiab": 153445000, "totalCurrentLiabilities": 3845953000, "totalLiab": 3999398000, "commonStock": 79525000, "retainedEarnings": 4224472000, "treasuryStock": 104000, "capitalSurplus": 688031000, "otherStockholderEquity": 104000, "totalStockholderEquity": 4992132000, "netTangibleAssets": 4883876000}, {"maxAge": 1, "endDate": "2017-03-31", "cash": 114484991, "netReceivables": 2145378732, "inventory": 3005384309, "otherCurrentAssets": 33272131, "totalCurrentAssets": 5315503661, "longTermInvestments": 2690332, "propertyPlantEquipment": 1569421582, "intangibleAssets": 123388503, "otherAssets": 147377685, "totalAssets": 7158381763, "accountsPayable": 1005195060, "shortLongTermDebt": 35024311, "otherCurrentLiab": 427450238, "longTermDebt": 7764175, "otherLiab": 152347643, "totalCurrentLiabilities": 2603972353, "totalLiab": 2764084171, "commonStock": 79524560, "retainedEarnings": 3626637642, "treasuryStock": 104500, "capitalSurplus": 688030890, "otherStockholderEquity": 104500, "totalStockholderEquity": 4394297592, "netTangibleAssets": 4270909089}], "maxAge": 86400}, "earningsTrend": {"trend": [{"maxAge": 1, "period": "0q", "endDate": "2017-09-30", "growth": {}, "earningsEstimate": {"avg": 0.0, "low": 0.0, "high": 0.0, "yearAgoEps": {}, "numberOfAnalysts": 0, "growth": {}}, "revenueEstimate": {"avg": 0, "low": 248200000, "high": 248200000, "numberOfAnalysts": 1, "yearAgoRevenue": {}, "growth": {}}, "epsTrend": {"current": 0.0, "7daysAgo": 0.0, "30daysAgo": 0.0, "60daysAgo": 0.0, "90daysAgo": 0.0}, "epsRevisions": {"upLast7days": 0, "upLast30days": 0, "downLast30days": 0, "downLast90days": {}}}, {"maxAge": 1, "period": "+1q", "endDate": "2017-12-31", "growth": {}, "earningsEstimate": {"avg": 0.0, "low": 0.0, "high": 0.0, "yearAgoEps": {}, "numberOfAnalysts": 0, "growth": {}}, "revenueEstimate": {"avg": 0, "low": 2489000000, "high": 2489000000, "numberOfAnalysts": 1, "yearAgoRevenue": {}, "growth": {}}, "epsTrend": {"current": 0.0, "7daysAgo": 0.0, "30daysAgo": 0.0, "60daysAgo": 0.0, "90daysAgo": 0.0}, "epsRevisions": {"upLast7days": 0, "upLast30days": 0, "downLast30days": 0, "downLast90days": {}}}, {"maxAge": 1, "period": "0y", "endDate": "2018-03-31", "growth": {}, "earningsEstimate": {"avg": 0.0, "low": 0.0, "high": 0.0, "yearAgoEps": {}, "numberOfAnalysts": 0, "growth": {}}, "revenueEstimate": {"avg": 11526300000, "low": 11384300000, "high": 11384300000, "numberOfAnalysts": 1, "yearAgoRevenue": 10872900000, "growth": 0.06}, "epsTrend": {"current": 0.0, "7daysAgo": 9.86, "30daysAgo": 9.86, "60daysAgo": 9.86, "90daysAgo": 9.86}, "epsRevisions": {"upLast7days": 0, "upLast30days": 0, "downLast30days": 0, "downLast90days": {}}}, {"maxAge": 1, "period": "+1y", "endDate": "2019-03-31", "growth": {}, "earningsEstimate": {"avg": 13.2, "low": 13.2, "high": 13.2, "yearAgoEps": {}, "numberOfAnalysts": 1, "growth": {}}, "revenueEstimate": {"avg": 13090000000, "low": 13090000000, "high": 13090000000, "numberOfAnalysts": 1, "yearAgoRevenue": 11526300000, "growth": 0.136}, "epsTrend": {"current": 13.2, "7daysAgo": 13.2, "30daysAgo": 13.2, "60daysAgo": 10.89, "90daysAgo": 10.89}, "epsRevisions": {"upLast7days": 0, "upLast30days": 0, "downLast30days": 0, "downLast90days": {}}}, {"maxAge": 1, "period": "+5y", "endDate": null, "growth": {}, "earningsEstimate": {"avg": {}, "low": {}, "high": {}, "yearAgoEps": {}, "numberOfAnalysts": {}, "growth": {}}, "revenueEstimate": {"avg": {}, "low": {}, "high": {}, "numberOfAnalysts": {}, "yearAgoRevenue": {}, "growth": {}}, "epsTrend": {"current": {}, "7daysAgo": {}, "30daysAgo": {}, "60daysAgo": {}, "90daysAgo": {}}, "epsRevisions": {"upLast7days": {}, "upLast30days": {}, "downLast30days": {}, "downLast90days": {}}}, {"maxAge": 1, "period": "-5y", "endDate": null, "growth": 0.045289997, "earningsEstimate": {"avg": {}, "low": {}, "high": {}, "yearAgoEps": {}, "numberOfAnalysts": {}, "growth": {}}, "revenueEstimate": {"avg": {}, "low": {}, "high": {}, "numberOfAnalysts": {}, "yearAgoRevenue": {}, "growth": {}}, "epsTrend": {"current": {}, "7daysAgo": {}, "30daysAgo": {}, "60daysAgo": {}, "90daysAgo": {}}, "epsRevisions": {"upLast7days": {}, "upLast30days": {}, "downLast30days": {}, "downLast90days": {}}}], "maxAge": 1}, "institutionOwnership": {"ownershipList": [], "maxAge": 1}, "majorHoldersBreakdown": {"maxAge": 1, "insidersPercentHeld": 0.94472003, "institutionsPercentHeld": 0.00014, "institutionsFloatPercentHeld": 0.00257, "institutionsCount": 1}, "balanceSheetHistoryQuarterly": {"balanceSheetStatements": [{"maxAge": 1, "endDate": "2020-12-31", "totalStockholderEquity": 6201401000, "netTangibleAssets": 6137491000}, {"maxAge": 1, "endDate": "2020-09-30", "cash": 102694000, "netReceivables": 2840405000, "inventory": 4297922000, "otherCurrentAssets": 459727000, "totalCurrentAssets": 7700748000, "longTermInvestments": 14888000, "propertyPlantEquipment": 1923572000, "intangibleAssets": 63910000, "otherAssets": 231287000, "deferredLongTermAssetCharges": 18141000, "totalAssets": 9934405000, "accountsPayable": 1307680000, "otherCurrentLiab": 1209607000, "longTermDebt": 138711000, "otherLiab": 25626000, "totalCurrentLiabilities": 3503610000, "totalLiab": 3733004000, "commonStock": 79525000, "treasuryStock": 6121876000, "otherStockholderEquity": 6121876000, "totalStockholderEquity": 6201401000, "netTangibleAssets": 6137491000}, {"maxAge": 1, "endDate": "2020-06-30", "totalStockholderEquity": 5779546000, "netTangibleAssets": 5706933000}, {"maxAge": 1, "endDate": "2020-03-31", "cash": 12831000, "netReceivables": 2588845000, "inventory": 4762496000, "otherCurrentAssets": 396446000, "totalCurrentAssets": 7777798000, "longTermInvestments": 18000, "propertyPlantEquipment": 1844433000, "intangibleAssets": 72613000, "otherAssets": 248410000, "deferredLongTermAssetCharges": 19418000, "totalAssets": 9943272000, "accountsPayable": 1379772000, "shortLongTermDebt": 30987000, "otherCurrentLiab": 491530000, "longTermDebt": 108991000, "otherLiab": 27066000, "totalCurrentLiabilities": 3959030000, "totalLiab": 4163726000, "commonStock": 79524000, "retainedEarnings": 5011819000, "treasuryStock": 172000, "capitalSurplus": 688031000, "otherStockholderEquity": 172000, "totalStockholderEquity": 5779546000, "netTangibleAssets": 5706933000}], "maxAge": 86400}, "earningsHistory": {"history": [{"maxAge": 1, "epsActual": {}, "epsEstimate": {}, "epsDifference": {}, "surprisePercent": {}, "quarter": {}, "period": "-4q"}, {"maxAge": 1, "epsActual": {}, "epsEstimate": {}, "epsDifference": {}, "surprisePercent": {}, "quarter": {}, "period": "-3q"}, {"maxAge": 1, "epsActual": 2.96, "epsEstimate": 2.85, "epsDifference": 0.11, "surprisePercent": 0.039, "quarter": "2017-03-31", "period": "-2q"}, {"maxAge": 1, "epsActual": 1.17, "epsEstimate": 2.59, "epsDifference": -1.42, "surprisePercent": -0.548, "quarter": "2017-06-30", "period": "-1q"}], "maxAge": 86400}, "summaryProfile": {"address1": "Metro Tower", "address2": "8th Floor 1, Ho Chi Minh Sarani", "city": "Kolkata", "zip": "700071", "country": "India", "phone": "91 33 4057 3100", "fax": "91 33 2288 1362", "website": "http://www.rupa.co.in", "industry": "Apparel Manufacturing", "sector": "Consumer Cyclical", "longBusinessSummary": "Rupa & Company Limited, together with its subsidiaries, manufactures and sells hosiery products for men, women, and kids in India and internationally. It offers vests, briefs, drawers, bermudas, capri's, T-shirts, loungers, boxer shorts, sleep wear, socks, and thermals for men; bras, panties, camisole, leggings, T-shirts, capri's, loungers, thermal uppers and lowers, and socks for women; vests, briefs, drawers, T-shirts, bermudas, capri's, loungers, thermals, and socks for kids; and plus baba suits and frocks for toddlers. The company offers its products under names of Frontline, Jon, Air, Macroman, Macroman M-series, Macrowoman W-series, Euro, Bumchums, Torrido, Thermocot, Kidline, Footline, Femmora, Softline, etc. It also generates power through a windmill. The company sells its products through approximately 1,25,000 retail outlets and various e-commerce portals, as well as through 7 exclusive brand outlets and approximately 1000 dealers. Rupa & Company Limited was founded in 1968 and is based in Kolkata, India.", "fullTimeEmployees": 1167, "companyOfficers": [], "maxAge": 86400}, "netSharePurchaseActivity": {"maxAge": 1, "period": "6m", "buyInfoCount": 0, "buyInfoShares": 0, "sellInfoCount": 0, "netInfoCount": 0, "netInfoShares": 0, "netPercentInsiderShares": 0.0, "totalInsiderShares": 75210112}, "insiderTransactions": {"transactions": [{"maxAge": 1, "shares": 83810, "value": 1139, "filerUrl": "", "transactionText": "Other at price 0.01 per share.", "filerName": "Agarwal (Rajnish)", "filerRelation": "Promoter", "moneyText": "", "startDate": "2021-03-30", "ownership": "D"}, {"maxAge": 1, "shares": 25000, "value": 340, "filerUrl": "", "transactionText": "Other at price 0.01 per share.", "filerName": "Agarwal (Anusha)", "filerRelation": "UNREPORTED", "moneyText": "", "startDate": "2021-03-30", "ownership": "D"}, {"maxAge": 1, "shares": 113085, "value": 1537, "filerUrl": "", "transactionText": "Other at price 0.01 per share.", "filerName": "Agarwal (Aparesh)", "filerRelation": "UNREPORTED", "moneyText": "", "startDate": "2021-03-30", "ownership": "D"}, {"maxAge": 1, "shares": 103160, "value": 1402, "filerUrl": "", "transactionText": "Other at price 0.01 per share.", "filerName": "Agarwal (Avnish)", "filerRelation": "UNREPORTED", "moneyText": "", "startDate": "2021-03-30", "ownership": "D"}, {"maxAge": 1, "shares": 14603460, "value": 198607, "filerUrl": "", "transactionText": "Sale at price 0.01 per share.", "filerName": "Agarwal (Prahlad Rai)", "filerRelation": "Non Independent Chairman Of The Board", "moneyText": "", "startDate": "2021-03-30", "ownership": "D"}, {"maxAge": 1, "shares": 113085, "value": 1537, "filerUrl": "", "transactionText": "Other at price 0.01 per share.", "filerName": "Agarwal (Siddhant)", "filerRelation": "UNREPORTED", "moneyText": "", "startDate": "2021-03-30", "ownership": "D"}, {"maxAge": 1, "shares": 15260, "value": 207, "filerUrl": "", "transactionText": "Other at price 0.01 per share.", "filerName": "Agarwal (Srishti)", "filerRelation": "UNREPORTED", "moneyText": "", "startDate": "2021-03-30", "ownership": "D"}, {"maxAge": 1, "shares": 50000, "value": 680, "filerUrl": "", "transactionText": "Other at price 0.01 per share.", "filerName": "Agarwal (Manisha)", "filerRelation": "Promoter", "moneyText": "", "startDate": "2021-03-30", "ownership": "D"}, {"maxAge": 1, "shares": 25000, "value": 340, "filerUrl": "", "transactionText": "Other at price 0.01 per share.", "filerName": "Agarwal (Vaardhi)", "filerRelation": "UNREPORTED", "moneyText": "", "startDate": "2021-03-30", "ownership": "D"}, {"maxAge": 1, "shares": 58810, "value": 799, "filerUrl": "", "transactionText": "Other at price 0.01 per share.", "filerName": "Agarwal (Keshav)", "filerRelation": "UNREPORTED", "moneyText": "", "startDate": "2021-03-30", "ownership": "D"}, {"maxAge": 1, "shares": 128160, "value": 1742, "filerUrl": "", "transactionText": "Other at price 0.01 per share.", "filerName": "Agarwal (Vikash)", "filerRelation": "Promoter", "moneyText": "", "startDate": "2021-03-30", "ownership": "D"}, {"maxAge": 1, "shares": 13310, "value": 181, "filerUrl": "", "transactionText": "Other at price 0.01 per share.", "filerName": "Agarwal (Devanshi)", "filerRelation": "UNREPORTED", "moneyText": "", "startDate": "2021-03-30", "ownership": "D"}, {"maxAge": 1, "shares": 2500, "filerUrl": "", "transactionText": "", "filerName": "Bhandari (Ashok)", "filerRelation": "Additonal Director", "moneyText": "", "startDate": "2020-03-09", "ownership": "D"}, {"maxAge": 1, "shares": 0, "filerUrl": "", "transactionText": "", "filerName": "Ullas Sales Promotion Pvt. Ltd.", "filerRelation": "Promoter", "moneyText": "", "startDate": "2020-01-24", "ownership": "I"}, {"maxAge": 1, "shares": 0, "filerUrl": "", "transactionText": "", "filerName": "Ullas Sales Promotion Pvt. Ltd.", "filerRelation": "Promoter", "moneyText": "", "startDate": "2020-01-24", "ownership": "I"}, {"maxAge": 1, "shares": 1695, "filerUrl": "", "transactionText": "", "filerName": "Agarwala (Kunj Bihari)", "filerRelation": "Managing Director", "moneyText": "", "startDate": "2019-09-30", "ownership": "D"}, {"maxAge": 1, "shares": 2342, "filerUrl": "", "transactionText": "", "filerName": "Agarwala (Ghanshyam Prasad)", "filerRelation": "Vice Chairman", "moneyText": "", "startDate": "2019-09-30", "ownership": "D"}, {"maxAge": 1, "shares": 2500, "filerUrl": "", "transactionText": "", "filerName": "Bhandari (Ashok)", "filerRelation": "Additonal Director", "moneyText": "", "startDate": "2019-09-12", "ownership": "D"}, {"maxAge": 1, "shares": 5807670, "filerUrl": "", "transactionText": "", "filerName": "Purvanchal Leasing Ltd", "filerRelation": "Promoter", "moneyText": "", "startDate": "2019-08-21", "ownership": "D"}, {"maxAge": 1, "shares": 15823190, "filerUrl": "", "transactionText": "", "filerName": "Rajnish Enterprises Ltd", "filerRelation": "Promoter", "moneyText": "", "startDate": "2019-08-21", "ownership": "D"}, {"maxAge": 1, "shares": 21630860, "filerUrl": "", "transactionText": "", "filerName": "Ullas Sales Promotion Pvt. Ltd.", "filerRelation": "Promoter", "moneyText": "", "startDate": "2019-08-21", "ownership": "D"}, {"maxAge": 1, "shares": 46110, "filerUrl": "", "transactionText": "", "filerName": "Agarwala (Kunj Bihari)", "filerRelation": "Managing Director", "moneyText": "", "startDate": "2018-04-05", "ownership": "D"}, {"maxAge": 1, "shares": 46110, "filerUrl": "", "transactionText": "", "filerName": "Agarwala (Ghanshyam Prasad)", "filerRelation": "Vice Chairman", "moneyText": "", "startDate": "2018-04-05", "ownership": "D"}, {"maxAge": 1, "shares": 97410, "filerUrl": "", "transactionText": "", "filerName": "Estate of Baijnath Agarwal", "filerRelation": "Promoter", "moneyText": "", "startDate": "2017-05-17", "ownership": "D"}, {"maxAge": 1, "shares": 32470, "filerUrl": "", "transactionText": "", "filerName": "Agarwala (Ghanshyam Prasad)", "filerRelation": "Vice Chairman", "moneyText": "", "startDate": "2017-05-17", "ownership": "D"}, {"maxAge": 1, "shares": 32470, "filerUrl": "", "transactionText": "", "filerName": "Agarwala (Kunj Bihari)", "filerRelation": "Managing Director", "moneyText": "", "startDate": "2017-05-17", "ownership": "D"}, {"maxAge": 1, "shares": 1306344, "filerUrl": "", "transactionText": "", "filerName": "Agarwal (Prahlad Rai)", "filerRelation": "Non Independent Chairman Of The Board", "moneyText": "", "startDate": "2017-03-21", "ownership": "D"}], "maxAge": 1}, "sectorTrend": {"maxAge": 1, "symbol": null, "estimates": []}, "incomeStatementHistoryQuarterly": {"incomeStatementHistory": [{"maxAge": 1, "endDate": "2020-12-31", "totalRevenue": 3456041000, "costOfRevenue": 2263332000, "grossProfit": 1192709000, "researchDevelopment": {}, "sellingGeneralAdministrative": 125136000, "nonRecurring": {}, "otherOperatingExpenses": 424679000, "totalOperatingExpenses": 2848119000, "operatingIncome": 607922000, "totalOtherIncomeExpenseNet": -19484000, "ebit": 607922000, "interestExpense": -36422000, "incomeBeforeTax": 588438000, "incomeTaxExpense": 154558000, "minorityInterest": {}, "netIncomeFromContinuingOps": 433880000, "discontinuedOperations": {}, "extraordinaryItems": {}, "effectOfAccountingCharges": {}, "otherItems": {}, "netIncome": 433880000, "netIncomeApplicableToCommonShares": 433880000}, {"maxAge": 1, "endDate": "2020-09-30", "totalRevenue": 3035270000, "costOfRevenue": 1953601000, "grossProfit": 1081669000, "researchDevelopment": {}, "sellingGeneralAdministrative": 127171000, "nonRecurring": {}, "otherOperatingExpenses": 293371000, "totalOperatingExpenses": 2411802000, "operatingIncome": 623468000, "totalOtherIncomeExpenseNet": -7138000, "ebit": 623468000, "interestExpense": -28155000, "incomeBeforeTax": 616330000, "incomeTaxExpense": 162379000, "minorityInterest": {}, "netIncomeFromContinuingOps": 453951000, "discontinuedOperations": {}, "extraordinaryItems": {}, "effectOfAccountingCharges": {}, "otherItems": {}, "netIncome": 453951000, "netIncomeApplicableToCommonShares": 453951000}, {"maxAge": 1, "endDate": "2020-06-30", "totalRevenue": 2095493000, "costOfRevenue": 1399099000, "grossProfit": 696394000, "researchDevelopment": {}, "sellingGeneralAdministrative": 96733000, "nonRecurring": {}, "otherOperatingExpenses": 236341000, "totalOperatingExpenses": 1770145000, "operatingIncome": 325348000, "totalOtherIncomeExpenseNet": -39336000, "ebit": 325348000, "interestExpense": -41812000, "incomeBeforeTax": 286012000, "incomeTaxExpense": 80247000, "minorityInterest": {}, "netIncomeFromContinuingOps": 205765000, "discontinuedOperations": {}, "extraordinaryItems": {}, "effectOfAccountingCharges": {}, "otherItems": {}, "netIncome": 205765000, "netIncomeApplicableToCommonShares": 205765000}, {"maxAge": 1, "endDate": "2020-03-31", "totalRevenue": 1792999000, "costOfRevenue": -1069121000, "grossProfit": 2862120000, "researchDevelopment": {}, "sellingGeneralAdministrative": 893734000, "nonRecurring": {}, "otherOperatingExpenses": 1889589000, "totalOperatingExpenses": 1754747000, "operatingIncome": 38252000, "totalOtherIncomeExpenseNet": -24592000, "ebit": 38252000, "interestExpense": -36493000, "incomeBeforeTax": 13660000, "incomeTaxExpense": 56500000, "minorityInterest": {}, "netIncomeFromContinuingOps": -42840000, "discontinuedOperations": {}, "extraordinaryItems": {}, "effectOfAccountingCharges": {}, "otherItems": {}, "netIncome": -42840000, "netIncomeApplicableToCommonShares": -42840000}], "maxAge": 86400}, "cashflowStatementHistoryQuarterly": {"cashflowStatements": [{"maxAge": 1, "endDate": "2020-12-31", "netIncome": 433880000, "changeToLiabilities": 0}, {"maxAge": 1, "endDate": "2020-09-30", "netIncome": 453951000, "changeToLiabilities": 0}, {"maxAge": 1, "endDate": "2020-06-30", "netIncome": 205765000, "changeToLiabilities": 0}, {"maxAge": 1, "endDate": "2020-03-31", "netIncome": -42840000, "changeToLiabilities": 0}], "maxAge": 86400}, "earnings": {"maxAge": 86400, "earningsChart": {"quarterly": [{"date": "1Q2017", "actual": 2.96, "estimate": 2.85}, {"date": "2Q2017", "actual": 1.17, "estimate": 2.59}], "currentQuarterEstimateDate": "3Q", "currentQuarterEstimateYear": 2017, "earningsDate": []}, "financialsChart": {"yearly": [{"date": 2017, "revenue": 10928336495, "earnings": 722836939}, {"date": 2018, "revenue": 11203686000, "earnings": 862299000}, {"date": 2019, "revenue": 11486478000, "earnings": 741778000}, {"date": 2020, "revenue": 9746428000, "earnings": 619034000}], "quarterly": [{"date": "1Q2020", "revenue": 1792999000, "earnings": -42840000}, {"date": "2Q2020", "revenue": 2095493000, "earnings": 205765000}, {"date": "3Q2020", "revenue": 3035270000, "earnings": 453951000}, {"date": "4Q2020", "revenue": 3456041000, "earnings": 433880000}]}, "financialCurrency": "INR"}, "financialData": {"maxAge": 86400, "currentPrice": 298.85, "targetHighPrice": 520.0, "targetLowPrice": 520.0, "targetMeanPrice": 520.0, "targetMedianPrice": 520.0, "recommendationMean": 2.0, "recommendationKey": "buy", "numberOfAnalystOpinions": 1, "totalCash": 102694000, "totalCashPerShare": 1.29, "ebitda": 1744207232, "totalDebt": 1190091008, "totalRevenue": 10379802624, "debtToEquity": 19.191, "revenuePerShare": 130.545, "grossProfits": 5697937000, "earningsGrowth": 0.522, "revenueGrowth": 0.124, "grossMargins": 0.56194997, "ebitdaMargins": 0.16804, "operatingMargins": 0.15366, "profitMargins": 0.10123, "financialCurrency": "INR"}}}