{"RVNL.NS": {"assetProfile": {"address1": "August Kranti Bhawan", "address2": "1st Floor Plot No. 25, Bhikaji Cama Place R. K. Puram", "city": "New Delhi", "zip": "110066", "country": "India", "phone": "91 11 2673 8299", "fax": "91 11 2618 2957", "website": "http://www.rvnl.org", "industry": "Engineering & Construction", "sector": "Industrials", "longBusinessSummary": "Rail Vikas Nigam Limited engages in the construction of rail infrastructure projects in India. It undertakes rail project development and implementation, as well as provides financial resources mobilization services. The company executes various railway projects, including new lines, doubling, gauge conversion, railway electrification, metro projects, workshops, bridges, construction of cable stayed bridges, institution buildings, etc. In addition, it constructs traffic facilities, road safety works, building of sub-ways in lieu of crossings, etc. The company serves Indian Railways, various central and state government ministries, departments, and public sector undertakings. Rail Vikas Nigam Limited was founded in 2003 and is based in New Delhi, India.", "fullTimeEmployees": 202, "companyOfficers": [{"maxAge": 1, "name": "Mr. Pradeep  Gaur", "age": 55, "title": "MD & Chairman", "yearBorn": 1965, "fiscalYear": 2019, "totalPay": 4621418, "exercisedValue": 0, "unexercisedValue": 0}, {"maxAge": 1, "name": "Ms. Kalpana  Dubey", "title": "Company Sec. & Compliance Officer", "fiscalYear": 2019, "totalPay": 1522274, "exercisedValue": 0, "unexercisedValue": 0}, {"maxAge": 1, "name": "Mr. Ajay  Kumar", "age": 57, "title": "Director of Personnel & Director", "yearBorn": 1963, "fiscalYear": 2019, "totalPay": 6906991, "exercisedValue": 0, "unexercisedValue": 0}, {"maxAge": 1, "name": "Mr. Sanjeeb  Kumar", "age": 55, "title": "CFO, Director of Fin. & Director", "yearBorn": 1965, "exercisedValue": 0, "unexercisedValue": 0}, {"maxAge": 1, "name": "Mr. Rajesh  Prasad", "age": 56, "title": "Director of Operations & Exec. Director", "yearBorn": 1964, "exercisedValue": 0, "unexercisedValue": 0}, {"maxAge": 1, "name": "Dr. Monica  Agnihotri", "title": "Gen. Mang. of Marketing", "exercisedValue": 0, "unexercisedValue": 0}, {"maxAge": 1, "name": "Ms. Rajalakshmi  Ramanathan IA&IS", "title": "Chief Vigilance Officer", "exercisedValue": 0, "unexercisedValue": 0}, {"maxAge": 1, "name": "Mr. S. K. Dhiman", "title": "Chief Risk Officer & Sr. Advisor of Projects", "exercisedValue": 0, "unexercisedValue": 0}, {"maxAge": 1, "name": "Mr. Vinay Kumar Singh", "age": 55, "title": "Director of Projects & Exec. Director", "yearBorn": 1965, "exercisedValue": 0, "unexercisedValue": 0}, {"maxAge": 1, "name": "Santosh Kumar Misra", "title": "Chief Project Mang. of Jhansi Civil", "exercisedValue": 0, "unexercisedValue": 0}], "compensationAsOfEpochDate": "2019-12-31 05:30:00", "maxAge": 86400}, "cashflowStatementHistory": {"cashflowStatements": [{"maxAge": 1, "endDate": "2020-03-31", "netIncome": 7533227000, "depreciation": 155106000, "changeToNetincome": -1181194000, "changeToAccountReceivables": -1967422000, "changeToLiabilities": 5220482000, "changeToInventory": -47017000, "changeToOperatingActivities": -19407977000, "totalCashFromOperatingActivities": -9647045000, "capitalExpenditures": -175399000, "investments": -903990000, "otherCashflowsFromInvestingActivities": 2352767000, "totalCashflowsFromInvestingActivities": 1261731000, "dividendsPaid": -193600000, "netBorrowings": 11221092000, "otherCashflowsFromFinancingActivities": -2756439000, "totalCashFromFinancingActivities": 8271053000, "changeInCash": -114261000}, {"maxAge": 1, "endDate": "2019-03-31", "netIncome": 6877435000, "depreciation": 56007000, "changeToNetincome": -3080047000, "changeToAccountReceivables": 748882000, "changeToLiabilities": 715991000, "changeToInventory": -25556000, "changeToOperatingActivities": -12244637000, "totalCashFromOperatingActivities": -6950560000, "capitalExpenditures": -166542000, "investments": 1318649000, "otherCashflowsFromInvestingActivities": 2216556000, "totalCashflowsFromInvestingActivities": 3196678000, "dividendsPaid": -1806400000, "netBorrowings": 8046750000, "otherCashflowsFromFinancingActivities": -3050371000, "totalCashFromFinancingActivities": 3189979000, "changeInCash": -563903000}, {"maxAge": 1, "endDate": "2018-03-31", "netIncome": 5695164000, "depreciation": 48090000, "changeToNetincome": -2919684000, "changeToAccountReceivables": -6562393000, "changeToLiabilities": -414446000, "changeToInventory": 7643366000, "changeToOperatingActivities": -7117075000, "totalCashFromOperatingActivities": -3626716000, "capitalExpenditures": -826494000, "investments": -438661000, "otherCashflowsFromInvestingActivities": 1773235000, "totalCashflowsFromInvestingActivities": 360583000, "dividendsPaid": -1670000000, "netBorrowings": -1260750000, "otherCashflowsFromFinancingActivities": -2881240000, "totalCashFromFinancingActivities": -5811990000, "changeInCash": -9078123000}, {"maxAge": 1, "endDate": "2017-03-31", "netIncome": 4434620000, "depreciation": 50030000, "changeToNetincome": -3939080000, "changeToAccountReceivables": 2018060000, "changeToLiabilities": 193970000, "changeToInventory": 140577920000, "changeToOperatingActivities": -137628130000, "totalCashFromOperatingActivities": 5707540000, "capitalExpenditures": -1709560000, "investments": -96900000, "otherCashflowsFromInvestingActivities": 1641020000, "totalCashflowsFromInvestingActivities": -253690000, "dividendsPaid": -2571000000, "netBorrowings": -1447780000, "otherCashflowsFromFinancingActivities": -2665290000, "totalCashFromFinancingActivities": -6684070000, "changeInCash": -1230220000}], "maxAge": 86400}, "institutionOwnership": {"ownershipList": [], "maxAge": 1}, "majorHoldersBreakdown": {"maxAge": 1, "insidersPercentHeld": 0.78192, "institutionsPercentHeld": 0.09832, "institutionsFloatPercentHeld": 0.45084998, "institutionsCount": 7}, "balanceSheetHistoryQuarterly": {"balanceSheetStatements": [{"maxAge": 1, "endDate": "2020-12-31", "totalStockholderEquity": 54445839000, "netTangibleAssets": 54169458000}, {"maxAge": 1, "endDate": "2020-09-30", "cash": 13869125000, "netReceivables": 35651257000, "inventory": 135548000, "otherCurrentAssets": 36956282000, "totalCurrentAssets": 86612212000, "longTermInvestments": 16610288000, "propertyPlantEquipment": 3420093000, "intangibleAssets": 276381000, "otherAssets": 18100460000, "deferredLongTermAssetCharges": 286528000, "totalAssets": 125019434000, "accountsPayable": 5279264000, "otherCurrentLiab": 13556845000, "longTermDebt": 47918516000, "otherLiab": 3048744000, "totalCurrentLiabilities": 19606335000, "totalLiab": 70573595000, "commonStock": 20850201000, "treasuryStock": 33595638000, "otherStockholderEquity": 33595638000, "totalStockholderEquity": 54445839000, "netTangibleAssets": 54169458000}, {"maxAge": 1, "endDate": "2020-06-30", "totalStockholderEquity": 51158992000, "netTangibleAssets": 50858808000}, {"maxAge": 1, "endDate": "2020-03-31", "cash": 2738076000, "shortTermInvestments": 7084332000, "netReceivables": 54749239000, "inventory": 91819000, "otherCurrentAssets": 20520259000, "totalCurrentAssets": 85183725000, "longTermInvestments": 15853808000, "propertyPlantEquipment": 3000200000, "intangibleAssets": 300184000, "otherAssets": 19574567000, "deferredLongTermAssetCharges": 427848000, "totalAssets": 123912484000, "accountsPayable": 6900161000, "shortLongTermDebt": 2657746000, "otherCurrentLiab": 13650886000, "longTermDebt": 42566540000, "otherLiab": 3039494000, "totalCurrentLiabilities": 26971503000, "totalLiab": 72753492000, "commonStock": 20850201000, "retainedEarnings": 30309056000, "treasuryStock": -265000, "otherStockholderEquity": -265000, "totalStockholderEquity": 51158992000, "netTangibleAssets": 50858808000}], "maxAge": 86400}, "indexTrend": {"maxAge": 1, "symbol": "SP5", "peRatio": 19.7411, "pegRatio": 1.34172, "estimates": [{"period": "0q", "growth": 0.549}, {"period": "+1q", "growth": 0.431}, {"period": "0y", "growth": 0.305}, {"period": "+1y", "growth": 0.109}, {"period": "+5y", "growth": 0.120865}, {"period": "-5y"}]}, "defaultKeyStatistics": {"maxAge": 1, "priceHint": 2, "enterpriseValue": 90669719552, "profitMargins": 0.06102, "floatShares": 453774443, "sharesOutstanding": 2085020032, "heldPercentInsiders": 0.78192, "heldPercentInstitutions": 0.09832, "beta": 1.429294, "category": null, "bookValue": 26.096, "priceToBook": 1.0423054, "fundFamily": null, "legalType": null, "lastFiscalYearEnd": "2020-03-31 05:30:00", "nextFiscalYearEnd": "2022-03-31 05:30:00", "mostRecentQuarter": "2020-12-31 05:30:00", "earningsQuarterlyGrowth": 1.716, "netIncomeToCommon": 8571227136, "trailingEps": 4.099, "lastSplitFactor": null, "enterpriseToRevenue": 0.645, "enterpriseToEbitda": 11.843}, "summaryProfile": {"address1": "August Kranti Bhawan", "address2": "1st Floor Plot No. 25, Bhikaji Cama Place R. K. Puram", "city": "New Delhi", "zip": "110066", "country": "India", "phone": "91 11 2673 8299", "fax": "91 11 2618 2957", "website": "http://www.rvnl.org", "industry": "Engineering & Construction", "sector": "Industrials", "longBusinessSummary": "Rail Vikas Nigam Limited engages in the construction of rail infrastructure projects in India. It undertakes rail project development and implementation, as well as provides financial resources mobilization services. The company executes various railway projects, including new lines, doubling, gauge conversion, railway electrification, metro projects, workshops, bridges, construction of cable stayed bridges, institution buildings, etc. In addition, it constructs traffic facilities, road safety works, building of sub-ways in lieu of crossings, etc. The company serves Indian Railways, various central and state government ministries, departments, and public sector undertakings. Rail Vikas Nigam Limited was founded in 2003 and is based in New Delhi, India.", "fullTimeEmployees": 202, "companyOfficers": [], "maxAge": 86400}, "netSharePurchaseActivity": {"maxAge": 1, "period": "6m", "buyInfoCount": 0, "buyInfoShares": 0, "sellInfoCount": 0, "netInfoCount": 0, "netInfoShares": 0, "netPercentInsiderShares": 0.0, "totalInsiderShares": 1627667840}, "insiderTransactions": {"transactions": [{"maxAge": 1, "shares": 3371632, "value": 1276837, "filerUrl": "", "transactionText": "Sale at price 0.38 per share.", "filerName": "President of India", "filerRelation": "Promoter", "moneyText": "", "startDate": "2021-03-25", "ownership": "D"}, {"maxAge": 1, "shares": 181818180, "filerUrl": "", "transactionText": "", "filerName": "Life Insurance Corpoation of India", "filerRelation": "Institution- Corporation", "moneyText": "", "startDate": "2021-03-24", "ownership": "D"}], "maxAge": 1}, "quoteType": {"exchange": "NSI", "quoteType": "EQUITY", "symbol": "RVNL.NS", "underlyingSymbol": "RVNL.NS", "shortName": "RAIL VIKAS NIGAM", "longName": "Rail Vikas Nigam Limited", "firstTradeDateEpochUtc": "2019-04-11 09:15:00", "timeZoneFullName": "Asia/Kolkata", "timeZoneShortName": "IST", "uuid": "aac8e882-b8e4-3b2e-9335-d88deb2728b1", "gmtOffSetMilliseconds": 19800000, "maxAge": 1}, "incomeStatementHistory": {"incomeStatementHistory": [{"maxAge": 1, "endDate": "2020-03-31", "totalRevenue": 145305797000, "costOfRevenue": 134158192000, "grossProfit": 11147605000, "researchDevelopment": {}, "sellingGeneralAdministrative": 2210089000, "nonRecurring": {}, "otherOperatingExpenses": 572670000, "totalOperatingExpenses": 137143807000, "operatingIncome": 8161990000, "totalOtherIncomeExpenseNet": 1381176000, "ebit": 8161990000, "interestExpense": -998465000, "incomeBeforeTax": 9543166000, "incomeTaxExpense": 2009939000, "minorityInterest": {}, "netIncomeFromContinuingOps": 7533227000, "discontinuedOperations": {}, "extraordinaryItems": {}, "effectOfAccountingCharges": {}, "otherItems": {}, "netIncome": 7533227000, "netIncomeApplicableToCommonShares": 7533227000}, {"maxAge": 1, "endDate": "2019-03-31", "totalRevenue": 100686813000, "costOfRevenue": 93076557000, "grossProfit": 7610256000, "researchDevelopment": {}, "sellingGeneralAdministrative": 1880830000, "nonRecurring": {}, "otherOperatingExpenses": 420283000, "totalOperatingExpenses": 95435042000, "operatingIncome": 5251771000, "totalOtherIncomeExpenseNet": 3143055000, "ebit": 5251771000, "interestExpense": -1306172000, "incomeBeforeTax": 8394826000, "incomeTaxExpense": 1517391000, "minorityInterest": {}, "netIncomeFromContinuingOps": 6877435000, "discontinuedOperations": {}, "extraordinaryItems": {}, "effectOfAccountingCharges": {}, "otherItems": {}, "netIncome": 6877435000, "netIncomeApplicableToCommonShares": 6877435000}, {"maxAge": 1, "endDate": "2018-03-31", "totalRevenue": 75973576000, "costOfRevenue": 70239651000, "grossProfit": 5733925000, "researchDevelopment": {}, "sellingGeneralAdministrative": 1597825000, "nonRecurring": {}, "otherOperatingExpenses": 311759000, "totalOperatingExpenses": 72197587000, "operatingIncome": 3775989000, "totalOtherIncomeExpenseNet": 2864345000, "ebit": 3775989000, "interestExpense": -1450907000, "incomeBeforeTax": 6640334000, "incomeTaxExpense": 945170000, "minorityInterest": {}, "netIncomeFromContinuingOps": 5695164000, "discontinuedOperations": {}, "extraordinaryItems": {}, "effectOfAccountingCharges": {}, "otherItems": {}, "netIncome": 5695164000, "netIncomeApplicableToCommonShares": 5695164000}, {"maxAge": 1, "endDate": "2017-03-31", "totalRevenue": 59151060000, "costOfRevenue": 54678480000, "grossProfit": 4472580000, "researchDevelopment": {}, "sellingGeneralAdministrative": 1357610000, "nonRecurring": {}, "otherOperatingExpenses": 293180000, "totalOperatingExpenses": 56379450000, "operatingIncome": 2771610000, "totalOtherIncomeExpenseNet": 2661340000, "ebit": 2771610000, "interestExpense": -1129770000, "incomeBeforeTax": 5432950000, "incomeTaxExpense": 998330000, "minorityInterest": {}, "netIncomeFromContinuingOps": 4434620000, "discontinuedOperations": {}, "extraordinaryItems": {}, "effectOfAccountingCharges": {}, "otherItems": {}, "netIncome": 4434620000, "netIncomeApplicableToCommonShares": 4434620000}], "maxAge": 86400}, "fundOwnership": {"ownershipList": [], "maxAge": 1}, "summaryDetail": {"maxAge": 1, "priceHint": 2, "previousClose": 27.3, "open": 27.25, "dayLow": 27.05, "dayHigh": 27.65, "regularMarketPreviousClose": 27.3, "regularMarketOpen": 27.25, "regularMarketDayLow": 27.05, "regularMarketDayHigh": 27.65, "dividendRate": 1.14, "dividendYield": 0.041199997, "exDividendDate": "2021-04-08 05:30:00", "payoutRatio": 0.278, "beta": 1.429294, "trailingPE": 6.635765, "volume": 2711089, "regularMarketVolume": 2711089, "averageVolume": 15293705, "averageVolume10days": 11586213, "averageDailyVolume10Day": 11586213, "bid": 0.0, "ask": 0.0, "bidSize": 0, "askSize": 0, "marketCap": 56816447488, "fiftyTwoWeekLow": 15.75, "fiftyTwoWeekHigh": 35.55, "priceToSalesTrailing12Months": 0.40448773, "fiftyDayAverage": 30.591177, "twoHundredDayAverage": 25.008865, "trailingAnnualDividendRate": 1.14, "trailingAnnualDividendYield": 0.041758243, "currency": "INR", "fromCurrency": null, "lastMarket": null, "algorithm": null, "tradeable": false}, "incomeStatementHistoryQuarterly": {"incomeStatementHistory": [{"maxAge": 1, "endDate": "2020-12-31", "totalRevenue": 37324400000, "costOfRevenue": 34450300000, "grossProfit": 2874100000, "researchDevelopment": {}, "sellingGeneralAdministrative": 503400000, "nonRecurring": {}, "otherOperatingExpenses": 172700000, "totalOperatingExpenses": 35169900000, "operatingIncome": 2154500000, "totalOtherIncomeExpenseNet": 1270100000, "ebit": 2154500000, "interestExpense": -61000000, "incomeBeforeTax": 3424600000, "incomeTaxExpense": 614400000, "minorityInterest": {}, "netIncomeFromContinuingOps": 2810200000, "discontinuedOperations": {}, "extraordinaryItems": {}, "effectOfAccountingCharges": {}, "otherItems": {}, "netIncome": 2810200000, "netIncomeApplicableToCommonShares": 2810200000}, {"maxAge": 1, "endDate": "2020-09-30", "totalRevenue": 31825683000, "costOfRevenue": 29423229000, "grossProfit": 2402454000, "researchDevelopment": {}, "sellingGeneralAdministrative": 582277000, "nonRecurring": {}, "otherOperatingExpenses": 175040000, "totalOperatingExpenses": 30234528000, "operatingIncome": 1591155000, "totalOtherIncomeExpenseNet": 744092000, "ebit": 1591155000, "interestExpense": -66238000, "incomeBeforeTax": 2335247000, "incomeTaxExpense": 457503000, "minorityInterest": {}, "netIncomeFromContinuingOps": 1877744000, "discontinuedOperations": {}, "extraordinaryItems": {}, "effectOfAccountingCharges": {}, "otherItems": {}, "netIncome": 1877744000, "netIncomeApplicableToCommonShares": 1877744000}, {"maxAge": 1, "endDate": "2020-06-30", "totalRevenue": 29108299000, "costOfRevenue": 26920370000, "grossProfit": 2187929000, "researchDevelopment": {}, "sellingGeneralAdministrative": 670484000, "nonRecurring": {}, "otherOperatingExpenses": 102714000, "totalOperatingExpenses": 27773697000, "operatingIncome": 1334602000, "totalOtherIncomeExpenseNet": 460672000, "ebit": 1334602000, "interestExpense": -77250000, "incomeBeforeTax": 1795274000, "incomeTaxExpense": 385415000, "minorityInterest": {}, "netIncomeFromContinuingOps": 1409859000, "discontinuedOperations": {}, "extraordinaryItems": {}, "effectOfAccountingCharges": {}, "otherItems": {}, "netIncome": 1409859000, "netIncomeApplicableToCommonShares": 1409859000}, {"maxAge": 1, "endDate": "2020-03-31", "totalRevenue": 42206749000, "costOfRevenue": 38936362000, "grossProfit": 3270387000, "researchDevelopment": {}, "sellingGeneralAdministrative": 594807000, "nonRecurring": {}, "otherOperatingExpenses": 96814000, "totalOperatingExpenses": 39705766000, "operatingIncome": 2500983000, "totalOtherIncomeExpenseNet": 486940000, "ebit": 2500983000, "interestExpense": -668029000, "incomeBeforeTax": 2987923000, "incomeTaxExpense": 514508000, "minorityInterest": {}, "netIncomeFromContinuingOps": 2473415000, "discontinuedOperations": {}, "extraordinaryItems": {}, "effectOfAccountingCharges": {}, "otherItems": {}, "netIncome": 2473415000, "netIncomeApplicableToCommonShares": 2473415000}], "maxAge": 86400}, "cashflowStatementHistoryQuarterly": {"cashflowStatements": [{"maxAge": 1, "endDate": "2020-12-31", "netIncome": 2810200000, "changeToLiabilities": 0}, {"maxAge": 1, "endDate": "2020-09-30", "netIncome": 1877744000, "changeToLiabilities": 0}, {"maxAge": 1, "endDate": "2020-06-30", "netIncome": 1409859000, "changeToLiabilities": 0}, {"maxAge": 1, "endDate": "2020-03-31", "netIncome": 2473415000, "changeToLiabilities": 0}], "maxAge": 86400}, "insiderHolders": {"holders": [{"maxAge": 1, "name": "Life Insurance Corpoation of India", "relation": "Institution- Corporation", "url": "", "transactionDescription": "Acquisition", "latestTransDate": "2021-03-24", "positionDirect": 181818180, "positionDirectDate": "2021-03-24"}, {"maxAge": 1, "name": "President of India", "relation": "Promoter", "url": "", "transactionDescription": "Sale", "latestTransDate": "2021-03-25", "positionDirect": 1630328894, "positionDirectDate": "2021-03-25"}], "maxAge": 1}, "calendarEvents": {"maxAge": 1, "earnings": {"earningsDate": ["2020-02-12 05:30:S"]}, "exDividendDate": "2021-04-08 05:30:00"}, "upgradeDowngradeHistory": {"history": [], "maxAge": 86400}, "price": {"maxAge": 1, "regularMarketChangePercent": -0.0036629478, "regularMarketChange": -0.099998474, "regularMarketTime": "2021-04-30 15:30:01", "priceHint": 2, "regularMarketPrice": 27.2, "regularMarketDayHigh": 27.65, "regularMarketDayLow": 27.05, "regularMarketVolume": 2711089, "averageDailyVolume10Day": 11586213, "averageDailyVolume3Month": 15293705, "regularMarketPreviousClose": 27.3, "regularMarketSource": "FREE_REALTIME", "regularMarketOpen": 27.25, "exchange": "NSI", "exchangeName": "NSE", "exchangeDataDelayedBy": 15, "marketState": "CLOSED", "quoteType": "EQUITY", "symbol": "RVNL.NS", "underlyingSymbol": null, "shortName": "RAIL VIKAS NIGAM", "longName": "Rail Vikas Nigam Limited", "currency": "INR", "quoteSourceName": "Delayed Quote", "currencySymbol": "\u20b9", "fromCurrency": null, "lastMarket": null, "marketCap": 56816447488}, "balanceSheetHistory": {"balanceSheetStatements": [{"maxAge": 1, "endDate": "2020-03-31", "cash": 2738076000, "shortTermInvestments": 7084332000, "netReceivables": 54749239000, "inventory": 91819000, "otherCurrentAssets": 20520259000, "totalCurrentAssets": 85183725000, "longTermInvestments": 15853808000, "propertyPlantEquipment": 3000200000, "intangibleAssets": 300184000, "otherAssets": 19574567000, "deferredLongTermAssetCharges": 427848000, "totalAssets": 123912484000, "accountsPayable": 6900161000, "shortLongTermDebt": 2657746000, "otherCurrentLiab": 13650886000, "longTermDebt": 42566540000, "otherLiab": 3039494000, "totalCurrentLiabilities": 26971503000, "totalLiab": 72753492000, "commonStock": 20850201000, "retainedEarnings": 30309056000, "treasuryStock": -265000, "otherStockholderEquity": -265000, "totalStockholderEquity": 51158992000, "netTangibleAssets": 50858808000}, {"maxAge": 1, "endDate": "2019-03-31", "cash": 2852337000, "shortTermInvestments": 6581756000, "netReceivables": 52204308000, "inventory": 44802000, "otherCurrentAssets": 19741532000, "totalCurrentAssets": 81424735000, "longTermInvestments": 15858115000, "propertyPlantEquipment": 2597833000, "intangibleAssets": 308827000, "otherAssets": 20695717000, "deferredLongTermAssetCharges": 739649000, "totalAssets": 120885227000, "accountsPayable": 1679679000, "shortLongTermDebt": 2626918000, "otherCurrentLiab": 36874710000, "longTermDebt": 30241971000, "otherLiab": 2145936000, "totalCurrentLiabilities": 44541634000, "totalLiab": 76929541000, "commonStock": 20850201000, "retainedEarnings": 23105750000, "treasuryStock": -265000, "otherStockholderEquity": -265000, "totalStockholderEquity": 43955686000, "netTangibleAssets": 43646859000}, {"maxAge": 1, "endDate": "2018-03-31", "cash": 3416220000, "shortTermInvestments": 10600000000, "netReceivables": 13657201000, "inventory": 19246000, "otherCurrentAssets": 17592861000, "totalCurrentAssets": 45287684000, "longTermInvestments": 12311689000, "propertyPlantEquipment": 2487599000, "intangibleAssets": 212466000, "otherAssets": 22544685000, "deferredLongTermAssetCharges": 655628000, "totalAssets": 82844123000, "accountsPayable": 684475000, "shortLongTermDebt": 2413251000, "otherCurrentLiab": 9703196000, "longTermDebt": 22591487000, "otherLiab": 4240727000, "totalCurrentLiabilities": 16771691000, "totalLiab": 43603905000, "commonStock": 20850201000, "retainedEarnings": 18390017000, "totalStockholderEquity": 39240218000, "netTangibleAssets": 39027752000}, {"maxAge": 1, "endDate": "2017-03-31", "cash": 12545960000, "shortTermInvestments": 14500000000, "netReceivables": 9341380000, "inventory": 7662610000, "otherCurrentAssets": 14956280000, "totalCurrentAssets": 59009550000, "longTermInvestments": 10885490000, "propertyPlantEquipment": 75710000, "intangibleAssets": 127350000, "otherAssets": 18497620000, "deferredLongTermAssetCharges": 409610000, "totalAssets": 88595720000, "accountsPayable": 1098920000, "shortLongTermDebt": 2185750000, "otherCurrentLiab": 21945050000, "longTermDebt": 24368800000, "otherLiab": 88860000, "totalCurrentLiabilities": 28569260000, "totalLiab": 53026920000, "commonStock": 20850200000, "retainedEarnings": 14718600000, "totalStockholderEquity": 35568800000, "netTangibleAssets": 35441450000}], "maxAge": 86400}, "financialData": {"maxAge": 86400, "currentPrice": 27.2, "recommendationKey": "none", "totalCash": 13869124608, "totalCashPerShare": 6.663, "ebitda": 7655766528, "totalDebt": 47918514176, "totalRevenue": 140465192960, "debtToEquity": 88.011, "revenuePerShare": 67.222, "grossProfits": 11147605000, "earningsGrowth": 1.7, "revenueGrowth": 0.009, "grossMargins": 0.07642, "ebitdaMargins": 0.0545, "operatingMargins": 0.053969998, "profitMargins": 0.06102, "financialCurrency": "INR"}}}