{"SADBHIN.NS": {"assetProfile": {"address1": "Sadbhav", "address2": "Near Havmor Restaurant B/H. Navrangpura Bus Stand Navrangpura", "city": "Ahmedabad", "zip": "380009", "country": "India", "phone": "91 79 4040 0400", "fax": "91 79 4040 0444", "website": "http://www.sadbhavinfra.co.in", "industry": "Engineering & Construction", "sector": "Industrials", "longBusinessSummary": "Sadbhav Infrastructure Project Limited engages in the development, construction, operation, and maintenance of infrastructure projects in India. The company develops highways and roads on a build, operate, and transfer basis. It also provides related consulting and advisory services. The company was incorporated in 2007 and is based in Ahmedabad, India. Sadbhav Infrastructure Project Limited is a subsidiary of Sadbhav Engineering Limited.", "fullTimeEmployees": 33, "companyOfficers": [{"maxAge": 1, "name": "Mr. Vasistha C. Patel", "age": 47, "title": "MD & Exec. Director", "yearBorn": 1973, "fiscalYear": 2020, "totalPay": 3250000, "exercisedValue": 0, "unexercisedValue": 0}, {"maxAge": 1, "name": "Mr. Hardik J. Modi", "title": "Compliance Officer & Company Sec.", "fiscalYear": 2020, "totalPay": 630000, "exercisedValue": 0, "unexercisedValue": 0}, {"maxAge": 1, "name": "Mr. Pradip Kumar Agarwal", "title": "Chief Financial Officer", "exercisedValue": 0, "unexercisedValue": 0}, {"maxAge": 1, "name": "Mr. Darshan  Bhatt", "title": "Assistant Gen. Mang. of Accounts", "exercisedValue": 0, "unexercisedValue": 0}, {"maxAge": 1, "name": "Mr. Rajkumar S. Dhoot", "title": "VP of Fin.", "exercisedValue": 0, "unexercisedValue": 0}], "compensationAsOfEpochDate": "2020-12-31 05:30:00", "maxAge": 86400}, "recommendationTrend": {"trend": [{"period": "0m", "strongBuy": 0, "buy": 0, "hold": 0, "sell": 0, "strongSell": 0}, {"period": "-1m", "strongBuy": 0, "buy": 0, "hold": 0, "sell": 0, "strongSell": 0}, {"period": "-2m", "strongBuy": 0, "buy": 0, "hold": 0, "sell": 0, "strongSell": 0}, {"period": "-3m", "strongBuy": 0, "buy": 0, "hold": 0, "sell": 0, "strongSell": 0}], "maxAge": 86400}, "cashflowStatementHistory": {"cashflowStatements": [{"maxAge": 1, "endDate": "2020-03-31", "netIncome": 10336530000, "depreciation": 2927240000, "changeToNetincome": -1419210000, "changeToAccountReceivables": -5423420000, "changeToLiabilities": -453930000, "changeToOperatingActivities": -3159100000, "totalCashFromOperatingActivities": 2850980000, "capitalExpenditures": -132240000, "investments": 187990000, "otherCashflowsFromInvestingActivities": 21130000, "totalCashflowsFromInvestingActivities": 2825040000, "dividendsPaid": -105560000, "netBorrowings": 5147170000, "otherCashflowsFromFinancingActivities": -10582380000, "totalCashFromFinancingActivities": -5540770000, "changeInCash": -160990000}, {"maxAge": 1, "endDate": "2019-03-31", "netIncome": -2452730000, "depreciation": 2962880000, "changeToNetincome": 12538950000, "changeToAccountReceivables": -14272120000, "changeToLiabilities": 3847460000, "changeToOperatingActivities": -738580000, "totalCashFromOperatingActivities": 1924690000, "capitalExpenditures": -1045360000, "investments": -930520000, "otherCashflowsFromInvestingActivities": 192610000, "totalCashflowsFromInvestingActivities": -2010170000, "dividendsPaid": -211530000, "netBorrowings": 10964510000, "otherCashflowsFromFinancingActivities": -10500670000, "totalCashFromFinancingActivities": 252310000, "changeInCash": 166830000}, {"maxAge": 1, "endDate": "2018-03-31", "netIncome": -3290370000, "depreciation": 2604530000, "changeToNetincome": 12592970000, "changeToAccountReceivables": -8092830000, "changeToLiabilities": 2419900000, "changeToOperatingActivities": -239630000, "totalCashFromOperatingActivities": 6029950000, "capitalExpenditures": -1152460000, "investments": 160640000, "otherCashflowsFromInvestingActivities": 2900000, "totalCashflowsFromInvestingActivities": -975230000, "dividendsPaid": -85190000, "netBorrowings": 2944990000, "otherCashflowsFromFinancingActivities": -7860030000, "totalCashFromFinancingActivities": -5000230000, "changeInCash": 54490000}, {"maxAge": 1, "endDate": "2017-03-31", "netIncome": -3531440000, "depreciation": 2209830000, "changeToNetincome": 11262160000, "changeToAccountReceivables": 50540000, "changeToLiabilities": 229190000, "changeToInventory": 4260000, "changeToOperatingActivities": -2814450000, "totalCashFromOperatingActivities": 7774060000, "capitalExpenditures": -2276970000, "investments": -310080000, "otherCashflowsFromInvestingActivities": 9420000, "totalCashflowsFromInvestingActivities": -2577470000, "dividendsPaid": -85190000, "netBorrowings": 2824190000, "otherCashflowsFromFinancingActivities": -8388570000, "totalCashFromFinancingActivities": -5564380000, "changeInCash": -367790000}], "maxAge": 86400}, "indexTrend": {"maxAge": 1, "symbol": "SP5", "peRatio": 19.7411, "pegRatio": 1.34172, "estimates": [{"period": "0q", "growth": 0.549}, {"period": "+1q", "growth": 0.431}, {"period": "0y", "growth": 0.305}, {"period": "+1y", "growth": 0.109}, {"period": "+5y", "growth": 0.120865}, {"period": "-5y"}]}, "defaultKeyStatistics": {"maxAge": 1, "priceHint": 2, "enterpriseValue": 62258380800, "forwardPE": -92.61906, "profitMargins": 0.8531, "floatShares": 100503943, "sharesOutstanding": 352224992, "heldPercentInsiders": 0.70314, "heldPercentInstitutions": 0.15113, "beta": 1.230698, "category": null, "bookValue": 8.178, "priceToBook": 2.3783321, "fundFamily": null, "legalType": null, "lastFiscalYearEnd": "2020-03-31 05:30:00", "nextFiscalYearEnd": "2022-03-31 05:30:00", "mostRecentQuarter": "2020-12-31 05:30:00", "netIncomeToCommon": 10684539904, "trailingEps": 30.329, "forwardEps": -0.21, "lastSplitFactor": null, "enterpriseToRevenue": 4.971, "enterpriseToEbitda": 10.862}, "industryTrend": {"maxAge": 1, "symbol": null, "estimates": []}, "quoteType": {"exchange": "NSI", "quoteType": "EQUITY", "symbol": "SADBHIN.NS", "underlyingSymbol": "SADBHIN.NS", "shortName": "SADBHAV INFRA PROJ", "longName": "Sadbhav Infrastructure Project Limited", "firstTradeDateEpochUtc": "2015-09-16 09:15:00", "timeZoneFullName": "Asia/Kolkata", "timeZoneShortName": "IST", "uuid": "fa5a0c9f-f6bb-3f96-83a3-e3e9bacc2185", "gmtOffSetMilliseconds": 19800000, "maxAge": 1}, "incomeStatementHistory": {"incomeStatementHistory": [{"maxAge": 1, "endDate": "2020-03-31", "totalRevenue": 22704030000, "costOfRevenue": 13269100000, "grossProfit": 9434930000, "researchDevelopment": {}, "sellingGeneralAdministrative": 27790000, "nonRecurring": {}, "otherOperatingExpenses": 844860000, "totalOperatingExpenses": 17069000000, "operatingIncome": 5635030000, "totalOtherIncomeExpenseNet": 5393460000, "ebit": 5635030000, "interestExpense": -11202860000, "incomeBeforeTax": 11028490000, "incomeTaxExpense": 734870000, "minorityInterest": {}, "netIncomeFromContinuingOps": 10293620000, "discontinuedOperations": {}, "extraordinaryItems": {}, "effectOfAccountingCharges": {}, "otherItems": {}, "netIncome": 10336530000, "netIncomeApplicableToCommonShares": 10336530000}, {"maxAge": 1, "endDate": "2019-03-31", "totalRevenue": 35479320000, "costOfRevenue": 24418570000, "grossProfit": 11060750000, "researchDevelopment": {}, "sellingGeneralAdministrative": 28370000, "nonRecurring": {}, "otherOperatingExpenses": 548420000, "totalOperatingExpenses": 27958460000, "operatingIncome": 7520860000, "totalOtherIncomeExpenseNet": -9392510000, "ebit": 7520860000, "interestExpense": -10106580000, "incomeBeforeTax": -1871650000, "incomeTaxExpense": 607000000, "minorityInterest": -18550000, "netIncomeFromContinuingOps": -2478650000, "discontinuedOperations": {}, "extraordinaryItems": {}, "effectOfAccountingCharges": {}, "otherItems": {}, "netIncome": -2452730000, "netIncomeApplicableToCommonShares": -2452730000}, {"maxAge": 1, "endDate": "2018-03-31", "totalRevenue": 22623820000, "costOfRevenue": 11825480000, "grossProfit": 10798340000, "researchDevelopment": {}, "sellingGeneralAdministrative": 19890000, "nonRecurring": {}, "otherOperatingExpenses": 337710000, "totalOperatingExpenses": 14788210000, "operatingIncome": 7835610000, "totalOtherIncomeExpenseNet": -10807830000, "ebit": 7835610000, "interestExpense": -9414160000, "incomeBeforeTax": -2972220000, "incomeTaxExpense": 407510000, "minorityInterest": 106140000, "netIncomeFromContinuingOps": -3379730000, "discontinuedOperations": {}, "extraordinaryItems": {}, "effectOfAccountingCharges": {}, "otherItems": {}, "netIncome": -3290370000, "netIncomeApplicableToCommonShares": -3290370000}, {"maxAge": 1, "endDate": "2017-03-31", "totalRevenue": 13626430000, "costOfRevenue": 4284540000, "grossProfit": 9341890000, "researchDevelopment": {}, "sellingGeneralAdministrative": 21330000, "nonRecurring": {}, "otherOperatingExpenses": 473720000, "totalOperatingExpenses": 6990490000, "operatingIncome": 6635940000, "totalOtherIncomeExpenseNet": -10160890000, "ebit": 6635940000, "interestExpense": -8944850000, "incomeBeforeTax": -3524950000, "incomeTaxExpense": 76040000, "minorityInterest": 262290000, "netIncomeFromContinuingOps": -3600990000, "discontinuedOperations": {}, "extraordinaryItems": {}, "effectOfAccountingCharges": {}, "otherItems": {}, "netIncome": -3531440000, "netIncomeApplicableToCommonShares": -3531440000}], "maxAge": 86400}, "fundOwnership": {"ownershipList": [], "maxAge": 1}, "summaryDetail": {"maxAge": 1, "priceHint": 2, "previousClose": 19.6, "open": 19.7, "dayLow": 19.3, "dayHigh": 20.2, "regularMarketPreviousClose": 19.6, "regularMarketOpen": 19.7, "regularMarketDayLow": 19.3, "regularMarketDayHigh": 20.2, "exDividendDate": "2019-09-17 05:30:00", "payoutRatio": 0.0, "beta": 1.230698, "trailingPE": 0.64130044, "forwardPE": -92.61906, "volume": 148423, "regularMarketVolume": 148423, "averageVolume": 628986, "averageVolume10days": 321898, "averageDailyVolume10Day": 321898, "bid": 0.0, "ask": 0.0, "bidSize": 0, "askSize": 0, "marketCap": 6920679936, "fiftyTwoWeekLow": 10.8, "fiftyTwoWeekHigh": 28.15, "priceToSalesTrailing12Months": 0.55257577, "fiftyDayAverage": 22.547058, "twoHundredDayAverage": 19.521631, "trailingAnnualDividendRate": 0.3, "trailingAnnualDividendYield": 0.015306123, "currency": "INR", "fromCurrency": null, "lastMarket": null, "algorithm": null, "tradeable": false}, "insiderHolders": {"holders": [{"maxAge": 1, "name": "Bhatt (Darshan H)", "relation": "UNREPORTED", "url": "", "transactionDescription": "Sale", "latestTransDate": "2017-03-31", "positionDirect": 2885, "positionDirectDate": "2017-03-31"}, {"maxAge": 1, "name": "Mehta (Amit M)", "relation": "UNREPORTED", "url": "", "transactionDescription": "Sale", "latestTransDate": "2017-04-04", "positionDirect": 2295, "positionDirectDate": "2017-04-04"}, {"maxAge": 1, "name": "Patel (Ashvin Kantilal)", "relation": "UNREPORTED", "url": "", "transactionDescription": "Sale", "latestTransDate": "2017-03-30", "positionDirect": 0, "positionDirectDate": "2017-03-30"}, {"maxAge": 1, "name": "Patel (Rajeshreeben Vishnubhai)", "relation": "Promoter", "url": "", "transactionDescription": "Sale", "latestTransDate": "2017-11-21", "positionDirect": 0, "positionDirectDate": "2017-11-21"}, {"maxAge": 1, "name": "Patel (Shantaben V)", "relation": "UNREPORTED", "url": "", "transactionDescription": "Purchase", "latestTransDate": "2019-02-22", "positionDirect": 1213374, "positionDirectDate": "2019-02-22"}, {"maxAge": 1, "name": "Patel (Shashin Vishnubhai)", "relation": "Non-Independent Non-Executive Director", "url": "", "transactionDescription": "Sale", "latestTransDate": "2019-01-03", "positionDirect": 814110, "positionDirectDate": "2019-01-03"}, {"maxAge": 1, "name": "Patel (Vasistha Chandulal)", "relation": "Managing Director", "url": "", "transactionDescription": "Sale", "latestTransDate": "2017-11-21", "positionDirect": 440000, "positionDirectDate": "2017-11-21"}, {"maxAge": 1, "name": "Patel (Vipul Hareshchandra)", "relation": "UNREPORTED", "url": "", "transactionDescription": "Sale", "latestTransDate": "2020-10-01", "positionDirect": 0, "positionDirectDate": "2020-10-01"}, {"maxAge": 1, "name": "Patel (Vishnubhai Somabhai)", "relation": "UNREPORTED", "url": "", "transactionDescription": "Sale", "latestTransDate": "2017-03-31", "positionDirect": 0, "positionDirectDate": "2017-03-31"}, {"maxAge": 1, "name": "Sadhbhav Engineering Ltd", "relation": "Promoter", "url": "", "transactionDescription": "Acquisition", "latestTransDate": "2020-12-24", "positionDirect": 245721252, "positionDirectDate": "2020-12-24"}], "maxAge": 1}, "calendarEvents": {"maxAge": 1, "earnings": {"earningsDate": [], "earningsAverage": -1.61, "earningsLow": -1.61, "earningsHigh": -1.61, "revenueAverage": 6635000000, "revenueLow": 6635000000, "revenueHigh": 6635000000}, "exDividendDate": "2019-09-17 05:30:00"}, "upgradeDowngradeHistory": {"history": [], "maxAge": 86400}, "price": {"maxAge": 1, "regularMarketChangePercent": -0.0076530413, "regularMarketChange": -0.14999962, "regularMarketTime": "2021-04-30 15:29:25", "priceHint": 2, "regularMarketPrice": 19.45, "regularMarketDayHigh": 20.2, "regularMarketDayLow": 19.3, "regularMarketVolume": 148423, "averageDailyVolume10Day": 321898, "averageDailyVolume3Month": 628986, "regularMarketPreviousClose": 19.6, "regularMarketSource": "FREE_REALTIME", "regularMarketOpen": 19.7, "exchange": "NSI", "exchangeName": "NSE", "exchangeDataDelayedBy": 15, "marketState": "CLOSED", "quoteType": "EQUITY", "symbol": "SADBHIN.NS", "underlyingSymbol": null, "shortName": "SADBHAV INFRA PROJ", "longName": "Sadbhav Infrastructure Project Limited", "currency": "INR", "quoteSourceName": "Delayed Quote", "currencySymbol": "\u20b9", "fromCurrency": null, "lastMarket": null, "marketCap": 6920679936}, "balanceSheetHistory": {"balanceSheetStatements": [{"maxAge": 1, "endDate": "2020-03-31", "cash": 719910000, "shortTermInvestments": 97600000, "netReceivables": 9210800000, "otherCurrentAssets": 6436630000, "totalCurrentAssets": 16494460000, "longTermInvestments": 7271730000, "propertyPlantEquipment": 67410000, "goodWill": 265300000, "intangibleAssets": 40922130000, "otherAssets": 27971160000, "deferredLongTermAssetCharges": 21820000, "totalAssets": 92992190000, "accountsPayable": 6058710000, "shortLongTermDebt": 1835080000, "otherCurrentLiab": 6954170000, "longTermDebt": 52872060000, "otherLiab": 13659720000, "totalCurrentLiabilities": 21800440000, "totalLiab": 88332220000, "commonStock": 3522250000, "retainedEarnings": -8930740000, "treasuryStock": 1029190000, "capitalSurplus": 9039270000, "otherStockholderEquity": 1029190000, "totalStockholderEquity": 4659970000, "netTangibleAssets": -36527460000}, {"maxAge": 1, "endDate": "2019-03-31", "cash": 725210000, "shortTermInvestments": 17560000, "netReceivables": 9429600000, "otherCurrentAssets": 2172460000, "totalCurrentAssets": 13376180000, "longTermInvestments": 123780000, "propertyPlantEquipment": 173780000, "goodWill": 2043740000, "intangibleAssets": 91024720000, "otherAssets": 23035620000, "deferredLongTermAssetCharges": 80000, "totalAssets": 129777820000, "accountsPayable": 7158210000, "shortLongTermDebt": 3930430000, "otherCurrentLiab": 6783920000, "longTermDebt": 88156100000, "otherLiab": 20892460000, "minorityInterest": -18550000, "totalCurrentLiabilities": 26233750000, "totalLiab": 135282310000, "commonStock": 3522250000, "retainedEarnings": -19530960000, "treasuryStock": 1483500000, "capitalSurplus": 9039270000, "otherStockholderEquity": 1483500000, "totalStockholderEquity": -5485940000, "netTangibleAssets": -98554400000}, {"maxAge": 1, "endDate": "2018-03-31", "cash": 558380000, "netReceivables": 13005550000, "otherCurrentAssets": 3512850000, "totalCurrentAssets": 17545500000, "longTermInvestments": 28450000, "propertyPlantEquipment": 184400000, "goodWill": 2043740000, "intangibleAssets": 93560130000, "otherAssets": 2296730000, "deferredLongTermAssetCharges": 120000, "totalAssets": 115658950000, "accountsPayable": 3434350000, "shortLongTermDebt": 3120150000, "otherCurrentLiab": 7867960000, "longTermDebt": 78379680000, "otherLiab": 17980640000, "minorityInterest": 106140000, "totalCurrentLiabilities": 21850220000, "totalLiab": 118210540000, "commonStock": 3522250000, "retainedEarnings": -16623010000, "treasuryStock": 1403760000, "capitalSurplus": 9039270000, "otherStockholderEquity": 1403760000, "totalStockholderEquity": -2657730000, "netTangibleAssets": -98261600000}, {"maxAge": 1, "endDate": "2017-03-31", "cash": 503890000, "netReceivables": 2947270000, "otherCurrentAssets": 67070000, "totalCurrentAssets": 4116590000, "longTermInvestments": 20000, "propertyPlantEquipment": 202200000, "goodWill": 2043740000, "intangibleAssets": 94971450000, "otherAssets": 3087560000, "deferredLongTermAssetCharges": 72110000, "totalAssets": 104421560000, "accountsPayable": 1025400000, "shortLongTermDebt": 2263640000, "otherCurrentLiab": 2079670000, "longTermDebt": 76359810000, "otherLiab": 16403910000, "deferredLongTermLiab": 14410000, "minorityInterest": 262290000, "totalCurrentLiabilities": 10679080000, "totalLiab": 103442800000, "commonStock": 3522250000, "retainedEarnings": -12786620000, "treasuryStock": 941570000, "capitalSurplus": 9039270000, "otherStockholderEquity": 941570000, "totalStockholderEquity": 716470000, "netTangibleAssets": -96298720000}], "maxAge": 86400}, "earningsTrend": {"trend": [{"maxAge": 1, "period": "0q", "endDate": "2018-06-30", "growth": 0.512, "earningsEstimate": {"avg": -1.61, "low": -1.61, "high": -1.61, "yearAgoEps": -3.3, "numberOfAnalysts": 1, "growth": 0.512}, "revenueEstimate": {"avg": 6635000000, "low": 6635000000, "high": 6635000000, "numberOfAnalysts": 1, "yearAgoRevenue": 5020230000, "growth": 0.322}, "epsTrend": {"current": -1.61, "7daysAgo": -1.61, "30daysAgo": -1.61, "60daysAgo": -1.4, "90daysAgo": -1.4}, "epsRevisions": {"upLast7days": 0, "upLast30days": 0, "downLast30days": 0, "downLast90days": {}}}, {"maxAge": 1, "period": "+1q", "endDate": "2018-09-30", "growth": 0.155, "earningsEstimate": {"avg": -2.18, "low": -2.18, "high": -2.18, "yearAgoEps": -2.58, "numberOfAnalysts": 1, "growth": 0.155}, "revenueEstimate": {"avg": 6173000000, "low": 6173000000, "high": 6173000000, "numberOfAnalysts": 1, "yearAgoRevenue": 3890360000, "growth": 0.587}, "epsTrend": {"current": -2.18, "7daysAgo": -2.18, "30daysAgo": -2.18, "60daysAgo": -3.81, "90daysAgo": -3.81}, "epsRevisions": {"upLast7days": 0, "upLast30days": 0, "downLast30days": 0, "downLast90days": {}}}, {"maxAge": 1, "period": "0y", "endDate": "2019-03-31", "growth": 0.84400004, "earningsEstimate": {"avg": -1.46, "low": -4.0, "high": 3.3, "yearAgoEps": -9.34, "numberOfAnalysts": 3, "growth": 0.84400004}, "revenueEstimate": {"avg": 32058000000, "low": 28027000000, "high": 34850000000, "numberOfAnalysts": 3, "yearAgoRevenue": 22760600000, "growth": 0.408}, "epsTrend": {"current": -1.46, "7daysAgo": -1.46, "30daysAgo": -1.46, "60daysAgo": -1.46, "90daysAgo": -4.19}, "epsRevisions": {"upLast7days": 0, "upLast30days": 0, "downLast30days": 0, "downLast90days": {}}}, {"maxAge": 1, "period": "+1y", "endDate": "2020-03-31", "growth": 0.856, "earningsEstimate": {"avg": -0.21, "low": -4.4, "high": 6.2, "yearAgoEps": -1.46, "numberOfAnalysts": 3, "growth": 0.856}, "revenueEstimate": {"avg": 36570000000, "low": 32119000000, "high": 41105000000, "numberOfAnalysts": 3, "yearAgoRevenue": 32058000000, "growth": 0.141}, "epsTrend": {"current": -0.21, "7daysAgo": -0.21, "30daysAgo": -0.21, "60daysAgo": -0.21, "90daysAgo": -4.1}, "epsRevisions": {"upLast7days": 0, "upLast30days": 0, "downLast30days": 0, "downLast90days": {}}}, {"maxAge": 1, "period": "+5y", "endDate": null, "growth": {}, "earningsEstimate": {"avg": {}, "low": {}, "high": {}, "yearAgoEps": {}, "numberOfAnalysts": {}, "growth": {}}, "revenueEstimate": {"avg": {}, "low": {}, "high": {}, "numberOfAnalysts": {}, "yearAgoRevenue": {}, "growth": {}}, "epsTrend": {"current": {}, "7daysAgo": {}, "30daysAgo": {}, "60daysAgo": {}, "90daysAgo": {}}, "epsRevisions": {"upLast7days": {}, "upLast30days": {}, "downLast30days": {}, "downLast90days": {}}}, {"maxAge": 1, "period": "-5y", "endDate": null, "growth": {}, "earningsEstimate": {"avg": {}, "low": {}, "high": {}, "yearAgoEps": {}, "numberOfAnalysts": {}, "growth": {}}, "revenueEstimate": {"avg": {}, "low": {}, "high": {}, "numberOfAnalysts": {}, "yearAgoRevenue": {}, "growth": {}}, "epsTrend": {"current": {}, "7daysAgo": {}, "30daysAgo": {}, "60daysAgo": {}, "90daysAgo": {}}, "epsRevisions": {"upLast7days": {}, "upLast30days": {}, "downLast30days": {}, "downLast90days": {}}}], "maxAge": 1}, "institutionOwnership": {"ownershipList": [], "maxAge": 1}, "majorHoldersBreakdown": {"maxAge": 1, "insidersPercentHeld": 0.70314, "institutionsPercentHeld": 0.15113, "institutionsFloatPercentHeld": 0.50909, "institutionsCount": 5}, "balanceSheetHistoryQuarterly": {"balanceSheetStatements": [{"maxAge": 1, "endDate": "2020-12-31", "totalStockholderEquity": 2880490000, "netTangibleAssets": -37894270000}, {"maxAge": 1, "endDate": "2020-09-30", "cash": 448240000, "shortTermInvestments": 2083880000, "netReceivables": 2896920000, "otherCurrentAssets": 10296550000, "totalCurrentAssets": 15725590000, "longTermInvestments": 7324420000, "propertyPlantEquipment": 68200000, "goodWill": 265300000, "intangibleAssets": 40509460000, "otherAssets": 30515140000, "deferredLongTermAssetCharges": 28870000, "totalAssets": 94408110000, "accountsPayable": 6572320000, "otherCurrentLiab": 12987650000, "longTermDebt": 53315320000, "otherLiab": 14027930000, "totalCurrentLiabilities": 24184370000, "totalLiab": 91527620000, "commonStock": 3522250000, "treasuryStock": -641760000, "otherStockholderEquity": -641760000, "totalStockholderEquity": 2880490000, "netTangibleAssets": -37894270000}, {"maxAge": 1, "endDate": "2020-06-30", "totalStockholderEquity": 4659970000, "netTangibleAssets": -36527460000}, {"maxAge": 1, "endDate": "2020-03-31", "cash": 719910000, "shortTermInvestments": 97600000, "netReceivables": 9210800000, "otherCurrentAssets": 6436630000, "totalCurrentAssets": 16494460000, "longTermInvestments": 7271730000, "propertyPlantEquipment": 67410000, "goodWill": 265300000, "intangibleAssets": 40922130000, "otherAssets": 27971160000, "deferredLongTermAssetCharges": 21820000, "totalAssets": 92992190000, "accountsPayable": 6058710000, "shortLongTermDebt": 1835080000, "otherCurrentLiab": 6954170000, "longTermDebt": 52872060000, "otherLiab": 13659720000, "totalCurrentLiabilities": 21800440000, "totalLiab": 88332220000, "commonStock": 3522250000, "retainedEarnings": -8930740000, "treasuryStock": 1029190000, "capitalSurplus": 9039270000, "otherStockholderEquity": 1029190000, "totalStockholderEquity": 4659970000, "netTangibleAssets": -36527460000}], "maxAge": 86400}, "earningsHistory": {"history": [{"maxAge": 1, "epsActual": -3.3, "epsEstimate": 1.0, "epsDifference": -4.3, "surprisePercent": -4.3, "quarter": "2017-06-30", "period": "-4q"}, {"maxAge": 1, "epsActual": -2.58, "epsEstimate": -0.77, "epsDifference": -1.81, "surprisePercent": -2.351, "quarter": "2017-09-30", "period": "-3q"}, {"maxAge": 1, "epsActual": -1.13, "epsEstimate": -1.9, "epsDifference": 0.77, "surprisePercent": 0.405, "quarter": "2017-12-31", "period": "-2q"}, {"maxAge": 1, "epsActual": -2.34, "epsEstimate": -0.42, "epsDifference": -1.92, "surprisePercent": -4.571, "quarter": "2018-03-31", "period": "-1q"}], "maxAge": 86400}, "summaryProfile": {"address1": "Sadbhav", "address2": "Near Havmor Restaurant B/H. Navrangpura Bus Stand Navrangpura", "city": "Ahmedabad", "zip": "380009", "country": "India", "phone": "91 79 4040 0400", "fax": "91 79 4040 0444", "website": "http://www.sadbhavinfra.co.in", "industry": "Engineering & Construction", "sector": "Industrials", "longBusinessSummary": "Sadbhav Infrastructure Project Limited engages in the development, construction, operation, and maintenance of infrastructure projects in India. The company develops highways and roads on a build, operate, and transfer basis. It also provides related consulting and advisory services. The company was incorporated in 2007 and is based in Ahmedabad, India. Sadbhav Infrastructure Project Limited is a subsidiary of Sadbhav Engineering Limited.", "fullTimeEmployees": 33, "companyOfficers": [], "maxAge": 86400}, "netSharePurchaseActivity": {"maxAge": 1, "period": "6m", "buyInfoCount": 0, "buyInfoShares": 0, "sellInfoCount": 0, "netInfoCount": 0, "netInfoShares": 0, "netPercentInsiderShares": 0.0, "totalInsiderShares": 247663648}, "insiderTransactions": {"transactions": [{"maxAge": 1, "shares": 150000, "value": 41460, "filerUrl": "", "transactionText": "Acquisition at price 0.28 per share.", "filerName": "Sadhbhav Engineering Ltd", "filerRelation": "Promoter", "moneyText": "", "startDate": "2020-12-24", "ownership": "D"}, {"maxAge": 1, "shares": 49382967, "value": 14745753, "filerUrl": "", "transactionText": "Acquisition at price 0.30 per share.", "filerName": "Sadhbhav Engineering Ltd", "filerRelation": "Promoter", "moneyText": "", "startDate": "2020-12-08", "ownership": "D"}, {"maxAge": 1, "shares": 55000, "value": 12815, "filerUrl": "", "transactionText": "Sale at price 0.23 per share.", "filerName": "Patel (Vipul Hareshchandra)", "filerRelation": "UNREPORTED", "moneyText": "", "startDate": "2020-10-01", "ownership": "D"}, {"maxAge": 1, "shares": 358666, "filerUrl": "", "transactionText": "", "filerName": "Sadhbhav Engineering Ltd", "filerRelation": "Promoter", "moneyText": "", "startDate": "2020-03-31", "ownership": "D"}, {"maxAge": 1, "shares": 50446, "filerUrl": "", "transactionText": "", "filerName": "Sadhbhav Engineering Ltd", "filerRelation": "Promoter", "moneyText": "", "startDate": "2020-03-30", "ownership": "D"}, {"maxAge": 1, "shares": 304526, "filerUrl": "", "transactionText": "", "filerName": "Sadhbhav Engineering Ltd", "filerRelation": "Promoter", "moneyText": "", "startDate": "2020-03-27", "ownership": "D"}, {"maxAge": 1, "shares": 36021, "filerUrl": "", "transactionText": "", "filerName": "Sadhbhav Engineering Ltd", "filerRelation": "Promoter", "moneyText": "", "startDate": "2020-03-26", "ownership": "D"}, {"maxAge": 1, "shares": 157941, "filerUrl": "", "transactionText": "", "filerName": "Sadhbhav Engineering Ltd", "filerRelation": "Promoter", "moneyText": "", "startDate": "2020-03-20", "ownership": "D"}, {"maxAge": 1, "shares": 237070, "filerUrl": "", "transactionText": "", "filerName": "Sadhbhav Engineering Ltd", "filerRelation": "Promoter", "moneyText": "", "startDate": "2020-03-19", "ownership": "D"}, {"maxAge": 1, "shares": 91396, "filerUrl": "", "transactionText": "", "filerName": "Sadhbhav Engineering Ltd", "filerRelation": "Promoter", "moneyText": "", "startDate": "2020-03-17", "ownership": "D"}, {"maxAge": 1, "shares": 494594, "filerUrl": "", "transactionText": "", "filerName": "Sadhbhav Engineering Ltd", "filerRelation": "Promoter", "moneyText": "", "startDate": "2020-03-13", "ownership": "D"}, {"maxAge": 1, "shares": 71963570, "filerUrl": "", "transactionText": "", "filerName": "Sadhbhav Engineering Ltd", "filerRelation": "Promoter", "moneyText": "", "startDate": "2020-03-11", "ownership": "D"}, {"maxAge": 1, "shares": 113264, "filerUrl": "", "transactionText": "", "filerName": "Patel (Shantaben V)", "filerRelation": "UNREPORTED", "moneyText": "", "startDate": "2019-02-22", "ownership": "D"}, {"maxAge": 1, "shares": 1100110, "filerUrl": "", "transactionText": "", "filerName": "Patel (Shantaben V)", "filerRelation": "UNREPORTED", "moneyText": "", "startDate": "2019-01-03", "ownership": "D"}, {"maxAge": 1, "shares": 1100110, "filerUrl": "", "transactionText": "", "filerName": "Patel (Shashin Vishnubhai)", "filerRelation": "Non-Independent Non-Executive Director", "moneyText": "", "startDate": "2019-01-03", "ownership": "D"}, {"maxAge": 1, "shares": 1100110, "filerUrl": "", "transactionText": "", "filerName": "Patel (Shashin Vishnubhai)", "filerRelation": "Non-Independent Non-Executive Director", "moneyText": "", "startDate": "2019-01-02", "ownership": "D"}, {"maxAge": 1, "shares": 3500, "filerUrl": "", "transactionText": "", "filerName": "Sadhbhav Engineering Ltd", "filerRelation": "Promoter", "moneyText": "", "startDate": "2018-10-11", "ownership": "D"}, {"maxAge": 1, "shares": 38377, "filerUrl": "", "transactionText": "", "filerName": "Sadhbhav Engineering Ltd", "filerRelation": "Promoter", "moneyText": "", "startDate": "2018-10-10", "ownership": "D"}, {"maxAge": 1, "shares": 1000, "filerUrl": "", "transactionText": "", "filerName": "Sadhbhav Engineering Ltd", "filerRelation": "Promoter", "moneyText": "", "startDate": "2018-07-30", "ownership": "D"}, {"maxAge": 1, "shares": 10598, "filerUrl": "", "transactionText": "", "filerName": "Sadhbhav Engineering Ltd", "filerRelation": "Promoter", "moneyText": "", "startDate": "2018-07-27", "ownership": "D"}, {"maxAge": 1, "shares": 654, "filerUrl": "", "transactionText": "", "filerName": "Sadhbhav Engineering Ltd", "filerRelation": "Promoter", "moneyText": "", "startDate": "2018-07-23", "ownership": "D"}, {"maxAge": 1, "shares": 19616, "filerUrl": "", "transactionText": "", "filerName": "Sadhbhav Engineering Ltd", "filerRelation": "Promoter", "moneyText": "", "startDate": "2018-07-19", "ownership": "D"}, {"maxAge": 1, "shares": 16944, "filerUrl": "", "transactionText": "", "filerName": "Sadhbhav Engineering Ltd", "filerRelation": "Promoter", "moneyText": "", "startDate": "2018-07-18", "ownership": "D"}, {"maxAge": 1, "shares": 2500, "filerUrl": "", "transactionText": "", "filerName": "Sadhbhav Engineering Ltd", "filerRelation": "Promoter", "moneyText": "", "startDate": "2018-07-16", "ownership": "D"}, {"maxAge": 1, "shares": 368917, "filerUrl": "", "transactionText": "", "filerName": "Sadhbhav Engineering Ltd", "filerRelation": "Promoter", "moneyText": "", "startDate": "2018-07-13", "ownership": "D"}, {"maxAge": 1, "shares": 30113, "filerUrl": "", "transactionText": "", "filerName": "Sadhbhav Engineering Ltd", "filerRelation": "Promoter", "moneyText": "", "startDate": "2018-07-12", "ownership": "D"}, {"maxAge": 1, "shares": 19577, "filerUrl": "", "transactionText": "", "filerName": "Sadhbhav Engineering Ltd", "filerRelation": "Promoter", "moneyText": "", "startDate": "2018-07-04", "ownership": "D"}, {"maxAge": 1, "shares": 189709847, "filerUrl": "", "transactionText": "", "filerName": "Sadhbhav Engineering Ltd", "filerRelation": "Promoter", "moneyText": "", "startDate": "2018-06-29", "ownership": "D"}, {"maxAge": 1, "shares": 329478, "filerUrl": "", "transactionText": "", "filerName": "Sadhbhav Engineering Ltd", "filerRelation": "Promoter", "moneyText": "", "startDate": "2018-05-18", "ownership": "D"}, {"maxAge": 1, "shares": 36504, "filerUrl": "", "transactionText": "", "filerName": "Sadhbhav Engineering Ltd", "filerRelation": "Promoter", "moneyText": "", "startDate": "2018-05-15", "ownership": "D"}, {"maxAge": 1, "shares": 8286, "filerUrl": "", "transactionText": "", "filerName": "Sadhbhav Engineering Ltd", "filerRelation": "Promoter", "moneyText": "", "startDate": "2018-04-18", "ownership": "D"}, {"maxAge": 1, "shares": 72235, "filerUrl": "", "transactionText": "", "filerName": "Sadhbhav Engineering Ltd", "filerRelation": "Promoter", "moneyText": "", "startDate": "2018-04-17", "ownership": "D"}, {"maxAge": 1, "shares": 21263, "filerUrl": "", "transactionText": "", "filerName": "Sadhbhav Engineering Ltd", "filerRelation": "Promoter", "moneyText": "", "startDate": "2018-04-11", "ownership": "D"}, {"maxAge": 1, "shares": 330000, "filerUrl": "", "transactionText": "", "filerName": "Patel (Rajeshreeben Vishnubhai)", "filerRelation": "Promoter", "moneyText": "", "startDate": "2017-11-21", "ownership": "D"}, {"maxAge": 1, "shares": 330000, "filerUrl": "", "transactionText": "", "filerName": "Patel (Rajeshreeben Vishnubhai)", "filerRelation": "Promoter", "moneyText": "", "startDate": "2017-11-21", "ownership": "D"}, {"maxAge": 1, "shares": 330000, "filerUrl": "", "transactionText": "", "filerName": "Patel (Rajeshreeben Vishnubhai)", "filerRelation": "Promoter", "moneyText": "", "startDate": "2017-11-21", "ownership": "D"}, {"maxAge": 1, "shares": 110000, "filerUrl": "", "transactionText": "", "filerName": "Patel (Vasistha Chandulal)", "filerRelation": "Managing Director", "moneyText": "", "startDate": "2017-11-21", "ownership": "D"}, {"maxAge": 1, "shares": 440000, "filerUrl": "", "transactionText": "", "filerName": "Sadhbhav Engineering Ltd", "filerRelation": "Promoter", "moneyText": "", "startDate": "2017-11-21", "ownership": "D"}, {"maxAge": 1, "shares": 110000, "filerUrl": "", "transactionText": "", "filerName": "Patel (Shashin Vishnubhai)", "filerRelation": "Non Independent Director", "moneyText": "", "startDate": "2017-10-03", "ownership": "D"}, {"maxAge": 1, "shares": 19705, "filerUrl": "", "transactionText": "", "filerName": "Mehta (Amit M)", "filerRelation": "UNREPORTED", "moneyText": "", "startDate": "2017-04-04", "ownership": "D"}, {"maxAge": 1, "shares": 11068, "filerUrl": "", "transactionText": "", "filerName": "Bhatt (Darshan H)", "filerRelation": "UNREPORTED", "moneyText": "", "startDate": "2017-03-31", "ownership": "D"}, {"maxAge": 1, "shares": 22000, "filerUrl": "", "transactionText": "", "filerName": "Patel (Vishnubhai Somabhai)", "filerRelation": "UNREPORTED", "moneyText": "", "startDate": "2017-03-31", "ownership": "D"}, {"maxAge": 1, "shares": 22000, "filerUrl": "", "transactionText": "", "filerName": "Patel (Ashvin Kantilal)", "filerRelation": "UNREPORTED", "moneyText": "", "startDate": "2017-03-30", "ownership": "D"}, {"maxAge": 1, "shares": 67872, "filerUrl": "", "transactionText": "", "filerName": "Patel (Girishkumar Dahyalal)", "filerRelation": "UNREPORTED", "moneyText": "", "startDate": "2017-03-30", "ownership": "D"}, {"maxAge": 1, "shares": 67872, "filerUrl": "", "transactionText": "", "filerName": "Patel (Meenaben Girishkumar)", "filerRelation": "UNREPORTED", "moneyText": "", "startDate": "2017-03-30", "ownership": "D"}, {"maxAge": 1, "shares": 24432, "filerUrl": "", "transactionText": "", "filerName": "Bhatt (Darshan H)", "filerRelation": "UNREPORTED", "moneyText": "", "startDate": "2017-03-28", "ownership": "D"}, {"maxAge": 1, "shares": 16786, "filerUrl": "", "transactionText": "", "filerName": "Dani (Umesh P) HUF", "filerRelation": "UNREPORTED", "moneyText": "", "startDate": "2017-03-28", "ownership": "D"}, {"maxAge": 1, "shares": 16500, "filerUrl": "", "transactionText": "", "filerName": "Nanawati (Jainika)", "filerRelation": "UNREPORTED", "moneyText": "", "startDate": "2017-03-28", "ownership": "D"}, {"maxAge": 1, "shares": 16500, "filerUrl": "", "transactionText": "", "filerName": "Nanawati (Sharmil)", "filerRelation": "UNREPORTED", "moneyText": "", "startDate": "2017-03-28", "ownership": "D"}, {"maxAge": 1, "shares": 33000, "filerUrl": "", "transactionText": "", "filerName": "Patel (Anandiben)", "filerRelation": "UNREPORTED", "moneyText": "", "startDate": "2017-03-28", "ownership": "D"}, {"maxAge": 1, "shares": 189995, "filerUrl": "", "transactionText": "", "filerName": "Patel (Nitin) HUF", "filerRelation": "UNREPORTED", "moneyText": "", "startDate": "2017-03-28", "ownership": "D"}, {"maxAge": 1, "shares": 189995, "filerUrl": "", "transactionText": "", "filerName": "Patel (Nitinkumar R)", "filerRelation": "Director", "moneyText": "", "startDate": "2017-03-28", "ownership": "D"}, {"maxAge": 1, "shares": 11000, "filerUrl": "", "transactionText": "", "filerName": "Patel (Niketan V)", "filerRelation": "UNREPORTED", "moneyText": "", "startDate": "2017-03-27", "ownership": "D"}, {"maxAge": 1, "shares": 11000, "filerUrl": "", "transactionText": "", "filerName": "Patel (Sneha)", "filerRelation": "UNREPORTED", "moneyText": "", "startDate": "2017-03-27", "ownership": "D"}, {"maxAge": 1, "shares": 20976, "filerUrl": "", "transactionText": "", "filerName": "Bhavsar (Daxesh)", "filerRelation": "UNREPORTED", "moneyText": "", "startDate": "2017-03-24", "ownership": "D"}, {"maxAge": 1, "shares": 206428, "filerUrl": "", "transactionText": "", "filerName": "Patel (Narendra M.)", "filerRelation": "UNREPORTED", "moneyText": "", "startDate": "2017-03-24", "ownership": "D"}, {"maxAge": 1, "shares": 206428, "filerUrl": "", "transactionText": "", "filerName": "Patel (Raksha Narendra)", "filerRelation": "UNREPORTED", "moneyText": "", "startDate": "2017-03-24", "ownership": "D"}, {"maxAge": 1, "shares": 20476, "filerUrl": "", "transactionText": "", "filerName": "Bhavsar (Geeta Daxesh)", "filerRelation": "UNREPORTED", "moneyText": "", "startDate": "2017-03-20", "ownership": "D"}, {"maxAge": 1, "shares": 25710, "filerUrl": "", "transactionText": "", "filerName": "Shukla (Akhilanand H)", "filerRelation": "UNREPORTED", "moneyText": "", "startDate": "2017-02-20", "ownership": "D"}, {"maxAge": 1, "shares": 1050000, "filerUrl": "", "transactionText": "", "filerName": "Sadhbhav Engineering Ltd", "filerRelation": "Promoter", "moneyText": "", "startDate": "2016-12-19", "ownership": "D"}, {"maxAge": 1, "shares": 77000, "filerUrl": "", "transactionText": "", "filerName": "Viswanathan", "filerRelation": "UNREPORTED", "moneyText": "", "startDate": "2016-09-23", "ownership": "D"}, {"maxAge": 1, "shares": 208000, "filerUrl": "", "transactionText": "", "filerName": "Patel (Nitinkumar R)", "filerRelation": "Director", "moneyText": "", "startDate": "2016-09-22", "ownership": "D"}, {"maxAge": 1, "shares": 1000, "filerUrl": "", "transactionText": "", "filerName": "Patel (Vishnubhai M)", "filerRelation": "Promoter", "moneyText": "", "startDate": "2016-03-31", "ownership": "D"}, {"maxAge": 1, "shares": 34390, "filerUrl": "", "transactionText": "", "filerName": "Patel (Vishnubhai M)", "filerRelation": "Promoter", "moneyText": "", "startDate": "2016-03-30", "ownership": "D"}, {"maxAge": 1, "shares": 2700, "filerUrl": "", "transactionText": "", "filerName": "Patel (Vishnubhai M)", "filerRelation": "Promoter", "moneyText": "", "startDate": "2016-03-28", "ownership": "D"}, {"maxAge": 1, "shares": 5174, "filerUrl": "", "transactionText": "", "filerName": "Patel (Vishnubhai M)", "filerRelation": "Promoter", "moneyText": "", "startDate": "2016-03-23", "ownership": "D"}, {"maxAge": 1, "shares": 70000, "filerUrl": "", "transactionText": "", "filerName": "Patel (Vishnubhai M)", "filerRelation": "Promoter", "moneyText": "", "startDate": "2016-03-03", "ownership": "D"}], "maxAge": 1}, "sectorTrend": {"maxAge": 1, "symbol": null, "estimates": []}, "incomeStatementHistoryQuarterly": {"incomeStatementHistory": [{"maxAge": 1, "endDate": "2020-12-31", "totalRevenue": 3369110000, "costOfRevenue": 1937790000, "grossProfit": 1431320000, "researchDevelopment": {}, "sellingGeneralAdministrative": {}, "nonRecurring": {}, "otherOperatingExpenses": 121230000, "totalOperatingExpenses": 2431120000, "operatingIncome": 937990000, "totalOtherIncomeExpenseNet": -1363110000, "ebit": 937990000, "interestExpense": -2216220000, "incomeBeforeTax": -425120000, "incomeTaxExpense": 139900000, "minorityInterest": {}, "netIncomeFromContinuingOps": -565020000, "discontinuedOperations": {}, "extraordinaryItems": {}, "effectOfAccountingCharges": {}, "otherItems": {}, "netIncome": -565020000, "netIncomeApplicableToCommonShares": -565020000}, {"maxAge": 1, "endDate": "2020-09-30", "totalRevenue": 2830480000, "costOfRevenue": 1606160000, "grossProfit": 1224320000, "researchDevelopment": {}, "sellingGeneralAdministrative": {}, "nonRecurring": {}, "otherOperatingExpenses": 90240000, "totalOperatingExpenses": 2098040000, "operatingIncome": 732440000, "totalOtherIncomeExpenseNet": -1354940000, "ebit": 732440000, "interestExpense": -2130260000, "incomeBeforeTax": -622500000, "incomeTaxExpense": 34520000, "minorityInterest": {}, "netIncomeFromContinuingOps": -657020000, "discontinuedOperations": {}, "extraordinaryItems": {}, "effectOfAccountingCharges": {}, "otherItems": {}, "netIncome": -657020000, "netIncomeApplicableToCommonShares": -657020000}, {"maxAge": 1, "endDate": "2020-06-30", "totalRevenue": 2552410000, "costOfRevenue": 1832480000, "grossProfit": 719930000, "researchDevelopment": {}, "sellingGeneralAdministrative": {}, "nonRecurring": {}, "otherOperatingExpenses": 78140000, "totalOperatingExpenses": 2090390000, "operatingIncome": 462020000, "totalOtherIncomeExpenseNet": -1386650000, "ebit": 462020000, "interestExpense": -2106130000, "incomeBeforeTax": -924630000, "incomeTaxExpense": 43620000, "minorityInterest": {}, "netIncomeFromContinuingOps": -968250000, "discontinuedOperations": {}, "extraordinaryItems": {}, "effectOfAccountingCharges": {}, "otherItems": {}, "netIncome": -968250000, "netIncomeApplicableToCommonShares": -968250000}, {"maxAge": 1, "endDate": "2020-03-31", "totalRevenue": 3772380000, "costOfRevenue": 2067540000, "grossProfit": 1704840000, "researchDevelopment": {}, "sellingGeneralAdministrative": 27790000, "nonRecurring": {}, "otherOperatingExpenses": 404460000, "totalOperatingExpenses": 3073780000, "operatingIncome": 698600000, "totalOtherIncomeExpenseNet": 12891020000, "ebit": 698600000, "interestExpense": -1213700000, "incomeBeforeTax": 13589620000, "incomeTaxExpense": 717020000, "minorityInterest": {}, "netIncomeFromContinuingOps": 12872600000, "discontinuedOperations": {}, "extraordinaryItems": {}, "effectOfAccountingCharges": {}, "otherItems": {}, "netIncome": 12874840000, "netIncomeApplicableToCommonShares": 12874840000}], "maxAge": 86400}, "cashflowStatementHistoryQuarterly": {"cashflowStatements": [{"maxAge": 1, "endDate": "2020-12-31", "netIncome": -565020000, "changeToLiabilities": 0}, {"maxAge": 1, "endDate": "2020-09-30", "netIncome": -657020000, "changeToLiabilities": 0}, {"maxAge": 1, "endDate": "2020-06-30", "netIncome": -968250000, "changeToLiabilities": 0}, {"maxAge": 1, "endDate": "2020-03-31", "netIncome": 12874840000, "changeToLiabilities": 0}], "maxAge": 86400}, "earnings": {"maxAge": 86400, "earningsChart": {"quarterly": [{"date": "2Q2017", "actual": -3.3, "estimate": 1.0}, {"date": "3Q2017", "actual": -2.58, "estimate": -0.77}, {"date": "4Q2017", "actual": -1.13, "estimate": -1.9}, {"date": "1Q2018", "actual": -2.34, "estimate": -0.42}], "currentQuarterEstimate": -1.61, "currentQuarterEstimateDate": "2Q", "currentQuarterEstimateYear": 2018, "earningsDate": []}, "financialsChart": {"yearly": [{"date": 2017, "revenue": 13626430000, "earnings": -3531440000}, {"date": 2018, "revenue": 22623820000, "earnings": -3290370000}, {"date": 2019, "revenue": 35479320000, "earnings": -2452730000}, {"date": 2020, "revenue": 22704030000, "earnings": 10336530000}], "quarterly": [{"date": "1Q2020", "revenue": 3772380000, "earnings": 12874840000}, {"date": "2Q2020", "revenue": 2552410000, "earnings": -968250000}, {"date": "3Q2020", "revenue": 2830480000, "earnings": -657020000}, {"date": "4Q2020", "revenue": 3369110000, "earnings": -565020000}]}, "financialCurrency": "INR"}, "financialData": {"maxAge": 86400, "currentPrice": 19.45, "targetHighPrice": 178.0, "targetLowPrice": 130.0, "targetMeanPrice": 156.25, "targetMedianPrice": 158.5, "recommendationMean": 1.8, "recommendationKey": "buy", "numberOfAnalystOpinions": 4, "totalCash": 2532120064, "totalCashPerShare": 7.189, "ebitda": 5731579904, "totalDebt": 57939718144, "totalRevenue": 12524399616, "debtToEquity": 2011.454, "revenuePerShare": 35.552, "grossProfits": 9434930000, "revenueGrowth": -0.334, "grossMargins": 0.40564, "ebitdaMargins": 0.45763, "operatingMargins": 0.22604, "profitMargins": 0.8531, "financialCurrency": "INR"}}}