{"SADBHIN.BO": {"recommendationTrend": {"trend": [{"period": "0m", "strongBuy": 0, "buy": 0, "hold": 0, "sell": 0, "strongSell": 0}, {"period": "-1m", "strongBuy": 0, "buy": 0, "hold": 0, "sell": 0, "strongSell": 0}, {"period": "-2m", "strongBuy": 0, "buy": 0, "hold": 0, "sell": 0, "strongSell": 0}, {"period": "-3m", "strongBuy": 0, "buy": 0, "hold": 0, "sell": 0, "strongSell": 0}], "maxAge": 86400}, "cashflowStatementHistory": {"cashflowStatements": [{"maxAge": 1, "endDate": "2020-03-31", "netIncome": 10336530000, "depreciation": 2927240000, "changeToNetincome": -1419210000, "changeToAccountReceivables": -5423420000, "changeToLiabilities": -453930000, "changeToOperatingActivities": -3159100000, "totalCashFromOperatingActivities": 2850980000, "capitalExpenditures": -132240000, "investments": 187990000, "otherCashflowsFromInvestingActivities": 21130000, "totalCashflowsFromInvestingActivities": 2825040000, "dividendsPaid": -105560000, "netBorrowings": 5147170000, "otherCashflowsFromFinancingActivities": -10582380000, "totalCashFromFinancingActivities": -5540770000, "changeInCash": -160990000}, {"maxAge": 1, "endDate": "2019-03-31", "netIncome": -2452730000, "depreciation": 2962880000, "changeToNetincome": 12538950000, "changeToAccountReceivables": -14272120000, "changeToLiabilities": 3847460000, "changeToOperatingActivities": -738580000, "totalCashFromOperatingActivities": 1924690000, "capitalExpenditures": -1045360000, "investments": -930520000, "otherCashflowsFromInvestingActivities": 192610000, "totalCashflowsFromInvestingActivities": -2010170000, "dividendsPaid": -211530000, "netBorrowings": 10964510000, "otherCashflowsFromFinancingActivities": -10500670000, "totalCashFromFinancingActivities": 252310000, "changeInCash": 166830000}, {"maxAge": 1, "endDate": "2018-03-31", "netIncome": -3290370000, "depreciation": 2604530000, "changeToNetincome": 12592970000, "changeToAccountReceivables": -8092830000, "changeToLiabilities": 2419900000, "changeToOperatingActivities": -239630000, "totalCashFromOperatingActivities": 6029950000, "capitalExpenditures": -1152460000, "investments": 160640000, "otherCashflowsFromInvestingActivities": 2900000, "totalCashflowsFromInvestingActivities": -975230000, "dividendsPaid": -85190000, "netBorrowings": 2944990000, "otherCashflowsFromFinancingActivities": -7860030000, "totalCashFromFinancingActivities": -5000230000, "changeInCash": 54490000}, {"maxAge": 1, "endDate": "2017-03-31", "netIncome": -3531440000, "depreciation": 2209830000, "changeToNetincome": 11262160000, "changeToAccountReceivables": 50540000, "changeToLiabilities": 229190000, "changeToInventory": 4260000, "changeToOperatingActivities": -2814450000, "totalCashFromOperatingActivities": 7774060000, "capitalExpenditures": -2276970000, "investments": -310080000, "otherCashflowsFromInvestingActivities": 9420000, "totalCashflowsFromInvestingActivities": -2577470000, "dividendsPaid": -85190000, "netBorrowings": 2824190000, "otherCashflowsFromFinancingActivities": -8388570000, "totalCashFromFinancingActivities": -5564380000, "changeInCash": -367790000}], "maxAge": 86400}, "institutionOwnership": {"ownershipList": [], "maxAge": 1}, "balanceSheetHistoryQuarterly": {"balanceSheetStatements": [{"maxAge": 1, "endDate": "2020-06-30", "totalStockholderEquity": 4659970000, "netTangibleAssets": -36527460000}, {"maxAge": 1, "endDate": "2020-03-31", "cash": 719910000, "shortTermInvestments": 97600000, "netReceivables": 9210800000, "otherCurrentAssets": 6436630000, "totalCurrentAssets": 16494460000, "longTermInvestments": 7271730000, "propertyPlantEquipment": 67410000, "goodWill": 265300000, "intangibleAssets": 40922130000, "otherAssets": 27971160000, "deferredLongTermAssetCharges": 21820000, "totalAssets": 92992190000, "accountsPayable": 6058710000, "shortLongTermDebt": 1835080000, "otherCurrentLiab": 6954170000, "longTermDebt": 52872060000, "otherLiab": 13659720000, "totalCurrentLiabilities": 21800440000, "totalLiab": 88332220000, "commonStock": 3522250000, "retainedEarnings": -8930740000, "treasuryStock": 1029190000, "capitalSurplus": 9039270000, "otherStockholderEquity": 1029190000, "totalStockholderEquity": 4659970000, "netTangibleAssets": -36527460000}, {"maxAge": 1, "endDate": "2019-12-31", "totalStockholderEquity": -6980620000, "netTangibleAssets": -48673530000}, {"maxAge": 1, "endDate": "2019-09-30", "cash": 237400000, "shortTermInvestments": 2156170000, "netReceivables": 3848420000, "otherCurrentAssets": 59259880000, "totalCurrentAssets": 65501870000, "longTermInvestments": 110370000, "propertyPlantEquipment": 119510000, "goodWill": 265300000, "intangibleAssets": 41427610000, "otherAssets": 25000000000, "deferredLongTermAssetCharges": 50000, "totalAssets": 132424660000, "accountsPayable": 5907340000, "otherCurrentLiab": 59844370000, "longTermDebt": 52908580000, "otherLiab": 12460110000, "minorityInterest": -41800000, "totalCurrentLiabilities": 74078390000, "totalLiab": 139447080000, "commonStock": 3522250000, "treasuryStock": -10502870000, "otherStockholderEquity": -10502870000, "totalStockholderEquity": -6980620000, "netTangibleAssets": -48673530000}], "maxAge": 86400}, "earningsHistory": {"history": [{"maxAge": 1, "epsActual": -2.58, "epsEstimate": -0.77, "epsDifference": -1.81, "surprisePercent": -2.351, "quarter": "2017-09-30", "period": "-4q"}, {"maxAge": 1, "epsActual": -1.13, "epsEstimate": -1.9, "epsDifference": 0.77, "surprisePercent": 0.405, "quarter": "2017-12-31", "period": "-3q"}, {"maxAge": 1, "epsActual": -2.34, "epsEstimate": -0.42, "epsDifference": -1.92, "surprisePercent": -4.571, "quarter": "2018-03-31", "period": "-2q"}, {"maxAge": 1, "epsActual": -1.86, "epsEstimate": -1.61, "epsDifference": -0.25, "surprisePercent": -0.155, "quarter": "2018-06-30", "period": "-1q"}], "maxAge": 86400}, "indexTrend": {"maxAge": 1, "symbol": "SP5", "peRatio": 19.7411, "pegRatio": 1.34172, "estimates": [{"period": "0q", "growth": 0.549}, {"period": "+1q", "growth": 0.431}, {"period": "0y", "growth": 0.305}, {"period": "+1y", "growth": 0.109}, {"period": "+5y", "growth": 0.120865}, {"period": "-5y"}]}, "industryTrend": {"maxAge": 1, "symbol": null, "estimates": []}, "insiderTransactions": {"transactions": [{"maxAge": 1, "shares": 55000, "value": 12815, "filerUrl": "", "transactionText": "Sale at price 0.23 per share.", "filerName": "Patel (Vipul Hareshchandra)", "filerRelation": "UNREPORTED", "moneyText": "", "startDate": "2020-10-01", "ownership": "D"}, {"maxAge": 1, "shares": 358666, "filerUrl": "", "transactionText": "", "filerName": "Sadhbhav Engineering Ltd", "filerRelation": "Promoter", "moneyText": "", "startDate": "2020-03-31", "ownership": "D"}, {"maxAge": 1, "shares": 50446, "filerUrl": "", "transactionText": "", "filerName": "Sadhbhav Engineering Ltd", "filerRelation": "Promoter", "moneyText": "", "startDate": "2020-03-30", "ownership": "D"}, {"maxAge": 1, "shares": 304526, "filerUrl": "", "transactionText": "", "filerName": "Sadhbhav Engineering Ltd", "filerRelation": "Promoter", "moneyText": "", "startDate": "2020-03-27", "ownership": "D"}, {"maxAge": 1, "shares": 36021, "filerUrl": "", "transactionText": "", "filerName": "Sadhbhav Engineering Ltd", "filerRelation": "Promoter", "moneyText": "", "startDate": "2020-03-26", "ownership": "D"}, {"maxAge": 1, "shares": 157941, "filerUrl": "", "transactionText": "", "filerName": "Sadhbhav Engineering Ltd", "filerRelation": "Promoter", "moneyText": "", "startDate": "2020-03-20", "ownership": "D"}, {"maxAge": 1, "shares": 237070, "filerUrl": "", "transactionText": "", "filerName": "Sadhbhav Engineering Ltd", "filerRelation": "Promoter", "moneyText": "", "startDate": "2020-03-19", "ownership": "D"}, {"maxAge": 1, "shares": 91396, "filerUrl": "", "transactionText": "", "filerName": "Sadhbhav Engineering Ltd", "filerRelation": "Promoter", "moneyText": "", "startDate": "2020-03-17", "ownership": "D"}, {"maxAge": 1, "shares": 494594, "filerUrl": "", "transactionText": "", "filerName": "Sadhbhav Engineering Ltd", "filerRelation": "Promoter", "moneyText": "", "startDate": "2020-03-13", "ownership": "D"}, {"maxAge": 1, "shares": 572753, "filerUrl": "", "transactionText": "", "filerName": "Sadhbhav Engineering Ltd", "filerRelation": "Promoter", "moneyText": "", "startDate": "2020-03-11", "ownership": "D"}, {"maxAge": 1, "shares": 113264, "filerUrl": "", "transactionText": "", "filerName": "Patel (Shantaben V)", "filerRelation": "UNREPORTED", "moneyText": "", "startDate": "2019-02-22", "ownership": "D"}, {"maxAge": 1, "shares": 1100110, "filerUrl": "", "transactionText": "", "filerName": "Patel (Shantaben V)", "filerRelation": "UNREPORTED", "moneyText": "", "startDate": "2019-01-03", "ownership": "D"}, {"maxAge": 1, "shares": 1100110, "filerUrl": "", "transactionText": "", "filerName": "Patel (Shashin Vishnubhai)", "filerRelation": "Non-Independent Non-Executive Director", "moneyText": "", "startDate": "2019-01-03", "ownership": "D"}, {"maxAge": 1, "shares": 1100110, "filerUrl": "", "transactionText": "", "filerName": "Patel (Shashin Vishnubhai)", "filerRelation": "Non-Independent Non-Executive Director", "moneyText": "", "startDate": "2019-01-02", "ownership": "D"}, {"maxAge": 1, "shares": 3500, "filerUrl": "", "transactionText": "", "filerName": "Sadhbhav Engineering Ltd", "filerRelation": "Promoter", "moneyText": "", "startDate": "2018-10-11", "ownership": "D"}, {"maxAge": 1, "shares": 38377, "filerUrl": "", "transactionText": "", "filerName": "Sadhbhav Engineering Ltd", "filerRelation": "Promoter", "moneyText": "", "startDate": "2018-10-10", "ownership": "D"}, {"maxAge": 1, "shares": 1000, "filerUrl": "", "transactionText": "", "filerName": "Sadhbhav Engineering Ltd", "filerRelation": "Promoter", "moneyText": "", "startDate": "2018-07-30", "ownership": "D"}, {"maxAge": 1, "shares": 10598, "filerUrl": "", "transactionText": "", "filerName": "Sadhbhav Engineering Ltd", "filerRelation": "Promoter", "moneyText": "", "startDate": "2018-07-27", "ownership": "D"}, {"maxAge": 1, "shares": 654, "filerUrl": "", "transactionText": "", "filerName": "Sadhbhav Engineering Ltd", "filerRelation": "Promoter", "moneyText": "", "startDate": "2018-07-23", "ownership": "D"}, {"maxAge": 1, "shares": 19616, "filerUrl": "", "transactionText": "", "filerName": "Sadhbhav Engineering Ltd", "filerRelation": "Promoter", "moneyText": "", "startDate": "2018-07-19", "ownership": "D"}, {"maxAge": 1, "shares": 16944, "filerUrl": "", "transactionText": "", "filerName": "Sadhbhav Engineering Ltd", "filerRelation": "Promoter", "moneyText": "", "startDate": "2018-07-18", "ownership": "D"}, {"maxAge": 1, "shares": 2500, "filerUrl": "", "transactionText": "", "filerName": "Sadhbhav Engineering Ltd", "filerRelation": "Promoter", "moneyText": "", "startDate": "2018-07-16", "ownership": "D"}, {"maxAge": 1, "shares": 368917, "filerUrl": "", "transactionText": "", "filerName": "Sadhbhav Engineering Ltd", "filerRelation": "Promoter", "moneyText": "", "startDate": "2018-07-13", "ownership": "D"}, {"maxAge": 1, "shares": 30113, "filerUrl": "", "transactionText": "", "filerName": "Sadhbhav Engineering Ltd", "filerRelation": "Promoter", "moneyText": "", "startDate": "2018-07-12", "ownership": "D"}, {"maxAge": 1, "shares": 19577, "filerUrl": "", "transactionText": "", "filerName": "Sadhbhav Engineering Ltd", "filerRelation": "Promoter", "moneyText": "", "startDate": "2018-07-04", "ownership": "D"}, {"maxAge": 1, "shares": 189709847, "filerUrl": "", "transactionText": "", "filerName": "Sadhbhav Engineering Ltd", "filerRelation": "Promoter", "moneyText": "", "startDate": "2018-06-29", "ownership": "D"}, {"maxAge": 1, "shares": 329478, "filerUrl": "", "transactionText": "", "filerName": "Sadhbhav Engineering Ltd", "filerRelation": "Promoter", "moneyText": "", "startDate": "2018-05-18", "ownership": "D"}, {"maxAge": 1, "shares": 36504, "filerUrl": "", "transactionText": "", "filerName": "Sadhbhav Engineering Ltd", "filerRelation": "Promoter", "moneyText": "", "startDate": "2018-05-15", "ownership": "D"}, {"maxAge": 1, "shares": 8286, "filerUrl": "", "transactionText": "", "filerName": "Sadhbhav Engineering Ltd", "filerRelation": "Promoter", "moneyText": "", "startDate": "2018-04-18", "ownership": "D"}, {"maxAge": 1, "shares": 72235, "filerUrl": "", "transactionText": "", "filerName": "Sadhbhav Engineering Ltd", "filerRelation": "Promoter", "moneyText": "", "startDate": "2018-04-17", "ownership": "D"}, {"maxAge": 1, "shares": 21263, "filerUrl": "", "transactionText": "", "filerName": "Sadhbhav Engineering Ltd", "filerRelation": "Promoter", "moneyText": "", "startDate": "2018-04-11", "ownership": "D"}, {"maxAge": 1, "shares": 330000, "filerUrl": "", "transactionText": "", "filerName": "Patel (Rajeshreeben Vishnubhai)", "filerRelation": "Promoter", "moneyText": "", "startDate": "2017-11-21", "ownership": "D"}, {"maxAge": 1, "shares": 330000, "filerUrl": "", "transactionText": "", "filerName": "Patel (Rajeshreeben Vishnubhai)", "filerRelation": "Promoter", "moneyText": "", "startDate": "2017-11-21", "ownership": "D"}, {"maxAge": 1, "shares": 330000, "filerUrl": "", "transactionText": "", "filerName": "Patel (Rajeshreeben Vishnubhai)", "filerRelation": "Promoter", "moneyText": "", "startDate": "2017-11-21", "ownership": "D"}, {"maxAge": 1, "shares": 110000, "filerUrl": "", "transactionText": "", "filerName": "Patel (Vasistha Chandulal)", "filerRelation": "Managing Director", "moneyText": "", "startDate": "2017-11-21", "ownership": "D"}, {"maxAge": 1, "shares": 440000, "filerUrl": "", "transactionText": "", "filerName": "Sadhbhav Engineering Ltd", "filerRelation": "Promoter", "moneyText": "", "startDate": "2017-11-21", "ownership": "D"}, {"maxAge": 1, "shares": 110000, "filerUrl": "", "transactionText": "", "filerName": "Patel (Shashin Vishnubhai)", "filerRelation": "Non Independent Director", "moneyText": "", "startDate": "2017-10-03", "ownership": "D"}, {"maxAge": 1, "shares": 19705, "filerUrl": "", "transactionText": "", "filerName": "Mehta (Amit M)", "filerRelation": "UNREPORTED", "moneyText": "", "startDate": "2017-04-04", "ownership": "D"}, {"maxAge": 1, "shares": 11068, "filerUrl": "", "transactionText": "", "filerName": "Bhatt (Darshan H)", "filerRelation": "UNREPORTED", "moneyText": "", "startDate": "2017-03-31", "ownership": "D"}, {"maxAge": 1, "shares": 22000, "filerUrl": "", "transactionText": "", "filerName": "Patel (Vishnubhai Somabhai)", "filerRelation": "UNREPORTED", "moneyText": "", "startDate": "2017-03-31", "ownership": "D"}, {"maxAge": 1, "shares": 22000, "filerUrl": "", "transactionText": "", "filerName": "Patel (Ashvin Kantilal)", "filerRelation": "UNREPORTED", "moneyText": "", "startDate": "2017-03-30", "ownership": "D"}, {"maxAge": 1, "shares": 67872, "filerUrl": "", "transactionText": "", "filerName": "Patel (Girishkumar Dahyalal)", "filerRelation": "UNREPORTED", "moneyText": "", "startDate": "2017-03-30", "ownership": "D"}, {"maxAge": 1, "shares": 67872, "filerUrl": "", "transactionText": "", "filerName": "Patel (Meenaben Girishkumar)", "filerRelation": "UNREPORTED", "moneyText": "", "startDate": "2017-03-30", "ownership": "D"}, {"maxAge": 1, "shares": 24432, "filerUrl": "", "transactionText": "", "filerName": "Bhatt (Darshan H)", "filerRelation": "UNREPORTED", "moneyText": "", "startDate": "2017-03-28", "ownership": "D"}, {"maxAge": 1, "shares": 16786, "filerUrl": "", "transactionText": "", "filerName": "Dani (Umesh P) HUF", "filerRelation": "UNREPORTED", "moneyText": "", "startDate": "2017-03-28", "ownership": "D"}, {"maxAge": 1, "shares": 16500, "filerUrl": "", "transactionText": "", "filerName": "Nanawati (Jainika)", "filerRelation": "UNREPORTED", "moneyText": "", "startDate": "2017-03-28", "ownership": "D"}, {"maxAge": 1, "shares": 16500, "filerUrl": "", "transactionText": "", "filerName": "Nanawati (Sharmil)", "filerRelation": "UNREPORTED", "moneyText": "", "startDate": "2017-03-28", "ownership": "D"}, {"maxAge": 1, "shares": 33000, "filerUrl": "", "transactionText": "", "filerName": "Patel (Anandiben)", "filerRelation": "UNREPORTED", "moneyText": "", "startDate": "2017-03-28", "ownership": "D"}, {"maxAge": 1, "shares": 189995, "filerUrl": "", "transactionText": "", "filerName": "Patel (Nitin) HUF", "filerRelation": "UNREPORTED", "moneyText": "", "startDate": "2017-03-28", "ownership": "D"}, {"maxAge": 1, "shares": 189995, "filerUrl": "", "transactionText": "", "filerName": "Patel (Nitinkumar R)", "filerRelation": "Director", "moneyText": "", "startDate": "2017-03-28", "ownership": "D"}, {"maxAge": 1, "shares": 11000, "filerUrl": "", "transactionText": "", "filerName": "Patel (Niketan V)", "filerRelation": "UNREPORTED", "moneyText": "", "startDate": "2017-03-27", "ownership": "D"}, {"maxAge": 1, "shares": 11000, "filerUrl": "", "transactionText": "", "filerName": "Patel (Sneha)", "filerRelation": "UNREPORTED", "moneyText": "", "startDate": "2017-03-27", "ownership": "D"}, {"maxAge": 1, "shares": 20976, "filerUrl": "", "transactionText": "", "filerName": "Bhavsar (Daxesh)", "filerRelation": "UNREPORTED", "moneyText": "", "startDate": "2017-03-24", "ownership": "D"}, {"maxAge": 1, "shares": 206428, "filerUrl": "", "transactionText": "", "filerName": "Patel (Narendra M.)", "filerRelation": "UNREPORTED", "moneyText": "", "startDate": "2017-03-24", "ownership": "D"}, {"maxAge": 1, "shares": 206428, "filerUrl": "", "transactionText": "", "filerName": "Patel (Raksha Narendra)", "filerRelation": "UNREPORTED", "moneyText": "", "startDate": "2017-03-24", "ownership": "D"}, {"maxAge": 1, "shares": 20476, "filerUrl": "", "transactionText": "", "filerName": "Bhavsar (Geeta Daxesh)", "filerRelation": "UNREPORTED", "moneyText": "", "startDate": "2017-03-20", "ownership": "D"}, {"maxAge": 1, "shares": 25710, "filerUrl": "", "transactionText": "", "filerName": "Shukla (Akhilanand H)", "filerRelation": "UNREPORTED", "moneyText": "", "startDate": "2017-02-20", "ownership": "D"}, {"maxAge": 1, "shares": 1050000, "filerUrl": "", "transactionText": "", "filerName": "Sadhbhav Engineering Ltd", "filerRelation": "Promoter", "moneyText": "", "startDate": "2016-12-19", "ownership": "D"}, {"maxAge": 1, "shares": 77000, "filerUrl": "", "transactionText": "", "filerName": "Viswanathan", "filerRelation": "UNREPORTED", "moneyText": "", "startDate": "2016-09-23", "ownership": "D"}, {"maxAge": 1, "shares": 208000, "filerUrl": "", "transactionText": "", "filerName": "Patel (Nitinkumar R)", "filerRelation": "Director", "moneyText": "", "startDate": "2016-09-22", "ownership": "D"}, {"maxAge": 1, "shares": 1000, "filerUrl": "", "transactionText": "", "filerName": "Patel (Vishnubhai M)", "filerRelation": "Promoter", "moneyText": "", "startDate": "2016-03-31", "ownership": "D"}, {"maxAge": 1, "shares": 34390, "filerUrl": "", "transactionText": "", "filerName": "Patel (Vishnubhai M)", "filerRelation": "Promoter", "moneyText": "", "startDate": "2016-03-30", "ownership": "D"}, {"maxAge": 1, "shares": 2700, "filerUrl": "", "transactionText": "", "filerName": "Patel (Vishnubhai M)", "filerRelation": "Promoter", "moneyText": "", "startDate": "2016-03-28", "ownership": "D"}, {"maxAge": 1, "shares": 5174, "filerUrl": "", "transactionText": "", "filerName": "Patel (Vishnubhai M)", "filerRelation": "Promoter", "moneyText": "", "startDate": "2016-03-23", "ownership": "D"}, {"maxAge": 1, "shares": 70000, "filerUrl": "", "transactionText": "", "filerName": "Patel (Vishnubhai M)", "filerRelation": "Promoter", "moneyText": "", "startDate": "2016-03-03", "ownership": "D"}], "maxAge": 1}, "quoteType": {"exchange": "BSE", "quoteType": "EQUITY", "symbol": "SADBHIN.BO", "underlyingSymbol": "SADBHIN.BO", "shortName": "Sadbhav Infrastructure Project", "longName": "Sadbhav Infrastructure Project Limited", "firstTradeDateEpochUtc": "2015-09-16 09:15:00", "timeZoneFullName": "Asia/Kolkata", "timeZoneShortName": "IST", "uuid": "b5bbecd0-b4d0-3c11-ab26-5b81b31ac0b3", "gmtOffSetMilliseconds": 19800000, "maxAge": 1}, "incomeStatementHistory": {"incomeStatementHistory": [{"maxAge": 1, "endDate": "2020-03-31", "totalRevenue": 22704030000, "costOfRevenue": 13269100000, "grossProfit": 9434930000, "researchDevelopment": {}, "sellingGeneralAdministrative": 27790000, "nonRecurring": {}, "otherOperatingExpenses": 844860000, "totalOperatingExpenses": 17069000000, "operatingIncome": 5635030000, "totalOtherIncomeExpenseNet": 5393460000, "ebit": 5635030000, "interestExpense": -11202860000, "incomeBeforeTax": 11028490000, "incomeTaxExpense": 734870000, "minorityInterest": {}, "netIncomeFromContinuingOps": 10293620000, "discontinuedOperations": {}, "extraordinaryItems": {}, "effectOfAccountingCharges": {}, "otherItems": {}, "netIncome": 10336530000, "netIncomeApplicableToCommonShares": 10336530000}, {"maxAge": 1, "endDate": "2019-03-31", "totalRevenue": 35479320000, "costOfRevenue": 24418570000, "grossProfit": 11060750000, "researchDevelopment": {}, "sellingGeneralAdministrative": 28370000, "nonRecurring": {}, "otherOperatingExpenses": 548420000, "totalOperatingExpenses": 27958460000, "operatingIncome": 7520860000, "totalOtherIncomeExpenseNet": -9392510000, "ebit": 7520860000, "interestExpense": -10106580000, "incomeBeforeTax": -1871650000, "incomeTaxExpense": 607000000, "minorityInterest": -18550000, "netIncomeFromContinuingOps": -2478650000, "discontinuedOperations": {}, "extraordinaryItems": {}, "effectOfAccountingCharges": {}, "otherItems": {}, "netIncome": -2452730000, "netIncomeApplicableToCommonShares": -2452730000}, {"maxAge": 1, "endDate": "2018-03-31", "totalRevenue": 22623820000, "costOfRevenue": 11825480000, "grossProfit": 10798340000, "researchDevelopment": {}, "sellingGeneralAdministrative": 19890000, "nonRecurring": {}, "otherOperatingExpenses": 337710000, "totalOperatingExpenses": 14788210000, "operatingIncome": 7835610000, "totalOtherIncomeExpenseNet": -10807830000, "ebit": 7835610000, "interestExpense": -9414160000, "incomeBeforeTax": -2972220000, "incomeTaxExpense": 407510000, "minorityInterest": 106140000, "netIncomeFromContinuingOps": -3379730000, "discontinuedOperations": {}, "extraordinaryItems": {}, "effectOfAccountingCharges": {}, "otherItems": {}, "netIncome": -3290370000, "netIncomeApplicableToCommonShares": -3290370000}, {"maxAge": 1, "endDate": "2017-03-31", "totalRevenue": 13626430000, "costOfRevenue": 4284540000, "grossProfit": 9341890000, "researchDevelopment": {}, "sellingGeneralAdministrative": 21330000, "nonRecurring": {}, "otherOperatingExpenses": 473720000, "totalOperatingExpenses": 6990490000, "operatingIncome": 6635940000, "totalOtherIncomeExpenseNet": -10160890000, "ebit": 6635940000, "interestExpense": -8944850000, "incomeBeforeTax": -3524950000, "incomeTaxExpense": 76040000, "minorityInterest": 262290000, "netIncomeFromContinuingOps": -3600990000, "discontinuedOperations": {}, "extraordinaryItems": {}, "effectOfAccountingCharges": {}, "otherItems": {}, "netIncome": -3531440000, "netIncomeApplicableToCommonShares": -3531440000}], "maxAge": 86400}, "fundOwnership": {"ownershipList": [], "maxAge": 1}, "summaryDetail": {"maxAge": 1, "priceHint": 2, "previousClose": 19.8, "open": 19.45, "dayLow": 19.35, "dayHigh": 20.15, "regularMarketPreviousClose": 19.8, "regularMarketOpen": 19.45, "regularMarketDayLow": 19.35, "regularMarketDayHigh": 20.15, "trailingPE": 0.6801889, "forwardPE": -4.924051, "volume": 16214, "regularMarketVolume": 16214, "averageVolume": 74832, "averageVolume10days": 32526, "averageDailyVolume10Day": 32526, "bid": 19.35, "ask": 20.0, "bidSize": 0, "askSize": 0, "marketCap": 6850776576, "fiftyTwoWeekLow": 10.9, "fiftyTwoWeekHigh": 42.3, "fiftyDayAverage": 20.29697, "twoHundredDayAverage": 18.126839, "trailingAnnualDividendRate": 0.3, "trailingAnnualDividendYield": 0.015151517, "currency": "INR", "fromCurrency": null, "lastMarket": null, "algorithm": null, "tradeable": false}, "sectorTrend": {"maxAge": 1, "symbol": null, "estimates": []}, "incomeStatementHistoryQuarterly": {"incomeStatementHistory": [{"maxAge": 1, "endDate": "2020-06-30", "totalRevenue": 2552410000, "costOfRevenue": 1832480000, "grossProfit": 719930000, "researchDevelopment": {}, "sellingGeneralAdministrative": {}, "nonRecurring": {}, "otherOperatingExpenses": 78140000, "totalOperatingExpenses": 2090390000, "operatingIncome": 462020000, "totalOtherIncomeExpenseNet": -1386650000, "ebit": 462020000, "interestExpense": -2106130000, "incomeBeforeTax": -924630000, "incomeTaxExpense": 43620000, "minorityInterest": {}, "netIncomeFromContinuingOps": -968250000, "discontinuedOperations": {}, "extraordinaryItems": {}, "effectOfAccountingCharges": {}, "otherItems": {}, "netIncome": -968250000, "netIncomeApplicableToCommonShares": -968250000}, {"maxAge": 1, "endDate": "2020-03-31", "totalRevenue": 3772380000, "costOfRevenue": 2067540000, "grossProfit": 1704840000, "researchDevelopment": {}, "sellingGeneralAdministrative": 27790000, "nonRecurring": {}, "otherOperatingExpenses": 404460000, "totalOperatingExpenses": 3073780000, "operatingIncome": 698600000, "totalOtherIncomeExpenseNet": 12891020000, "ebit": 698600000, "interestExpense": -1213700000, "incomeBeforeTax": 13589620000, "incomeTaxExpense": 717020000, "minorityInterest": {}, "netIncomeFromContinuingOps": 12872600000, "discontinuedOperations": {}, "extraordinaryItems": {}, "effectOfAccountingCharges": {}, "otherItems": {}, "netIncome": 12874840000, "netIncomeApplicableToCommonShares": 12874840000}, {"maxAge": 1, "endDate": "2019-12-31", "totalRevenue": 5057850000, "costOfRevenue": 2629480000, "grossProfit": 2428370000, "researchDevelopment": {}, "sellingGeneralAdministrative": 27790000, "nonRecurring": {}, "otherOperatingExpenses": 134710000, "totalOperatingExpenses": 3579960000, "operatingIncome": 1477890000, "totalOtherIncomeExpenseNet": -2654850000, "ebit": 1477890000, "interestExpense": -3452260000, "incomeBeforeTax": -1176960000, "incomeTaxExpense": 8570000, "minorityInterest": {}, "netIncomeFromContinuingOps": -1185530000, "discontinuedOperations": {}, "extraordinaryItems": {}, "effectOfAccountingCharges": {}, "otherItems": {}, "netIncome": -1168110000, "netIncomeApplicableToCommonShares": -1168110000}, {"maxAge": 1, "endDate": "2019-09-30", "totalRevenue": 5914080000, "costOfRevenue": 3179550000, "grossProfit": 2734530000, "researchDevelopment": {}, "sellingGeneralAdministrative": 27790000, "nonRecurring": {}, "otherOperatingExpenses": 160600000, "totalOperatingExpenses": 4104160000, "operatingIncome": 1809920000, "totalOtherIncomeExpenseNet": -2527310000, "ebit": 1809920000, "interestExpense": -3333250000, "incomeBeforeTax": -717390000, "incomeTaxExpense": -37540000, "minorityInterest": -41800000, "netIncomeFromContinuingOps": -679850000, "discontinuedOperations": {}, "extraordinaryItems": {}, "effectOfAccountingCharges": {}, "otherItems": {}, "netIncome": -669160000, "netIncomeApplicableToCommonShares": -669160000}], "maxAge": 86400}, "cashflowStatementHistoryQuarterly": {"cashflowStatements": [{"maxAge": 1, "endDate": "2020-06-30", "netIncome": -968250000, "changeToLiabilities": 0}, {"maxAge": 1, "endDate": "2020-03-31", "netIncome": 12874840000, "changeToLiabilities": 0}, {"maxAge": 1, "endDate": "2019-12-31", "netIncome": -1168110000, "changeToLiabilities": 0}, {"maxAge": 1, "endDate": "2019-09-30", "netIncome": -669160000, "changeToLiabilities": 0}], "maxAge": 86400}, "insiderHolders": {"holders": [{"maxAge": 1, "name": "Bhatt (Darshan H)", "relation": "UNREPORTED", "url": "", "transactionDescription": "Sale", "latestTransDate": "2017-03-31", "positionDirect": 2885, "positionDirectDate": "2017-03-31"}, {"maxAge": 1, "name": "Mehta (Amit M)", "relation": "UNREPORTED", "url": "", "transactionDescription": "Sale", "latestTransDate": "2017-04-04", "positionDirect": 2295, "positionDirectDate": "2017-04-04"}, {"maxAge": 1, "name": "Patel (Ashvin Kantilal)", "relation": "UNREPORTED", "url": "", "transactionDescription": "Sale", "latestTransDate": "2017-03-30", "positionDirect": 0, "positionDirectDate": "2017-03-30"}, {"maxAge": 1, "name": "Patel (Rajeshreeben Vishnubhai)", "relation": "Promoter", "url": "", "transactionDescription": "Sale", "latestTransDate": "2017-11-21", "positionDirect": 0, "positionDirectDate": "2017-11-21"}, {"maxAge": 1, "name": "Patel (Shantaben V)", "relation": "UNREPORTED", "url": "", "transactionDescription": "Purchase", "latestTransDate": "2019-02-22", "positionDirect": 1213374, "positionDirectDate": "2019-02-22"}, {"maxAge": 1, "name": "Patel (Shashin Vishnubhai)", "relation": "Non-Independent Non-Executive Director", "url": "", "transactionDescription": "Sale", "latestTransDate": "2019-01-03", "positionDirect": 814110, "positionDirectDate": "2019-01-03"}, {"maxAge": 1, "name": "Patel (Vasistha Chandulal)", "relation": "Managing Director", "url": "", "transactionDescription": "Sale", "latestTransDate": "2017-11-21", "positionDirect": 440000, "positionDirectDate": "2017-11-21"}, {"maxAge": 1, "name": "Patel (Vipul Hareshchandra)", "relation": "UNREPORTED", "url": "", "transactionDescription": "Sale", "latestTransDate": "2020-10-01", "positionDirect": 0, "positionDirectDate": "2020-10-01"}, {"maxAge": 1, "name": "Patel (Vishnubhai Somabhai)", "relation": "UNREPORTED", "url": "", "transactionDescription": "Sale", "latestTransDate": "2017-03-31", "positionDirect": 0, "positionDirectDate": "2017-03-31"}, {"maxAge": 1, "name": "Sadhbhav Engineering Ltd", "relation": "Promoter", "url": "", "transactionDescription": "Acquisition", "latestTransDate": "2020-03-31", "positionDirect": 245516990, "positionDirectDate": "2020-03-31"}], "maxAge": 1}, "earnings": {"maxAge": 86400, "earningsChart": {"quarterly": [{"date": "3Q2017", "actual": -2.58, "estimate": -0.77}, {"date": "4Q2017", "actual": -1.13, "estimate": -1.9}, {"date": "1Q2018", "actual": -2.34, "estimate": -0.42}, {"date": "2Q2018", "actual": -1.86, "estimate": -1.61}], "currentQuarterEstimateDate": "3Q", "currentQuarterEstimateYear": 2018, "earningsDate": ["2020-08-31 05:30:S"]}, "financialsChart": {"yearly": [{"date": 2017, "revenue": 13626430000, "earnings": -3531440000}, {"date": 2018, "revenue": 22623820000, "earnings": -3290370000}, {"date": 2019, "revenue": 35479320000, "earnings": -2452730000}, {"date": 2020, "revenue": 22704030000, "earnings": 10336530000}], "quarterly": [{"date": "3Q2019", "revenue": 5914080000, "earnings": -669160000}, {"date": "4Q2019", "revenue": 5057850000, "earnings": -1168110000}, {"date": "1Q2020", "revenue": 3772380000, "earnings": 12874840000}, {"date": "2Q2020", "revenue": 2552410000, "earnings": -968250000}]}, "financialCurrency": "INR"}, "calendarEvents": {"maxAge": 1, "earnings": {"earningsDate": ["2020-08-31 05:30:S"], "revenueAverage": 8488970000, "revenueLow": 6736000000, "revenueHigh": 6736000000}}, "upgradeDowngradeHistory": {"history": [], "maxAge": 86400}, "price": {"maxAge": 1, "regularMarketChangePercent": -0.01767669, "regularMarketChange": -0.34999847, "regularMarketTime": "2021-04-30 15:27:39", "priceHint": 2, "regularMarketPrice": 19.45, "regularMarketDayHigh": 20.15, "regularMarketDayLow": 19.35, "regularMarketVolume": 16214, "averageDailyVolume10Day": 32526, "averageDailyVolume3Month": 74832, "regularMarketPreviousClose": 19.8, "regularMarketSource": "FREE_REALTIME", "regularMarketOpen": 19.45, "exchange": "BSE", "exchangeName": "BSE", "exchangeDataDelayedBy": 0, "marketState": "CLOSED", "quoteType": "EQUITY", "symbol": "SADBHIN.BO", "underlyingSymbol": null, "shortName": "Sadbhav Infrastructure Project", "longName": "Sadbhav Infrastructure Project Limited", "currency": "INR", "quoteSourceName": "Delayed Quote", "currencySymbol": "\u20b9", "fromCurrency": null, "lastMarket": null, "marketCap": 6850776576}, "balanceSheetHistory": {"balanceSheetStatements": [{"maxAge": 1, "endDate": "2020-03-31", "cash": 719910000, "shortTermInvestments": 97600000, "netReceivables": 9210800000, "otherCurrentAssets": 6436630000, "totalCurrentAssets": 16494460000, "longTermInvestments": 7271730000, "propertyPlantEquipment": 67410000, "goodWill": 265300000, "intangibleAssets": 40922130000, "otherAssets": 27971160000, "deferredLongTermAssetCharges": 21820000, "totalAssets": 92992190000, "accountsPayable": 6058710000, "shortLongTermDebt": 1835080000, "otherCurrentLiab": 6954170000, "longTermDebt": 52872060000, "otherLiab": 13659720000, "totalCurrentLiabilities": 21800440000, "totalLiab": 88332220000, "commonStock": 3522250000, "retainedEarnings": -8930740000, "treasuryStock": 1029190000, "capitalSurplus": 9039270000, "otherStockholderEquity": 1029190000, "totalStockholderEquity": 4659970000, "netTangibleAssets": -36527460000}, {"maxAge": 1, "endDate": "2019-03-31", "cash": 725210000, "shortTermInvestments": 17560000, "netReceivables": 9429600000, "otherCurrentAssets": 2172460000, "totalCurrentAssets": 13376180000, "longTermInvestments": 123780000, "propertyPlantEquipment": 173780000, "goodWill": 2043740000, "intangibleAssets": 91024720000, "otherAssets": 23035620000, "deferredLongTermAssetCharges": 80000, "totalAssets": 129777820000, "accountsPayable": 7158210000, "shortLongTermDebt": 3930430000, "otherCurrentLiab": 6783920000, "longTermDebt": 88156100000, "otherLiab": 20892460000, "minorityInterest": -18550000, "totalCurrentLiabilities": 26233750000, "totalLiab": 135282310000, "commonStock": 3522250000, "retainedEarnings": -19530960000, "treasuryStock": 1483500000, "capitalSurplus": 9039270000, "otherStockholderEquity": 1483500000, "totalStockholderEquity": -5485940000, "netTangibleAssets": -98554400000}, {"maxAge": 1, "endDate": "2018-03-31", "cash": 558380000, "netReceivables": 13005550000, "otherCurrentAssets": 3512850000, "totalCurrentAssets": 17545500000, "longTermInvestments": 28450000, "propertyPlantEquipment": 184400000, "goodWill": 2043740000, "intangibleAssets": 93560130000, "otherAssets": 2296730000, "deferredLongTermAssetCharges": 120000, "totalAssets": 115658950000, "accountsPayable": 3434350000, "shortLongTermDebt": 3120150000, "otherCurrentLiab": 7867960000, "longTermDebt": 78379680000, "otherLiab": 17980640000, "minorityInterest": 106140000, "totalCurrentLiabilities": 21850220000, "totalLiab": 118210540000, "commonStock": 3522250000, "retainedEarnings": -16623010000, "treasuryStock": 1403760000, "capitalSurplus": 9039270000, "otherStockholderEquity": 1403760000, "totalStockholderEquity": -2657730000, "netTangibleAssets": -98261600000}, {"maxAge": 1, "endDate": "2017-03-31", "cash": 503890000, "netReceivables": 2947270000, "otherCurrentAssets": 67070000, "totalCurrentAssets": 4116590000, "longTermInvestments": 20000, "propertyPlantEquipment": 202200000, "goodWill": 2043740000, "intangibleAssets": 94971450000, "otherAssets": 3087560000, "deferredLongTermAssetCharges": 72110000, "totalAssets": 104421560000, "accountsPayable": 1025400000, "shortLongTermDebt": 2263640000, "otherCurrentLiab": 2079670000, "longTermDebt": 76359810000, "otherLiab": 16403910000, "deferredLongTermLiab": 14410000, "minorityInterest": 262290000, "totalCurrentLiabilities": 10679080000, "totalLiab": 103442800000, "commonStock": 3522250000, "retainedEarnings": -12786620000, "treasuryStock": 941570000, "capitalSurplus": 9039270000, "otherStockholderEquity": 941570000, "totalStockholderEquity": 716470000, "netTangibleAssets": -96298720000}], "maxAge": 86400}, "earningsTrend": {"trend": [{"maxAge": 1, "period": "0q", "endDate": "2018-09-30", "growth": {}, "earningsEstimate": {"avg": 0.0, "low": 0.0, "high": 0.0, "yearAgoEps": -2.58, "numberOfAnalysts": 0, "growth": {}}, "revenueEstimate": {"avg": 8488970000, "low": 6736000000, "high": 6736000000, "numberOfAnalysts": 1, "yearAgoRevenue": 3890360000, "growth": 1.1819999}, "epsTrend": {"current": 0.0, "7daysAgo": -2.18, "30daysAgo": -2.18, "60daysAgo": -2.18, "90daysAgo": -2.18}, "epsRevisions": {"upLast7days": 0, "upLast30days": 0, "downLast30days": 0, "downLast90days": {}}}, {"maxAge": 1, "period": "+1q", "endDate": "2018-12-31", "growth": {}, "earningsEstimate": {"avg": 0.0, "low": 0.0, "high": 0.0, "yearAgoEps": -1.13, "numberOfAnalysts": 0, "growth": {}}, "revenueEstimate": {"avg": 7097000000, "low": 7097000000, "high": 7097000000, "numberOfAnalysts": 1, "yearAgoRevenue": 6243720000, "growth": 0.137}, "epsTrend": {"current": 0.0, "7daysAgo": -1.04, "30daysAgo": -1.04, "60daysAgo": -1.04, "90daysAgo": -1.04}, "epsRevisions": {"upLast7days": 0, "upLast30days": 0, "downLast30days": 0, "downLast90days": {}}}, {"maxAge": 1, "period": "0y", "endDate": "2019-03-31", "growth": {}, "earningsEstimate": {"avg": 0.0, "low": 0.0, "high": 0.0, "yearAgoEps": {}, "numberOfAnalysts": 0, "growth": {}}, "revenueEstimate": {"avg": 33199500000, "low": 33102000000, "high": 33297000000, "numberOfAnalysts": 2, "yearAgoRevenue": 22760600000, "growth": 0.45900002}, "epsTrend": {"current": 0.0, "7daysAgo": -3.45, "30daysAgo": -3.45, "60daysAgo": -3.45, "90daysAgo": -3.45}, "epsRevisions": {"upLast7days": 0, "upLast30days": 0, "downLast30days": 0, "downLast90days": {}}}, {"maxAge": 1, "period": "+1y", "endDate": "2020-03-31", "growth": {}, "earningsEstimate": {"avg": 0.0, "low": 0.0, "high": 0.0, "yearAgoEps": {}, "numberOfAnalysts": 0, "growth": {}}, "revenueEstimate": {"avg": 37820500000, "low": 34536000000, "high": 41105000000, "numberOfAnalysts": 2, "yearAgoRevenue": 33199500000, "growth": 0.139}, "epsTrend": {"current": 0.0, "7daysAgo": -3.45, "30daysAgo": -3.45, "60daysAgo": -3.45, "90daysAgo": -3.45}, "epsRevisions": {"upLast7days": 0, "upLast30days": 0, "downLast30days": 0, "downLast90days": {}}}, {"maxAge": 1, "period": "+5y", "endDate": null, "growth": {}, "earningsEstimate": {"avg": {}, "low": {}, "high": {}, "yearAgoEps": {}, "numberOfAnalysts": {}, "growth": {}}, "revenueEstimate": {"avg": {}, "low": {}, "high": {}, "numberOfAnalysts": {}, "yearAgoRevenue": {}, "growth": {}}, "epsTrend": {"current": {}, "7daysAgo": {}, "30daysAgo": {}, "60daysAgo": {}, "90daysAgo": {}}, "epsRevisions": {"upLast7days": {}, "upLast30days": {}, "downLast30days": {}, "downLast90days": {}}}, {"maxAge": 1, "period": "-5y", "endDate": null, "growth": {}, "earningsEstimate": {"avg": {}, "low": {}, "high": {}, "yearAgoEps": {}, "numberOfAnalysts": {}, "growth": {}}, "revenueEstimate": {"avg": {}, "low": {}, "high": {}, "numberOfAnalysts": {}, "yearAgoRevenue": {}, "growth": {}}, "epsTrend": {"current": {}, "7daysAgo": {}, "30daysAgo": {}, "60daysAgo": {}, "90daysAgo": {}}, "epsRevisions": {"upLast7days": {}, "upLast30days": {}, "downLast30days": {}, "downLast90days": {}}}], "maxAge": 1}, "financialData": {"maxAge": 86400, "currentPrice": 19.45, "targetHighPrice": 169.0, "targetLowPrice": 134.0, "targetMeanPrice": 157.33, "targetMedianPrice": 169.0, "recommendationKey": "none", "numberOfAnalystOpinions": 3, "grossProfits": 9434930000, "financialCurrency": "INR"}}}