{"SAENTER.BO": {"cashflowStatementHistory": {"cashflowStatements": [{"maxAge": 1, "endDate": "2020-03-31", "netIncome": 5424000, "depreciation": 921446, "changeToNetincome": -536477, "changeToAccountReceivables": -903071, "changeToLiabilities": -51312, "changeToInventory": 493773, "changeToOperatingActivities": 3025730, "totalCashFromOperatingActivities": 8374089, "capitalExpenditures": -587940, "investments": -676730, "otherCashflowsFromInvestingActivities": 572010, "totalCashflowsFromInvestingActivities": -692660, "otherCashflowsFromFinancingActivities": -41169, "totalCashFromFinancingActivities": -41169, "changeInCash": 7640262}, {"maxAge": 1, "endDate": "2019-03-31", "netIncome": -3135853, "depreciation": 732382, "changeToNetincome": -1259771, "changeToAccountReceivables": 3655037, "changeToLiabilities": 0, "changeToInventory": 1425616, "changeToOperatingActivities": -1941471, "totalCashFromOperatingActivities": -524060, "capitalExpenditures": -99399, "investments": 2295631, "otherCashflowsFromInvestingActivities": 872073, "totalCashflowsFromInvestingActivities": 3368305, "otherCashflowsFromFinancingActivities": -149812, "totalCashFromFinancingActivities": -149812, "changeInCash": 2694433}, {"maxAge": 1, "endDate": "2018-03-31", "netIncome": -1808467, "depreciation": 594467, "changeToNetincome": -845980, "changeToAccountReceivables": -2110749, "changeToLiabilities": 212555, "changeToInventory": 580326, "changeToOperatingActivities": 2574073, "totalCashFromOperatingActivities": -803775, "capitalExpenditures": -928637, "investments": 2295631, "otherCashflowsFromInvestingActivities": 664972, "totalCashflowsFromInvestingActivities": -263665, "otherCashflowsFromFinancingActivities": -85327, "totalCashFromFinancingActivities": -85327, "changeInCash": -1152767}, {"maxAge": 1, "endDate": "2017-03-31", "netIncome": -3988449, "depreciation": 452591, "changeToNetincome": 16160061, "changeToAccountReceivables": 247389, "changeToLiabilities": 32673, "changeToInventory": -1148038, "changeToOperatingActivities": 5103506, "totalCashFromOperatingActivities": 16859733, "capitalExpenditures": -118109, "investments": -16775648, "otherCashflowsFromInvestingActivities": 677279, "totalCashflowsFromInvestingActivities": -16216478, "otherCashflowsFromFinancingActivities": -55609, "totalCashFromFinancingActivities": -55609, "changeInCash": 587646}], "maxAge": 86400}, "institutionOwnership": {"ownershipList": [], "maxAge": 1}, "balanceSheetHistoryQuarterly": {"balanceSheetStatements": [{"maxAge": 1, "endDate": "2020-06-30", "totalStockholderEquity": 72215193, "netTangibleAssets": 72215193}, {"maxAge": 1, "endDate": "2020-03-31", "cash": 37195685, "netReceivables": 2991058, "inventory": 2048668, "otherCurrentAssets": 219441, "totalCurrentAssets": 42454852, "longTermInvestments": 30873693, "propertyPlantEquipment": 1172290, "otherAssets": 252102, "deferredLongTermAssetCharges": 169053, "totalAssets": 74752937, "accountsPayable": 157488, "otherCurrentLiab": 1380539, "otherLiab": 99644, "totalCurrentLiabilities": 2438100, "totalLiab": 2537744, "commonStock": 39990500, "treasuryStock": 32224693, "otherStockholderEquity": 32224693, "totalStockholderEquity": 72215193, "netTangibleAssets": 72215193}, {"maxAge": 1, "endDate": "2019-12-31", "totalStockholderEquity": 57564716, "netTangibleAssets": 57564716}, {"maxAge": 1, "endDate": "2019-09-30", "cash": 6537500, "netReceivables": 2139511, "inventory": 2043645, "otherCurrentAssets": 439887, "totalCurrentAssets": 11160543, "longTermInvestments": 47538400, "propertyPlantEquipment": 1205829, "otherAssets": 237264, "totalAssets": 60142036, "otherCurrentLiab": 800458, "otherLiab": 92492, "deferredLongTermLiab": 1750, "totalCurrentLiabilities": 2484828, "totalLiab": 2577320, "commonStock": 39990500, "treasuryStock": 17574216, "otherStockholderEquity": 17574216, "totalStockholderEquity": 57564716, "netTangibleAssets": 57564716}], "maxAge": 86400}, "indexTrend": {"maxAge": 1, "symbol": "SP5", "peRatio": 19.7411, "pegRatio": 1.34172, "estimates": [{"period": "0q", "growth": 0.549}, {"period": "+1q", "growth": 0.431}, {"period": "0y", "growth": 0.305}, {"period": "+1y", "growth": 0.109}, {"period": "+5y", "growth": 0.120859005}, {"period": "-5y"}]}, "insiderTransactions": {"transactions": [{"maxAge": 1, "shares": 8610, "filerUrl": "", "transactionText": "", "filerName": "Mehrotra (Divya)", "filerRelation": "Promoter", "moneyText": "", "startDate": "2017-03-29", "ownership": "D"}, {"maxAge": 1, "shares": 8610, "filerUrl": "", "transactionText": "", "filerName": "Mehrotra (M P)", "filerRelation": "Promoter", "moneyText": "", "startDate": "2017-03-29", "ownership": "D"}, {"maxAge": 1, "shares": 2100, "filerUrl": "", "transactionText": "", "filerName": "Mehrotra (M P)", "filerRelation": "Promoter", "moneyText": "", "startDate": "2016-09-01", "ownership": "D"}, {"maxAge": 1, "shares": 1711289, "filerUrl": "", "transactionText": "", "filerName": "VLS Capital, Ltd.", "filerRelation": "Promoter", "moneyText": "", "startDate": "2015-02-03", "ownership": "D"}, {"maxAge": 1, "shares": 1711289, "filerUrl": "", "transactionText": "", "filerName": "VLS Finance Ltd", "filerRelation": "Promoter", "moneyText": "", "startDate": "2015-02-03", "ownership": "D"}], "maxAge": 1}, "quoteType": {"exchange": "BSE", "quoteType": "EQUITY", "symbol": "SAENTER.BO", "underlyingSymbol": "SAENTER.BO", "shortName": "SOUTH ASIAN ENTERPRISES LTD.", "longName": "South Asian Enterprises Limited", "firstTradeDateEpochUtc": "2002-02-14 09:15:00", "timeZoneFullName": "Asia/Kolkata", "timeZoneShortName": "IST", "uuid": "7f5d5d02-8edb-3d0e-9817-513cc9d77c43", "gmtOffSetMilliseconds": 19800000, "maxAge": 1}, "incomeStatementHistory": {"incomeStatementHistory": [{"maxAge": 1, "endDate": "2020-03-31", "totalRevenue": 10601000, "costOfRevenue": 3333000, "grossProfit": 7268000, "researchDevelopment": {}, "sellingGeneralAdministrative": 3450000, "nonRecurring": {}, "otherOperatingExpenses": 6679000, "totalOperatingExpenses": 14383000, "operatingIncome": -3782000, "totalOtherIncomeExpenseNet": 9122000, "ebit": -3782000, "interestExpense": -89000, "incomeBeforeTax": 5340000, "incomeTaxExpense": -84000, "minorityInterest": {}, "netIncomeFromContinuingOps": 5424000, "discontinuedOperations": {}, "extraordinaryItems": {}, "effectOfAccountingCharges": {}, "otherItems": {}, "netIncome": 5424000, "netIncomeApplicableToCommonShares": 5424000}, {"maxAge": 1, "endDate": "2019-03-31", "totalRevenue": 15743980, "costOfRevenue": 5118841, "grossProfit": 10625139, "researchDevelopment": {}, "sellingGeneralAdministrative": 7298107, "nonRecurring": {}, "otherOperatingExpenses": 6704374, "totalOperatingExpenses": 19853704, "operatingIncome": -4109724, "totalOtherIncomeExpenseNet": 844424, "ebit": -4109724, "interestExpense": -149812, "incomeBeforeTax": -3265300, "incomeTaxExpense": -129447, "minorityInterest": {}, "netIncomeFromContinuingOps": -3135853, "discontinuedOperations": {}, "extraordinaryItems": {}, "effectOfAccountingCharges": {}, "otherItems": {}, "netIncome": -3135853, "netIncomeApplicableToCommonShares": -3135853}, {"maxAge": 1, "endDate": "2018-03-31", "totalRevenue": 18550381, "costOfRevenue": 6708608, "grossProfit": 11841773, "researchDevelopment": {}, "sellingGeneralAdministrative": 6207682, "nonRecurring": {}, "otherOperatingExpenses": 7519879, "totalOperatingExpenses": 21030636, "operatingIncome": -2480255, "totalOtherIncomeExpenseNet": 561624, "ebit": -2480255, "interestExpense": -140154, "incomeBeforeTax": -1918631, "incomeTaxExpense": -110164, "minorityInterest": {}, "netIncomeFromContinuingOps": -1808467, "discontinuedOperations": {}, "extraordinaryItems": {}, "effectOfAccountingCharges": {}, "otherItems": {}, "netIncome": -1808467, "netIncomeApplicableToCommonShares": -1808467}, {"maxAge": 1, "endDate": "2017-03-31", "totalRevenue": 17917728, "costOfRevenue": 5949871, "grossProfit": 11967857, "researchDevelopment": {}, "sellingGeneralAdministrative": 6569513, "nonRecurring": {}, "otherOperatingExpenses": 8164004, "totalOperatingExpenses": 21135979, "operatingIncome": -3218251, "totalOtherIncomeExpenseNet": 725300, "ebit": -3218251, "interestExpense": -112274, "incomeBeforeTax": -2492951, "incomeTaxExpense": 1495498, "minorityInterest": {}, "netIncomeFromContinuingOps": -3988449, "discontinuedOperations": {}, "extraordinaryItems": {}, "effectOfAccountingCharges": {}, "otherItems": {}, "netIncome": -3988449, "netIncomeApplicableToCommonShares": -3988449}], "maxAge": 86400}, "fundOwnership": {"ownershipList": [], "maxAge": 1}, "summaryDetail": {"maxAge": 1, "priceHint": 2, "previousClose": 12.74, "open": 12.49, "dayLow": 12.49, "dayHigh": 12.49, "regularMarketPreviousClose": 12.74, "regularMarketOpen": 12.49, "regularMarketDayLow": 12.49, "regularMarketDayHigh": 12.49, "trailingPE": 12.329714, "volume": 597, "regularMarketVolume": 597, "averageVolume": 233, "averageVolume10days": 51, "averageDailyVolume10Day": 51, "bid": 12.49, "ask": 0.0, "bidSize": 0, "askSize": 0, "marketCap": 49960000, "fiftyTwoWeekLow": 2.49, "fiftyTwoWeekHigh": 12.49, "fiftyDayAverage": 7.0363636, "twoHundredDayAverage": 5.628759, "currency": "INR", "fromCurrency": null, "lastMarket": null, "algorithm": null, "tradeable": false}, "incomeStatementHistoryQuarterly": {"incomeStatementHistory": [{"maxAge": 1, "endDate": "2020-06-30", "totalRevenue": 935000, "costOfRevenue": 401000, "grossProfit": 534000, "researchDevelopment": {}, "sellingGeneralAdministrative": 815000, "nonRecurring": {}, "otherOperatingExpenses": 1033000, "totalOperatingExpenses": 2385000, "operatingIncome": -1450000, "totalOtherIncomeExpenseNet": 623000, "ebit": -1450000, "interestExpense": {}, "incomeBeforeTax": -827000, "incomeTaxExpense": -20000, "minorityInterest": {}, "netIncomeFromContinuingOps": -807000, "discontinuedOperations": {}, "extraordinaryItems": {}, "effectOfAccountingCharges": {}, "otherItems": {}, "netIncome": -807000, "netIncomeApplicableToCommonShares": -807000}, {"maxAge": 1, "endDate": "2020-03-31", "totalRevenue": 3101000, "costOfRevenue": 1280000, "grossProfit": 1821000, "researchDevelopment": {}, "sellingGeneralAdministrative": 1063000, "nonRecurring": {}, "otherOperatingExpenses": 1933000, "totalOperatingExpenses": 4735000, "operatingIncome": -1634000, "totalOtherIncomeExpenseNet": 8586000, "ebit": -1634000, "interestExpense": -57000, "incomeBeforeTax": 6952000, "incomeTaxExpense": -29000, "minorityInterest": {}, "netIncomeFromContinuingOps": 6981000, "discontinuedOperations": {}, "extraordinaryItems": {}, "effectOfAccountingCharges": {}, "otherItems": {}, "netIncome": 6981000, "netIncomeApplicableToCommonShares": 6981000}, {"maxAge": 1, "endDate": "2019-12-31", "totalRevenue": 1560000, "costOfRevenue": 260000, "grossProfit": 1300000, "researchDevelopment": {}, "sellingGeneralAdministrative": 770000, "nonRecurring": {}, "otherOperatingExpenses": 1320000, "totalOperatingExpenses": 2500000, "operatingIncome": -940000, "totalOtherIncomeExpenseNet": 200000, "ebit": -940000, "interestExpense": -20000, "incomeBeforeTax": -740000, "incomeTaxExpense": -20000, "minorityInterest": {}, "netIncomeFromContinuingOps": -720000, "discontinuedOperations": {}, "extraordinaryItems": {}, "effectOfAccountingCharges": {}, "otherItems": {}, "netIncome": -720000, "netIncomeApplicableToCommonShares": -720000}, {"maxAge": 1, "endDate": "2019-09-30", "totalRevenue": 2171000, "costOfRevenue": 901000, "grossProfit": 1270000, "researchDevelopment": {}, "sellingGeneralAdministrative": 810000, "nonRecurring": {}, "otherOperatingExpenses": 1886000, "totalOperatingExpenses": 3752000, "operatingIncome": -1581000, "totalOtherIncomeExpenseNet": 180000, "ebit": -1581000, "interestExpense": -6000, "incomeBeforeTax": -1401000, "incomeTaxExpense": -17000, "minorityInterest": {}, "netIncomeFromContinuingOps": -1384000, "discontinuedOperations": {}, "extraordinaryItems": {}, "effectOfAccountingCharges": {}, "otherItems": {}, "netIncome": -1384000, "netIncomeApplicableToCommonShares": -1384000}], "maxAge": 86400}, "cashflowStatementHistoryQuarterly": {"cashflowStatements": [{"maxAge": 1, "endDate": "2020-06-30", "netIncome": -807000, "changeToLiabilities": 0}, {"maxAge": 1, "endDate": "2020-03-31", "netIncome": 6981000, "changeToLiabilities": 0}, {"maxAge": 1, "endDate": "2019-12-31", "netIncome": -720000, "changeToLiabilities": 0}, {"maxAge": 1, "endDate": "2019-09-30", "netIncome": -1384000, "changeToLiabilities": 0}], "maxAge": 86400}, "insiderHolders": {"holders": [{"maxAge": 1, "name": "Mehrotra (Divya)", "relation": "Promoter", "url": "", "transactionDescription": "Purchase", "latestTransDate": "2017-03-29", "positionDirect": 58710, "positionDirectDate": "2017-03-29"}, {"maxAge": 1, "name": "Mehrotra (M P)", "relation": "Promoter", "url": "", "transactionDescription": "Sale", "latestTransDate": "2017-03-29", "positionDirect": 0, "positionDirectDate": "2017-03-29"}, {"maxAge": 1, "name": "VLS Capital, Ltd.", "relation": "Promoter", "url": "", "transactionDescription": "Purchase", "latestTransDate": "2015-02-03", "positionDirect": 2384289, "positionDirectDate": "2015-02-03"}, {"maxAge": 1, "name": "VLS Finance Ltd", "relation": "Promoter", "url": "", "transactionDescription": "Sale", "latestTransDate": "2015-02-03", "positionDirect": 0, "positionDirectDate": "2015-02-03"}], "maxAge": 1}, "calendarEvents": {"maxAge": 1, "earnings": {"earningsDate": ["2020-07-15 05:30:S"]}}, "upgradeDowngradeHistory": {"history": [], "maxAge": 86400}, "price": {"maxAge": 1, "regularMarketChangePercent": -0.019623235, "regularMarketChange": -0.25, "regularMarketTime": "2021-04-30 15:15:00", "priceHint": 2, "regularMarketPrice": 12.49, "regularMarketDayHigh": 12.49, "regularMarketDayLow": 12.49, "regularMarketVolume": 597, "averageDailyVolume10Day": 51, "averageDailyVolume3Month": 233, "regularMarketPreviousClose": 12.74, "regularMarketSource": "FREE_REALTIME", "regularMarketOpen": 12.49, "exchange": "BSE", "exchangeName": "BSE", "exchangeDataDelayedBy": 0, "marketState": "CLOSED", "quoteType": "EQUITY", "symbol": "SAENTER.BO", "underlyingSymbol": null, "shortName": "SOUTH ASIAN ENTERPRISES LTD.", "longName": "South Asian Enterprises Limited", "currency": "INR", "quoteSourceName": "Delayed Quote", "currencySymbol": "\u20b9", "fromCurrency": null, "lastMarket": null, "marketCap": 49960000}, "balanceSheetHistory": {"balanceSheetStatements": [{"maxAge": 1, "endDate": "2020-03-31", "cash": 37195685, "netReceivables": 2991058, "inventory": 2048668, "otherCurrentAssets": 219441, "totalCurrentAssets": 42454852, "longTermInvestments": 30873693, "propertyPlantEquipment": 1172290, "otherAssets": 252102, "deferredLongTermAssetCharges": 169053, "totalAssets": 74752937, "accountsPayable": 157488, "otherCurrentLiab": 1380539, "otherLiab": 99644, "totalCurrentLiabilities": 2438100, "totalLiab": 2537744, "commonStock": 39990500, "treasuryStock": 32224693, "otherStockholderEquity": 32224693, "totalStockholderEquity": 72215193, "netTangibleAssets": 72215193}, {"maxAge": 1, "endDate": "2019-03-31", "cash": 810108, "netReceivables": 2505906, "inventory": 2542441, "otherCurrentAssets": 6119478, "totalCurrentAssets": 12248430, "longTermInvestments": 47943502, "propertyPlantEquipment": 1505795, "otherAssets": 191827, "deferredLongTermAssetCharges": 99341, "totalAssets": 61889554, "accountsPayable": 208800, "otherCurrentLiab": 609636, "otherLiab": 107008, "deferredLongTermLiab": 9436, "totalCurrentLiabilities": 2060973, "totalLiab": 2167981, "commonStock": 39990500, "retainedEarnings": -6422110, "treasuryStock": -33818317, "capitalSurplus": 59971500, "otherStockholderEquity": -33818317, "totalStockholderEquity": 59721573, "netTangibleAssets": 59721573}, {"maxAge": 1, "endDate": "2018-03-31", "cash": 479818, "netReceivables": 6473094, "inventory": 3968057, "otherCurrentAssets": 7536308, "totalCurrentAssets": 18733978, "longTermInvestments": 53820880, "propertyPlantEquipment": 2138778, "otherAssets": 323604, "deferredLongTermAssetCharges": -66307, "totalAssets": 75017240, "accountsPayable": 565336, "otherCurrentLiab": 648603, "otherLiab": 88439, "deferredLongTermLiab": 6861, "totalCurrentLiabilities": 4323634, "totalLiab": 4412073, "commonStock": 39990500, "retainedEarnings": -3169000, "treasuryStock": -26187833, "capitalSurplus": 59971500, "otherStockholderEquity": -26187833, "totalStockholderEquity": 70605167, "netTangibleAssets": 70605167}, {"maxAge": 1, "endDate": "2017-03-31", "cash": 552403, "netReceivables": 3785381, "inventory": 4548383, "otherCurrentAssets": 9281105, "totalCurrentAssets": 18509920, "longTermInvestments": 46299680, "propertyPlantEquipment": 1804608, "otherAssets": 434593, "totalAssets": 67048801, "accountsPayable": 352781, "otherCurrentLiab": 354655, "otherLiab": 523200, "deferredLongTermLiab": 7555, "totalCurrentLiabilities": 2938359, "totalLiab": 3461559, "commonStock": 39990500, "retainedEarnings": -1390792, "treasuryStock": -34983966, "capitalSurplus": 59971500, "otherStockholderEquity": -34983966, "totalStockholderEquity": 63587242, "netTangibleAssets": 63587242}], "maxAge": 86400}, "financialData": {"maxAge": 86400, "currentPrice": 12.49, "recommendationKey": "none", "grossProfits": 7268000, "financialCurrency": "INR"}}}