{"SAFFRON.BO": {"cashflowStatementHistory": {"cashflowStatements": [{"maxAge": 1, "endDate": "2020-03-31", "netIncome": -3643917, "depreciation": 11942703, "changeToNetincome": -263949, "changeToAccountReceivables": 1099167, "changeToLiabilities": -8055595, "changeToInventory": -1402400, "changeToOperatingActivities": -1916142, "totalCashFromOperatingActivities": -2240133, "otherCashflowsFromInvestingActivities": 263949, "totalCashflowsFromInvestingActivities": 263949, "netBorrowings": -1200, "totalCashFromFinancingActivities": -1200, "changeInCash": -1977384}, {"maxAge": 1, "endDate": "2019-03-31", "netIncome": 11463901, "depreciation": 12108197, "changeToNetincome": -480269, "changeToAccountReceivables": 1085203, "changeToLiabilities": -42484620, "changeToInventory": 366811, "changeToOperatingActivities": 12062924, "totalCashFromOperatingActivities": -3768896, "otherCashflowsFromInvestingActivities": 3788178, "totalCashflowsFromInvestingActivities": 3788178, "netBorrowings": -1200, "otherCashflowsFromFinancingActivities": -247662, "totalCashFromFinancingActivities": -247662, "changeInCash": -228380}, {"maxAge": 1, "endDate": "2018-03-31", "netIncome": -17629920, "depreciation": 12108197, "changeToNetincome": -480269, "changeToAccountReceivables": 1085203, "changeToLiabilities": 0, "changeToInventory": 366811, "changeToOperatingActivities": 12062924, "totalCashFromOperatingActivities": -3768896, "otherCashflowsFromInvestingActivities": 3788178, "totalCashflowsFromInvestingActivities": 3788178, "netBorrowings": -1200, "otherCashflowsFromFinancingActivities": -247662, "totalCashFromFinancingActivities": -247662, "changeInCash": -228380}, {"maxAge": 1, "endDate": "2017-03-31", "netIncome": 3966329, "depreciation": 14107908, "changeToNetincome": -436438, "changeToAccountReceivables": -20860367, "changeToLiabilities": -14766384, "changeToInventory": 9227050, "changeToOperatingActivities": 1024337, "totalCashFromOperatingActivities": -5628607, "capitalExpenditures": -1122372, "otherCashflowsFromInvestingActivities": 10148855, "totalCashflowsFromInvestingActivities": 9026483, "netBorrowings": -1200, "otherCashflowsFromFinancingActivities": 3305353, "totalCashFromFinancingActivities": 3305353, "changeInCash": 6703229}], "maxAge": 86400}, "institutionOwnership": {"maxAge": 1, "ownershipList": []}, "balanceSheetHistoryQuarterly": {"balanceSheetStatements": [{"maxAge": 1, "endDate": "2020-06-30", "totalStockholderEquity": -54611000, "netTangibleAssets": -54611000}, {"maxAge": 1, "endDate": "2020-03-31", "cash": 379906, "netReceivables": 46082328, "inventory": 1687099, "otherCurrentAssets": 3990931, "totalCurrentAssets": 52140264, "longTermInvestments": 4101480, "propertyPlantEquipment": 118469484, "otherAssets": 93250, "totalAssets": 174804478, "accountsPayable": 16886276, "otherCurrentLiab": 6712513, "longTermDebt": 205815522, "totalCurrentLiabilities": 23598789, "totalLiab": 229414311, "commonStock": 71852000, "retainedEarnings": -129761833, "treasuryStock": 3300000, "otherStockholderEquity": 3300000, "totalStockholderEquity": -54609833, "netTangibleAssets": -54609833}, {"maxAge": 1, "endDate": "2019-12-31"}, {"maxAge": 1, "endDate": "2019-09-30"}], "maxAge": 86400}, "indexTrend": {"maxAge": 1, "symbol": "SP5", "peRatio": 19.7411, "pegRatio": 1.34172, "estimates": [{"period": "0q", "growth": 0.549}, {"period": "+1q", "growth": 0.431}, {"period": "0y", "growth": 0.305}, {"period": "+1y", "growth": 0.109}, {"period": "+5y", "growth": 0.120859005}, {"period": "-5y"}]}, "insiderTransactions": {"transactions": [{"maxAge": 1, "shares": 658026, "filerUrl": "", "transactionText": "", "filerName": "Maheshwari (Nimish Vinod)", "filerRelation": "Managing Director", "moneyText": "", "startDate": "2012-11-02", "ownership": "D"}, {"maxAge": 1, "shares": 53500, "filerUrl": "", "transactionText": "", "filerName": "Maheshwari (Nimish Vinod)", "filerRelation": "Managing Director", "moneyText": "", "startDate": "2010-10-11", "ownership": "D"}, {"maxAge": 1, "shares": 715000, "filerUrl": "", "transactionText": "", "filerName": "Maheshwari (Vinod Ramgopal)", "filerRelation": "Chairman of the Board", "moneyText": "", "startDate": "2010-10-11", "ownership": "D"}], "maxAge": 1}, "quoteType": {"exchange": "BSE", "quoteType": "EQUITY", "symbol": "SAFFRON.BO", "underlyingSymbol": "SAFFRON.BO", "shortName": "SAFFRON INDUSTRIES LIMITED", "longName": "Saffron Industries Limited", "firstTradeDateEpochUtc": "2001-12-31 09:15:00", "timeZoneFullName": "Asia/Kolkata", "timeZoneShortName": "IST", "uuid": "d310c960-6cd5-3db3-9260-cf8a0338ee40", "messageBoardId": null, "gmtOffSetMilliseconds": 19800000, "maxAge": 1}, "incomeStatementHistory": {"incomeStatementHistory": [{"maxAge": 1, "endDate": "2020-03-31", "totalRevenue": 90769395, "costOfRevenue": 54307097, "grossProfit": 36462298, "researchDevelopment": {}, "sellingGeneralAdministrative": 3903754, "nonRecurring": {}, "otherOperatingExpenses": 24502356, "totalOperatingExpenses": 94655910, "operatingIncome": -3886515, "totalOtherIncomeExpenseNet": 263949, "ebit": -3886515, "interestExpense": {}, "incomeBeforeTax": -3622566, "incomeTaxExpense": 21351, "minorityInterest": {}, "netIncomeFromContinuingOps": -3643917, "discontinuedOperations": {}, "extraordinaryItems": {}, "effectOfAccountingCharges": {}, "otherItems": {}, "netIncome": -3643917, "netIncomeApplicableToCommonShares": -3643917}, {"maxAge": 1, "endDate": "2019-03-31", "totalRevenue": 166455271, "costOfRevenue": 79023840, "grossProfit": 87431431, "researchDevelopment": {}, "sellingGeneralAdministrative": 8467405, "nonRecurring": {}, "otherOperatingExpenses": 43799245, "totalOperatingExpenses": 143398687, "operatingIncome": 23056584, "totalOtherIncomeExpenseNet": -11592683, "ebit": 23056584, "interestExpense": -368065, "incomeBeforeTax": 11463901, "incomeTaxExpense": 0, "minorityInterest": {}, "netIncomeFromContinuingOps": 11463901, "discontinuedOperations": {}, "extraordinaryItems": {}, "effectOfAccountingCharges": {}, "otherItems": {}, "netIncome": 11463901, "netIncomeApplicableToCommonShares": 11463901}, {"maxAge": 1, "endDate": "2018-03-31", "totalRevenue": 56271500, "costOfRevenue": 34996320, "grossProfit": 21275180, "researchDevelopment": {}, "sellingGeneralAdministrative": 6619014, "nonRecurring": {}, "otherOperatingExpenses": 18771452, "totalOperatingExpenses": 72754768, "operatingIncome": -16483268, "totalOtherIncomeExpenseNet": -1037570, "ebit": -16483268, "interestExpense": -1791399, "incomeBeforeTax": -17520838, "incomeTaxExpense": 109082, "minorityInterest": {}, "netIncomeFromContinuingOps": -17629920, "discontinuedOperations": {}, "extraordinaryItems": {}, "effectOfAccountingCharges": {}, "otherItems": {}, "netIncome": -17629920, "netIncomeApplicableToCommonShares": -17629920}, {"maxAge": 1, "endDate": "2017-03-31", "totalRevenue": 329132774, "costOfRevenue": 219125932, "grossProfit": 110006842, "researchDevelopment": {}, "sellingGeneralAdministrative": 12916214, "nonRecurring": {}, "otherOperatingExpenses": 85045699, "totalOperatingExpenses": 331195753, "operatingIncome": -2062979, "totalOtherIncomeExpenseNet": 6029308, "ebit": -2062979, "interestExpense": -3198, "incomeBeforeTax": 3966329, "incomeTaxExpense": 0, "minorityInterest": {}, "netIncomeFromContinuingOps": 3966329, "discontinuedOperations": {}, "extraordinaryItems": {}, "effectOfAccountingCharges": {}, "otherItems": {}, "netIncome": 3966329, "netIncomeApplicableToCommonShares": 3966329}], "maxAge": 86400}, "fundOwnership": {"maxAge": 1, "ownershipList": []}, "summaryDetail": {"maxAge": 1, "priceHint": 4, "previousClose": 2.24, "open": 2.13, "dayLow": 2.13, "dayHigh": 2.13, "regularMarketPreviousClose": 2.24, "regularMarketOpen": 2.13, "regularMarketDayLow": 2.13, "regularMarketDayHigh": 2.13, "volume": 1, "regularMarketVolume": 1, "averageVolume": 1096, "averageVolume10days": 2755, "averageDailyVolume10Day": 2755, "bid": 2.13, "ask": 0.0, "marketCap": 15304477, "fiftyTwoWeekLow": 1.53, "fiftyTwoWeekHigh": 5.51, "fiftyDayAverage": 4.170857, "twoHundredDayAverage": 2.6847103, "currency": "INR", "fromCurrency": null, "toCurrency": null, "lastMarket": null, "algorithm": null, "tradeable": false}, "incomeStatementHistoryQuarterly": {"incomeStatementHistory": [{"maxAge": 1, "endDate": "2020-06-30", "totalRevenue": 31091000, "costOfRevenue": 25366000, "grossProfit": 5725000, "researchDevelopment": {}, "sellingGeneralAdministrative": 1667000, "nonRecurring": {}, "otherOperatingExpenses": 8295000, "totalOperatingExpenses": 38349000, "operatingIncome": -7258000, "totalOtherIncomeExpenseNet": 0, "ebit": -7258000, "interestExpense": {}, "incomeBeforeTax": -7258000, "incomeTaxExpense": 0, "minorityInterest": {}, "netIncomeFromContinuingOps": -7258000, "discontinuedOperations": {}, "extraordinaryItems": {}, "effectOfAccountingCharges": {}, "otherItems": {}, "netIncome": -7258000, "netIncomeApplicableToCommonShares": -7258000}, {"maxAge": 1, "endDate": "2020-03-31", "totalRevenue": 2440395, "costOfRevenue": 468097, "grossProfit": 1972298, "researchDevelopment": {}, "sellingGeneralAdministrative": 168754, "nonRecurring": {}, "otherOperatingExpenses": -282644, "totalOperatingExpenses": 3339910, "operatingIncome": -899515, "totalOtherIncomeExpenseNet": -716051, "ebit": -899515, "interestExpense": {}, "incomeBeforeTax": -1615566, "incomeTaxExpense": 21351, "minorityInterest": {}, "netIncomeFromContinuingOps": -1636917, "discontinuedOperations": {}, "extraordinaryItems": {}, "effectOfAccountingCharges": {}, "otherItems": {}, "netIncome": -1636917, "netIncomeApplicableToCommonShares": -1636917}, {"maxAge": 1, "endDate": "2019-12-31", "totalRevenue": 2024000, "costOfRevenue": 1394000, "grossProfit": 630000, "researchDevelopment": {}, "sellingGeneralAdministrative": 629000, "nonRecurring": {}, "otherOperatingExpenses": 1120000, "totalOperatingExpenses": 6129000, "operatingIncome": -4105000, "totalOtherIncomeExpenseNet": 118000, "ebit": -4105000, "interestExpense": {}, "incomeBeforeTax": -3987000, "incomeTaxExpense": 0, "minorityInterest": {}, "netIncomeFromContinuingOps": -3987000, "discontinuedOperations": {}, "extraordinaryItems": {}, "effectOfAccountingCharges": {}, "otherItems": {}, "netIncome": -3987000, "netIncomeApplicableToCommonShares": -3987000}, {"maxAge": 1, "endDate": "2019-09-30", "totalRevenue": 33790000, "costOfRevenue": 21470000, "grossProfit": 12320000, "researchDevelopment": {}, "sellingGeneralAdministrative": 1420000, "nonRecurring": {}, "otherOperatingExpenses": 8650000, "totalOperatingExpenses": 34530000, "operatingIncome": -740000, "totalOtherIncomeExpenseNet": 870000, "ebit": -740000, "interestExpense": {}, "incomeBeforeTax": 130000, "incomeTaxExpense": 0, "minorityInterest": {}, "netIncomeFromContinuingOps": 130000, "discontinuedOperations": {}, "extraordinaryItems": {}, "effectOfAccountingCharges": {}, "otherItems": {}, "netIncome": 130000, "netIncomeApplicableToCommonShares": 130000}], "maxAge": 86400}, "cashflowStatementHistoryQuarterly": {"cashflowStatements": [{"maxAge": 1, "endDate": "2020-06-30", "netIncome": -7258000, "changeToLiabilities": 0}, {"maxAge": 1, "endDate": "2020-03-31", "netIncome": -1636917, "changeToLiabilities": 0}, {"maxAge": 1, "endDate": "2019-12-31", "netIncome": -3987000, "changeToLiabilities": 0}, {"maxAge": 1, "endDate": "2019-09-30", "netIncome": 130000, "changeToLiabilities": 0}], "maxAge": 86400}, "insiderHolders": {"holders": [{"maxAge": 1, "name": "Maheshwari (Nimish Vinod)", "relation": "Managing Director", "url": "", "transactionDescription": "Acquisition", "latestTransDate": "2012-11-02", "positionDirect": 1294656, "positionDirectDate": "2012-11-02"}, {"maxAge": 1, "name": "Maheshwari (Vinod Ramgopal)", "relation": "Chairman of the Board", "url": "", "transactionDescription": "Acquisition", "latestTransDate": "2010-10-11", "positionDirect": 1782400, "positionDirectDate": "2010-10-11"}], "maxAge": 1}, "calendarEvents": {"maxAge": 1, "earnings": {"earningsDate": ["2020-02-15 05:30:S", "2020-02-17 05:30:S"]}}, "price": {"maxAge": 1, "regularMarketChangePercent": -0.049107097, "regularMarketChange": -0.109999895, "regularMarketTime": "2021-04-30 09:46:47", "priceHint": 4, "regularMarketPrice": 2.13, "regularMarketDayHigh": 2.13, "regularMarketDayLow": 2.13, "regularMarketVolume": 1, "averageDailyVolume10Day": 2755, "averageDailyVolume3Month": 1096, "regularMarketPreviousClose": 2.24, "regularMarketSource": "FREE_REALTIME", "regularMarketOpen": 2.13, "exchange": "BSE", "exchangeName": "BSE", "exchangeDataDelayedBy": 0, "marketState": "CLOSED", "quoteType": "EQUITY", "symbol": "SAFFRON.BO", "underlyingSymbol": null, "shortName": "SAFFRON INDUSTRIES LIMITED", "longName": "Saffron Industries Limited", "currency": "INR", "quoteSourceName": "Delayed Quote", "currencySymbol": "\u20b9", "fromCurrency": null, "toCurrency": null, "lastMarket": null, "marketCap": 15304477}, "balanceSheetHistory": {"balanceSheetStatements": [{"maxAge": 1, "endDate": "2020-03-31", "cash": 379906, "netReceivables": 46082328, "inventory": 1687099, "otherCurrentAssets": 3990931, "totalCurrentAssets": 52140264, "longTermInvestments": 4101480, "propertyPlantEquipment": 118469484, "otherAssets": 93250, "totalAssets": 174804478, "accountsPayable": 16886276, "otherCurrentLiab": 6712513, "longTermDebt": 205815522, "totalCurrentLiabilities": 23598789, "totalLiab": 229414311, "commonStock": 71852000, "retainedEarnings": -129761833, "treasuryStock": 3300000, "otherStockholderEquity": 3300000, "totalStockholderEquity": -54609833, "netTangibleAssets": -54609833}, {"maxAge": 1, "endDate": "2019-03-31", "cash": 588657, "netReceivables": 47181495, "inventory": 284699, "otherCurrentAssets": 1906786, "totalCurrentAssets": 49961637, "longTermInvestments": 5870114, "propertyPlantEquipment": 130412187, "otherAssets": 93250, "totalAssets": 186337188, "accountsPayable": 24941870, "otherCurrentLiab": 6544512, "longTermDebt": 205816722, "totalCurrentLiabilities": 31486382, "totalLiab": 237303104, "commonStock": 71852000, "retainedEarnings": -126117916, "treasuryStock": 3300000, "otherStockholderEquity": 3300000, "totalStockholderEquity": -50965916, "netTangibleAssets": -50965916}, {"maxAge": 1, "endDate": "2018-03-31", "cash": 1228319, "netReceivables": 48266698, "inventory": 651510, "otherCurrentAssets": 15286032, "totalCurrentAssets": 65432559, "longTermInvestments": 5458832, "propertyPlantEquipment": 143087197, "otherAssets": 4695641, "totalAssets": 218674229, "accountsPayable": 67426491, "otherCurrentLiab": 7860834, "longTermDebt": 205816722, "deferredLongTermLiab": 2108957, "totalCurrentLiabilities": 75287325, "totalLiab": 281104047, "commonStock": 71852000, "retainedEarnings": -137581818, "treasuryStock": 3300000, "otherStockholderEquity": 3300000, "totalStockholderEquity": -62429818, "netTangibleAssets": -62429818}, {"maxAge": 1, "endDate": "2017-03-31", "cash": 8480067, "netReceivables": 61152648, "inventory": 462325, "otherCurrentAssets": 23964395, "totalCurrentAssets": 94059435, "longTermInvestments": 5040156, "propertyPlantEquipment": 181651228, "otherAssets": 6800251, "totalAssets": 287551070, "accountsPayable": 110515928, "otherCurrentLiab": 16018319, "longTermDebt": 205816722, "deferredLongTermLiab": 4217915, "totalCurrentLiabilities": 126534247, "totalLiab": 332350969, "commonStock": 71852000, "retainedEarnings": -119951899, "treasuryStock": 3300000, "otherStockholderEquity": 3300000, "totalStockholderEquity": -44799899, "netTangibleAssets": -44799899}], "maxAge": 86400}, "financialData": {"maxAge": 86400, "currentPrice": 2.13, "recommendationKey": "none", "grossProfits": 36462298, "financialCurrency": "INR"}}}