{"SAGARSOFT.BO": {"cashflowStatementHistory": {"cashflowStatements": [{"maxAge": 1, "endDate": "2020-03-31", "netIncome": 23353539, "depreciation": 18071282, "changeToNetincome": 1830648, "changeToAccountReceivables": 17587040, "changeToLiabilities": -1685156, "changeToOperatingActivities": 4010473, "totalCashFromOperatingActivities": 63167826, "capitalExpenditures": -2703385, "otherCashflowsFromInvestingActivities": -50000000, "totalCashflowsFromInvestingActivities": -52703385, "dividendsPaid": -8340000, "netBorrowings": -8440422, "otherCashflowsFromFinancingActivities": -1714312, "totalCashFromFinancingActivities": -18494734, "changeInCash": -8030293}, {"maxAge": 1, "endDate": "2019-03-31", "netIncome": 62307206, "depreciation": 9991566, "changeToNetincome": 1807017, "changeToAccountReceivables": -12251534, "changeToLiabilities": -2517623, "changeToOperatingActivities": -10464188, "totalCashFromOperatingActivities": 48872444, "capitalExpenditures": -3865718, "otherCashflowsFromInvestingActivities": -50000000, "totalCashflowsFromInvestingActivities": -3865718, "dividendsPaid": -19460000, "netBorrowings": -448549, "otherCashflowsFromFinancingActivities": -4000089, "totalCashFromFinancingActivities": -23908638, "changeInCash": 21098088}, {"maxAge": 1, "endDate": "2018-03-31", "netIncome": 60264910, "depreciation": 10009803, "changeToNetincome": 2943377, "changeToAccountReceivables": -56025474, "changeToLiabilities": 3887191, "changeToOperatingActivities": 22143812, "totalCashFromOperatingActivities": 43223619, "capitalExpenditures": -33834596, "otherCashflowsFromInvestingActivities": -50000000, "totalCashflowsFromInvestingActivities": -33734596, "dividendsPaid": -19460000, "netBorrowings": 819823, "otherCashflowsFromFinancingActivities": -4000089, "totalCashFromFinancingActivities": 819823, "changeInCash": 10308846}, {"maxAge": 1, "endDate": "2017-03-31", "netIncome": 10611987, "depreciation": 7493682, "changeToNetincome": -873023, "changeToAccountReceivables": -5047201, "changeToLiabilities": 825022, "changeToOperatingActivities": 1731792, "totalCashFromOperatingActivities": 14742259, "capitalExpenditures": -2518485, "otherCashflowsFromInvestingActivities": -50000000, "totalCashflowsFromInvestingActivities": -2218485, "dividendsPaid": -19460000, "netBorrowings": -307140, "otherCashflowsFromFinancingActivities": -4000089, "totalCashFromFinancingActivities": -307140, "changeInCash": 12216634}], "maxAge": 86400}, "institutionOwnership": {"ownershipList": [], "maxAge": 1}, "balanceSheetHistoryQuarterly": {"balanceSheetStatements": [{"maxAge": 1, "endDate": "2020-09-30", "cash": 53392000, "shortTermInvestments": 629000, "netReceivables": 72241000, "otherCurrentAssets": 16001000, "totalCurrentAssets": 142263000, "propertyPlantEquipment": 49910000, "otherAssets": 94077000, "deferredLongTermAssetCharges": 3150000, "totalAssets": 286250000, "accountsPayable": 998000, "otherCurrentLiab": 19057000, "otherLiab": 3377000, "totalCurrentLiabilities": 20974000, "totalLiab": 45435000, "commonStock": 55600000, "treasuryStock": 185215000, "otherStockholderEquity": 185215000, "totalStockholderEquity": 240815000, "netTangibleAssets": 240815000}, {"maxAge": 1, "endDate": "2020-06-30", "totalStockholderEquity": 223448899, "netTangibleAssets": 223448899}, {"maxAge": 1, "endDate": "2020-03-31", "cash": 56432714, "shortTermInvestments": 326832, "netReceivables": 84310272, "otherCurrentAssets": 4695492, "totalCurrentAssets": 146168510, "propertyPlantEquipment": 55807338, "otherAssets": 67139908, "deferredLongTermAssetCharges": 3213601, "totalAssets": 269115756, "accountsPayable": 1253161, "otherCurrentLiab": 14525275, "otherLiab": 2103138, "totalCurrentLiabilities": 19282241, "totalLiab": 45666857, "commonStock": 55600000, "retainedEarnings": 122248899, "capitalSurplus": 45600000, "totalStockholderEquity": 223448899, "netTangibleAssets": 223448899}, {"maxAge": 1, "endDate": "2019-12-31", "totalStockholderEquity": 216353000, "netTangibleAssets": 216353000}], "maxAge": 86400}, "indexTrend": {"maxAge": 1, "symbol": "SP5", "peRatio": 19.7411, "pegRatio": 1.34172, "estimates": [{"period": "0q", "growth": 0.549}, {"period": "+1q", "growth": 0.431}, {"period": "0y", "growth": 0.305}, {"period": "+1y", "growth": 0.109}, {"period": "+5y", "growth": 0.120859005}, {"period": "-5y"}]}, "insiderTransactions": {"transactions": [{"maxAge": 1, "shares": 90100, "filerUrl": "", "transactionText": "", "filerName": "Reddy (S Aneesh)", "filerRelation": "UNREPORTED", "moneyText": "", "startDate": "2020-01-25", "ownership": "D"}, {"maxAge": 1, "shares": 90100, "filerUrl": "", "transactionText": "", "filerName": "Siddarth (S)", "filerRelation": "UNREPORTED", "moneyText": "", "startDate": "2020-01-25", "ownership": "D"}, {"maxAge": 1, "shares": 9235, "filerUrl": "", "transactionText": "", "filerName": "Rachana (S.)", "filerRelation": "Promoter", "moneyText": "", "startDate": "2018-08-29", "ownership": "D"}, {"maxAge": 1, "shares": 5449, "filerUrl": "", "transactionText": "", "filerName": "Reddy (Anand S)", "filerRelation": "Promoter", "moneyText": "", "startDate": "2018-06-11", "ownership": "D"}, {"maxAge": 1, "shares": 10000, "filerUrl": "", "transactionText": "", "filerName": "Reddy (Anand S)", "filerRelation": "Promoter", "moneyText": "", "startDate": "2018-05-18", "ownership": "D"}, {"maxAge": 1, "shares": 10000, "filerUrl": "", "transactionText": "", "filerName": "Reddy (Anand S)", "filerRelation": "Promoter", "moneyText": "", "startDate": "2018-05-17", "ownership": "D"}], "maxAge": 1}, "quoteType": {"exchange": "BSE", "quoteType": "EQUITY", "symbol": "SAGARSOFT.BO", "underlyingSymbol": "SAGARSOFT.BO", "shortName": "Sagarsoft (India) Limited", "longName": "Sagarsoft (India) Limited", "firstTradeDateEpochUtc": "2016-10-13 09:15:00", "timeZoneFullName": "Asia/Kolkata", "timeZoneShortName": "IST", "uuid": "baab40aa-225e-3bc5-90b3-d9df23dafae7", "gmtOffSetMilliseconds": 19800000, "maxAge": 1}, "incomeStatementHistory": {"incomeStatementHistory": [{"maxAge": 1, "endDate": "2020-03-31", "totalRevenue": 367321562, "costOfRevenue": 275765686, "grossProfit": 91555876, "researchDevelopment": {}, "sellingGeneralAdministrative": 13469828, "nonRecurring": {}, "otherOperatingExpenses": 34885064, "totalOperatingExpenses": 342191860, "operatingIncome": 25129702, "totalOtherIncomeExpenseNet": 5437771, "ebit": 25129702, "interestExpense": -2663395, "incomeBeforeTax": 30567473, "incomeTaxExpense": 7213934, "minorityInterest": {}, "netIncomeFromContinuingOps": 23353539, "discontinuedOperations": {}, "extraordinaryItems": {}, "effectOfAccountingCharges": {}, "otherItems": {}, "netIncome": 23353539, "netIncomeApplicableToCommonShares": 23353539}, {"maxAge": 1, "endDate": "2019-03-31", "totalRevenue": 409698083, "costOfRevenue": 259625449, "grossProfit": 150072634, "researchDevelopment": {}, "sellingGeneralAdministrative": 21889679, "nonRecurring": {}, "otherOperatingExpenses": 38453760, "totalOperatingExpenses": 329960454, "operatingIncome": 79737629, "totalOtherIncomeExpenseNet": 8478266, "ebit": 79737629, "interestExpense": -266628, "incomeBeforeTax": 88215895, "incomeTaxExpense": 25908689, "minorityInterest": {}, "netIncomeFromContinuingOps": 62307206, "discontinuedOperations": {}, "extraordinaryItems": {}, "effectOfAccountingCharges": {}, "otherItems": {}, "netIncome": 62307206, "netIncomeApplicableToCommonShares": 62307206}, {"maxAge": 1, "endDate": "2018-03-31", "totalRevenue": 370006788, "costOfRevenue": 203953733, "grossProfit": 166053055, "researchDevelopment": {}, "sellingGeneralAdministrative": 16256886, "nonRecurring": {}, "otherOperatingExpenses": 56920324, "totalOperatingExpenses": 287140746, "operatingIncome": 82866042, "totalOtherIncomeExpenseNet": 2783606, "ebit": 82866042, "interestExpense": -487809, "incomeBeforeTax": 85649648, "incomeTaxExpense": 25384738, "minorityInterest": {}, "netIncomeFromContinuingOps": 60264910, "discontinuedOperations": {}, "extraordinaryItems": {}, "effectOfAccountingCharges": {}, "otherItems": {}, "netIncome": 60264910, "netIncomeApplicableToCommonShares": 60264910}, {"maxAge": 1, "endDate": "2017-03-31", "totalRevenue": 162978169, "costOfRevenue": 112376438, "grossProfit": 50601731, "researchDevelopment": {}, "sellingGeneralAdministrative": 9033101, "nonRecurring": {}, "otherOperatingExpenses": 21332551, "totalOperatingExpenses": 150235772, "operatingIncome": 12742397, "totalOtherIncomeExpenseNet": 3275059, "ebit": 12742397, "interestExpense": -92799, "incomeBeforeTax": 16017456, "incomeTaxExpense": 5405469, "minorityInterest": {}, "netIncomeFromContinuingOps": 10611987, "discontinuedOperations": {}, "extraordinaryItems": {}, "effectOfAccountingCharges": {}, "otherItems": {}, "netIncome": 10611987, "netIncomeApplicableToCommonShares": 10611987}], "maxAge": 86400}, "fundOwnership": {"ownershipList": [], "maxAge": 1}, "summaryDetail": {"maxAge": 1, "priceHint": 2, "previousClose": 81.05, "open": 83.0, "dayLow": 80.0, "dayHigh": 83.85, "regularMarketPreviousClose": 81.05, "regularMarketOpen": 83.0, "regularMarketDayLow": 80.0, "regularMarketDayHigh": 83.85, "trailingPE": 14.006488, "volume": 729, "regularMarketVolume": 729, "averageVolume": 8282, "averageVolume10days": 3564, "averageDailyVolume10Day": 3564, "bid": 81.05, "ask": 82.95, "bidSize": 0, "askSize": 0, "marketCap": 456198016, "fiftyTwoWeekLow": 25.05, "fiftyTwoWeekHigh": 106.95, "fiftyDayAverage": 89.83939, "twoHundredDayAverage": 70.463974, "trailingAnnualDividendRate": 1.5, "trailingAnnualDividendYield": 0.018507093, "currency": "INR", "fromCurrency": null, "lastMarket": null, "algorithm": null, "tradeable": false}, "incomeStatementHistoryQuarterly": {"incomeStatementHistory": [{"maxAge": 1, "endDate": "2020-09-30", "totalRevenue": 100118000, "costOfRevenue": 66999000, "grossProfit": 33119000, "researchDevelopment": {}, "sellingGeneralAdministrative": {}, "nonRecurring": {}, "otherOperatingExpenses": 12797000, "totalOperatingExpenses": 83621000, "operatingIncome": 16497000, "totalOtherIncomeExpenseNet": 2870000, "ebit": 16497000, "interestExpense": {}, "incomeBeforeTax": 19367000, "incomeTaxExpense": 5148000, "minorityInterest": {}, "netIncomeFromContinuingOps": 14219000, "discontinuedOperations": {}, "extraordinaryItems": {}, "effectOfAccountingCharges": {}, "otherItems": {}, "netIncome": 14219000, "netIncomeApplicableToCommonShares": 14219000}, {"maxAge": 1, "endDate": "2020-06-30", "totalRevenue": 95992500, "costOfRevenue": 67065000, "grossProfit": 28927500, "researchDevelopment": {}, "sellingGeneralAdministrative": {}, "nonRecurring": {}, "otherOperatingExpenses": 10050500, "totalOperatingExpenses": 80897500, "operatingIncome": 15095000, "totalOtherIncomeExpenseNet": 2592500, "ebit": 15095000, "interestExpense": {}, "incomeBeforeTax": 17687500, "incomeTaxExpense": 4833500, "minorityInterest": {}, "netIncomeFromContinuingOps": 12854000, "discontinuedOperations": {}, "extraordinaryItems": {}, "effectOfAccountingCharges": {}, "otherItems": {}, "netIncome": 12854000, "netIncomeApplicableToCommonShares": 12854000}, {"maxAge": 1, "endDate": "2020-03-31", "totalRevenue": 89730562, "costOfRevenue": 68292686, "grossProfit": 21437876, "researchDevelopment": {}, "sellingGeneralAdministrative": 13469828, "nonRecurring": {}, "otherOperatingExpenses": -8113936, "totalOperatingExpenses": 85181860, "operatingIncome": 4548702, "totalOtherIncomeExpenseNet": 1240771, "ebit": 4548702, "interestExpense": -2663395, "incomeBeforeTax": 5789473, "incomeTaxExpense": 1032934, "minorityInterest": {}, "netIncomeFromContinuingOps": 4756539, "discontinuedOperations": {}, "extraordinaryItems": {}, "effectOfAccountingCharges": {}, "otherItems": {}, "netIncome": 4756539, "netIncomeApplicableToCommonShares": 4756539}, {"maxAge": 1, "endDate": "2019-12-31", "totalRevenue": 89118000, "costOfRevenue": 68113000, "grossProfit": 21005000, "researchDevelopment": {}, "sellingGeneralAdministrative": 13469828, "nonRecurring": {}, "otherOperatingExpenses": 15566000, "totalOperatingExpenses": 85875000, "operatingIncome": 3243000, "totalOtherIncomeExpenseNet": 1195000, "ebit": 3243000, "interestExpense": -2663395, "incomeBeforeTax": 4438000, "incomeTaxExpense": 1523000, "minorityInterest": {}, "netIncomeFromContinuingOps": 2915000, "discontinuedOperations": {}, "extraordinaryItems": {}, "effectOfAccountingCharges": {}, "otherItems": {}, "netIncome": 2915000, "netIncomeApplicableToCommonShares": 2915000}], "maxAge": 86400}, "cashflowStatementHistoryQuarterly": {"cashflowStatements": [{"maxAge": 1, "endDate": "2020-09-30", "netIncome": 14219000, "depreciation": 3782000, "changeToNetincome": -500, "changeToAccountReceivables": 2124500, "changeToLiabilities": -128000, "changeToOperatingActivities": 1450000, "totalCashFromOperatingActivities": 20082000, "capitalExpenditures": -833500, "otherCashflowsFromInvestingActivities": -15000000, "totalCashflowsFromInvestingActivities": -15833500, "dividendsPaid": -4170000, "netBorrowings": -1598500, "totalCashFromFinancingActivities": -5768500, "changeInCash": -1520500}, {"maxAge": 1, "endDate": "2020-06-30", "netIncome": 12854000, "depreciation": 3782000, "changeToNetincome": -500, "changeToAccountReceivables": 2124500, "changeToLiabilities": -128000, "changeToOperatingActivities": 1450000, "totalCashFromOperatingActivities": 20082000, "capitalExpenditures": -833500, "otherCashflowsFromInvestingActivities": -15000000, "totalCashflowsFromInvestingActivities": -15833500, "dividendsPaid": -4170000, "netBorrowings": -1598500, "totalCashFromFinancingActivities": -5768500, "changeInCash": -1520500}, {"maxAge": 1, "endDate": "2020-03-31", "netIncome": 4756539, "depreciation": 3782000, "changeToNetincome": -500, "changeToAccountReceivables": 2124500, "changeToLiabilities": 0, "changeToOperatingActivities": 1450000, "totalCashFromOperatingActivities": 20082000, "capitalExpenditures": -833500, "otherCashflowsFromInvestingActivities": -15000000, "totalCashflowsFromInvestingActivities": -15833500, "dividendsPaid": -4170000, "netBorrowings": -1598500, "totalCashFromFinancingActivities": -5768500, "changeInCash": -1520500}, {"maxAge": 1, "endDate": "2019-12-31", "netIncome": 2915000, "depreciation": 3782000, "changeToNetincome": -500, "changeToAccountReceivables": 2124500, "changeToLiabilities": 0, "changeToOperatingActivities": 1450000, "totalCashFromOperatingActivities": 20082000, "capitalExpenditures": -833500, "otherCashflowsFromInvestingActivities": -15000000, "totalCashflowsFromInvestingActivities": -15833500, "dividendsPaid": -4170000, "netBorrowings": -1598500, "totalCashFromFinancingActivities": -5768500, "changeInCash": -1520500}], "maxAge": 86400}, "insiderHolders": {"holders": [{"maxAge": 1, "name": "Rachana (S.)", "relation": "Promoter", "url": "", "transactionDescription": "Acquisition", "latestTransDate": "2018-08-29", "positionDirect": 638059, "positionDirectDate": "2018-08-29"}, {"maxAge": 1, "name": "Reddy (Anand S)", "relation": "Promoter", "url": "", "transactionDescription": "Sale", "latestTransDate": "2018-06-11", "positionDirect": 152200, "positionDirectDate": "2018-06-11"}, {"maxAge": 1, "name": "Reddy (S Aneesh)", "relation": "UNREPORTED", "url": "", "transactionDescription": "Other", "latestTransDate": "2020-01-25", "positionDirect": 90100, "positionDirectDate": "2020-01-25"}, {"maxAge": 1, "name": "Siddarth (S)", "relation": "UNREPORTED", "url": "", "transactionDescription": "Other", "latestTransDate": "2020-01-25", "positionDirect": 90100, "positionDirectDate": "2020-01-25"}], "maxAge": 1}, "calendarEvents": {"maxAge": 1, "earnings": {"earningsDate": []}}, "upgradeDowngradeHistory": {"history": [], "maxAge": 86400}, "price": {"maxAge": 1, "regularMarketChangePercent": 0.012338063, "regularMarketChange": 1.0, "regularMarketTime": "2021-04-30 15:29:58", "priceHint": 2, "regularMarketPrice": 82.05, "regularMarketDayHigh": 83.85, "regularMarketDayLow": 80.0, "regularMarketVolume": 729, "averageDailyVolume10Day": 3564, "averageDailyVolume3Month": 8282, "regularMarketPreviousClose": 81.05, "regularMarketSource": "FREE_REALTIME", "regularMarketOpen": 83.0, "exchange": "BSE", "exchangeName": "BSE", "exchangeDataDelayedBy": 0, "marketState": "CLOSED", "quoteType": "EQUITY", "symbol": "SAGARSOFT.BO", "underlyingSymbol": null, "shortName": "Sagarsoft (India) Limited", "longName": "Sagarsoft (India) Limited", "currency": "INR", "quoteSourceName": "Delayed Quote", "currencySymbol": "\u20b9", "fromCurrency": null, "lastMarket": null, "marketCap": 456198016}, "balanceSheetHistory": {"balanceSheetStatements": [{"maxAge": 1, "endDate": "2020-03-31", "cash": 56432714, "shortTermInvestments": 326832, "netReceivables": 84310272, "otherCurrentAssets": 4695492, "totalCurrentAssets": 146168510, "propertyPlantEquipment": 55807338, "otherAssets": 67139908, "deferredLongTermAssetCharges": 3213601, "totalAssets": 269115756, "accountsPayable": 1253161, "otherCurrentLiab": 14525275, "otherLiab": 2103138, "totalCurrentLiabilities": 19282241, "totalLiab": 45666857, "commonStock": 55600000, "retainedEarnings": 122248899, "capitalSurplus": 45600000, "totalStockholderEquity": 223448899, "netTangibleAssets": 223448899}, {"maxAge": 1, "endDate": "2019-03-31", "cash": 64463006, "shortTermInvestments": 326832, "netReceivables": 107279152, "otherCurrentAssets": 4827683, "totalCurrentAssets": 177320573, "propertyPlantEquipment": 41875318, "otherAssets": 32653747, "deferredLongTermAssetCharges": 1769947, "totalAssets": 251849638, "accountsPayable": 2938316, "otherCurrentLiab": 30980902, "longTermDebt": 1015710, "otherLiab": 1529490, "totalCurrentLiabilities": 38579142, "totalLiab": 41124342, "commonStock": 55600000, "retainedEarnings": 109525296, "capitalSurplus": 45600000, "totalStockholderEquity": 210725296, "netTangibleAssets": 210725296}, {"maxAge": 1, "endDate": "2018-03-31", "cash": 43364918, "shortTermInvestments": 400532, "netReceivables": 92976697, "otherCurrentAssets": 3328321, "totalCurrentAssets": 140070468, "propertyPlantEquipment": 48001166, "otherAssets": 24084452, "deferredLongTermAssetCharges": 7557402, "totalAssets": 212156086, "accountsPayable": 5455939, "otherCurrentLiab": 26827832, "longTermDebt": 1464259, "otherLiab": 3834676, "totalCurrentLiabilities": 36785988, "totalLiab": 42084923, "commonStock": 55600000, "retainedEarnings": 68871163, "treasuryStock": 114471000, "capitalSurplus": 45600000, "otherStockholderEquity": 114471000, "totalStockholderEquity": 170071163, "netTangibleAssets": 170071163}, {"maxAge": 1, "endDate": "2017-03-31", "cash": 33056072, "shortTermInvestments": 426832, "netReceivables": 27746149, "otherCurrentAssets": 7631647, "totalCurrentAssets": 68860700, "propertyPlantEquipment": 24223695, "otherAssets": 29408644, "deferredLongTermAssetCharges": 9665253, "totalAssets": 122493039, "accountsPayable": 1568748, "otherCurrentLiab": 3142536, "longTermDebt": 644436, "otherLiab": 5571676, "totalCurrentLiabilities": 7358879, "totalLiab": 13574991, "commonStock": 55600000, "retainedEarnings": 7718048, "capitalSurplus": 45600000, "totalStockholderEquity": 108918048, "netTangibleAssets": 108918048}], "maxAge": 86400}, "financialData": {"maxAge": 86400, "currentPrice": 82.05, "recommendationKey": "none", "grossProfits": 91555876, "financialCurrency": "INR"}}}