{"SAGARPROD.BO": {"cashflowStatementHistory": {"cashflowStatements": [{"maxAge": 1, "endDate": "2020-03-31", "netIncome": 8225000, "changeToNetincome": 116, "changeToAccountReceivables": 4640500, "changeToLiabilities": -9769418, "changeToInventory": -1050000, "changeToOperatingActivities": -2687537, "totalCashFromOperatingActivities": -641339, "changeInCash": -641339}, {"maxAge": 1, "endDate": "2019-03-31", "netIncome": 8262531, "changeToNetincome": 116, "changeToAccountReceivables": 23853800, "changeToLiabilities": -23572998, "changeToInventory": -7750000, "changeToOperatingActivities": -9920596, "totalCashFromOperatingActivities": -9127263, "changeInCash": -9127263}, {"maxAge": 1, "endDate": "2018-03-31", "netIncome": 5888783, "changeToNetincome": 116, "changeToAccountReceivables": -27941569, "changeToLiabilities": 17992523, "changeToInventory": -2000000, "changeToOperatingActivities": 16113680, "totalCashFromOperatingActivities": 10018417, "changeInCash": 10018417}, {"maxAge": 1, "endDate": "2017-03-31", "netIncome": 4078047, "changeToNetincome": 953883, "changeToAccountReceivables": -33415600, "changeToLiabilities": 0, "changeToInventory": 7693000, "changeToOperatingActivities": 23219066, "totalCashFromOperatingActivities": 2528396, "otherCashflowsFromInvestingActivities": -2500000, "totalCashflowsFromInvestingActivities": -2500000, "changeInCash": 28396}], "maxAge": 86400}, "institutionOwnership": {"maxAge": 1, "ownershipList": []}, "balanceSheetHistoryQuarterly": {"balanceSheetStatements": [{"maxAge": 1, "endDate": "2020-06-30", "totalStockholderEquity": 60179000, "netTangibleAssets": 60179000}, {"maxAge": 1, "endDate": "2020-03-31", "cash": 344000, "netReceivables": 41293000, "inventory": 12000000, "otherCurrentAssets": 593000, "totalCurrentAssets": 54230000, "otherAssets": 6643000, "totalAssets": 60873000, "accountsPayable": 610000, "otherCurrentLiab": 25000, "totalCurrentLiabilities": 694000, "totalLiab": 694000, "commonStock": 40142000, "treasuryStock": 20037000, "otherStockholderEquity": 20037000, "totalStockholderEquity": 60179000, "netTangibleAssets": 60179000}, {"maxAge": 1, "endDate": "2019-12-31", "totalStockholderEquity": 58394000, "netTangibleAssets": 58394000}, {"maxAge": 1, "endDate": "2019-09-30", "cash": 957000, "netReceivables": 78473000, "inventory": 12000000, "otherCurrentAssets": 418000, "totalCurrentAssets": 91848000, "longTermInvestments": 2695000, "otherAssets": 3848000, "totalAssets": 98391000, "accountsPayable": 36796000, "otherCurrentLiab": 1155000, "longTermDebt": 750000, "totalCurrentLiabilities": 39247000, "totalLiab": 39997000, "commonStock": 40142000, "treasuryStock": 18252000, "otherStockholderEquity": 18252000, "totalStockholderEquity": 58394000, "netTangibleAssets": 58394000}], "maxAge": 86400}, "indexTrend": {"maxAge": 1, "symbol": "SP5", "peRatio": 19.7411, "pegRatio": 1.34172, "estimates": [{"period": "0q", "growth": 0.549}, {"period": "+1q", "growth": 0.431}, {"period": "0y", "growth": 0.305}, {"period": "+1y", "growth": 0.109}, {"period": "+5y", "growth": 0.120859005}, {"period": "-5y"}]}, "insiderTransactions": {"transactions": [{"maxAge": 1, "shares": 547415, "filerUrl": "", "transactionText": "", "filerName": "jitendra (Rikin Parekh)", "filerRelation": "UNREPORTED", "moneyText": "", "startDate": "2020-01-16", "ownership": "D"}, {"maxAge": 1, "shares": 179311, "filerUrl": "", "transactionText": "", "filerName": "Kumar (Shiva)", "filerRelation": "UNREPORTED", "moneyText": "", "startDate": "2020-01-16", "ownership": "D"}, {"maxAge": 1, "shares": 100000, "filerUrl": "", "transactionText": "", "filerName": "Merchant (Chetan)", "filerRelation": "UNREPORTED", "moneyText": "", "startDate": "2020-01-16", "ownership": "D"}, {"maxAge": 1, "shares": 8335, "filerUrl": "", "transactionText": "", "filerName": "Parikh (Leena Jitendra)", "filerRelation": "UNREPORTED", "moneyText": "", "startDate": "2020-01-16", "ownership": "D"}, {"maxAge": 1, "shares": 75000, "filerUrl": "", "transactionText": "", "filerName": "Kumar (Shiva)", "filerRelation": "UNREPORTED", "moneyText": "", "startDate": "2020-01-08", "ownership": "D"}], "maxAge": 1}, "quoteType": {"exchange": "BSE", "quoteType": "EQUITY", "symbol": "SAGARPROD.BO", "underlyingSymbol": "SAGARPROD.BO", "shortName": "SAGAR PRODUCTIONS LIMITED", "longName": "Sagar Productions Limited", "firstTradeDateEpochUtc": "2003-01-09 09:15:00", "timeZoneFullName": "Asia/Kolkata", "timeZoneShortName": "IST", "uuid": "eb3a73f6-060c-37ab-bce9-e5c161c5668b", "messageBoardId": null, "gmtOffSetMilliseconds": 19800000, "maxAge": 1}, "incomeStatementHistory": {"incomeStatementHistory": [{"maxAge": 1, "endDate": "2020-03-31", "totalRevenue": 58100000, "costOfRevenue": 48360000, "grossProfit": 9740000, "researchDevelopment": {}, "sellingGeneralAdministrative": {}, "nonRecurring": {}, "otherOperatingExpenses": 1501000, "totalOperatingExpenses": 49861000, "operatingIncome": 8239000, "totalOtherIncomeExpenseNet": -14000, "ebit": 8239000, "interestExpense": -14000, "incomeBeforeTax": 8225000, "incomeTaxExpense": 0, "minorityInterest": {}, "netIncomeFromContinuingOps": 8225000, "discontinuedOperations": {}, "extraordinaryItems": {}, "effectOfAccountingCharges": {}, "otherItems": {}, "netIncome": 8225000, "netIncomeApplicableToCommonShares": 8225000}, {"maxAge": 1, "endDate": "2019-03-31", "totalRevenue": 84500000, "costOfRevenue": 74511064, "grossProfit": 9988936, "researchDevelopment": {}, "sellingGeneralAdministrative": {}, "nonRecurring": {}, "otherOperatingExpenses": 1726405, "totalOperatingExpenses": 76237469, "operatingIncome": 8262531, "totalOtherIncomeExpenseNet": 10000, "ebit": 8262531, "interestExpense": -14000, "incomeBeforeTax": 8262531, "incomeTaxExpense": 0, "minorityInterest": {}, "netIncomeFromContinuingOps": 8262531, "discontinuedOperations": {}, "extraordinaryItems": {}, "effectOfAccountingCharges": {}, "otherItems": {}, "netIncome": 8262531, "netIncomeApplicableToCommonShares": 8262531}, {"maxAge": 1, "endDate": "2018-03-31", "totalRevenue": 95555569, "costOfRevenue": 89678080, "grossProfit": 5877489, "researchDevelopment": {}, "sellingGeneralAdministrative": {}, "nonRecurring": {}, "otherOperatingExpenses": 1009046, "totalOperatingExpenses": 90687126, "operatingIncome": 4868443, "totalOtherIncomeExpenseNet": 20340, "ebit": 4868443, "interestExpense": -14000, "incomeBeforeTax": 4888783, "incomeTaxExpense": -1000000, "minorityInterest": {}, "netIncomeFromContinuingOps": 5888783, "discontinuedOperations": {}, "extraordinaryItems": {}, "effectOfAccountingCharges": {}, "otherItems": {}, "netIncome": 5888783, "netIncomeApplicableToCommonShares": 5888783}, {"maxAge": 1, "endDate": "2017-03-31", "totalRevenue": 50472500, "costOfRevenue": 44438450, "grossProfit": 6034050, "researchDevelopment": {}, "sellingGeneralAdministrative": 58478, "nonRecurring": {}, "otherOperatingExpenses": 897525, "totalOperatingExpenses": 45394453, "operatingIncome": 5078047, "totalOtherIncomeExpenseNet": 0, "ebit": 5078047, "interestExpense": -14000, "incomeBeforeTax": 5078047, "incomeTaxExpense": 1000000, "minorityInterest": {}, "netIncomeFromContinuingOps": 4078047, "discontinuedOperations": {}, "extraordinaryItems": {}, "effectOfAccountingCharges": {}, "otherItems": {}, "netIncome": 4078047, "netIncomeApplicableToCommonShares": 4078047}], "maxAge": 86400}, "fundOwnership": {"maxAge": 1, "ownershipList": []}, "summaryDetail": {"maxAge": 1, "priceHint": 4, "previousClose": 3.53, "open": 3.64, "dayLow": 3.41, "dayHigh": 3.69, "regularMarketPreviousClose": 3.53, "regularMarketOpen": 3.64, "regularMarketDayLow": 3.41, "regularMarketDayHigh": 3.69, "trailingPE": 19.558012, "volume": 39075, "regularMarketVolume": 39075, "averageVolume": 105508, "averageVolume10days": 83847, "averageDailyVolume10Day": 83847, "bid": 3.55, "ask": 3.65, "bidSize": 0, "askSize": 0, "marketCap": 142103040, "fiftyTwoWeekLow": 3.41, "fiftyTwoWeekHigh": 12.34, "fiftyDayAverage": 6.796, "twoHundredDayAverage": 7.828394, "trailingAnnualDividendRate": 0.02, "trailingAnnualDividendYield": 0.0056657223, "currency": "INR", "fromCurrency": null, "toCurrency": null, "lastMarket": null, "algorithm": null, "tradeable": false}, "incomeStatementHistoryQuarterly": {"incomeStatementHistory": [{"maxAge": 1, "endDate": "2020-06-30", "totalRevenue": 13500000, "costOfRevenue": 12014000, "grossProfit": 1486000, "researchDevelopment": {}, "sellingGeneralAdministrative": {}, "nonRecurring": {}, "otherOperatingExpenses": 327000, "totalOperatingExpenses": 12341000, "operatingIncome": 1159000, "totalOtherIncomeExpenseNet": 0, "ebit": 1159000, "interestExpense": {}, "incomeBeforeTax": 1159000, "incomeTaxExpense": 0, "minorityInterest": {}, "netIncomeFromContinuingOps": 1159000, "discontinuedOperations": {}, "extraordinaryItems": {}, "effectOfAccountingCharges": {}, "otherItems": {}, "netIncome": 1159000, "netIncomeApplicableToCommonShares": 1159000}, {"maxAge": 1, "endDate": "2020-03-31", "totalRevenue": 14100000, "costOfRevenue": 12642000, "grossProfit": 1458000, "researchDevelopment": {}, "sellingGeneralAdministrative": {}, "nonRecurring": {}, "otherOperatingExpenses": 802000, "totalOperatingExpenses": 13444000, "operatingIncome": 656000, "totalOtherIncomeExpenseNet": -2000, "ebit": 656000, "interestExpense": -2000, "incomeBeforeTax": 654000, "incomeTaxExpense": 0, "minorityInterest": {}, "netIncomeFromContinuingOps": 654000, "discontinuedOperations": {}, "extraordinaryItems": {}, "effectOfAccountingCharges": {}, "otherItems": {}, "netIncome": 654000, "netIncomeApplicableToCommonShares": 654000}, {"maxAge": 1, "endDate": "2019-12-31", "totalRevenue": 13500000, "costOfRevenue": 12201000, "grossProfit": 1299000, "researchDevelopment": {}, "sellingGeneralAdministrative": {}, "nonRecurring": {}, "otherOperatingExpenses": 161000, "totalOperatingExpenses": 12362000, "operatingIncome": 1138000, "totalOtherIncomeExpenseNet": -7000, "ebit": 1138000, "interestExpense": -7000, "incomeBeforeTax": 1131000, "incomeTaxExpense": 0, "minorityInterest": {}, "netIncomeFromContinuingOps": 1131000, "discontinuedOperations": {}, "extraordinaryItems": {}, "effectOfAccountingCharges": {}, "otherItems": {}, "netIncome": 1131000, "netIncomeApplicableToCommonShares": 1131000}, {"maxAge": 1, "endDate": "2019-09-30", "totalRevenue": 17000000, "costOfRevenue": 12312000, "grossProfit": 4688000, "researchDevelopment": {}, "sellingGeneralAdministrative": {}, "nonRecurring": {}, "otherOperatingExpenses": 87000, "totalOperatingExpenses": 12399000, "operatingIncome": 4601000, "totalOtherIncomeExpenseNet": -5000, "ebit": 4601000, "interestExpense": -5000, "incomeBeforeTax": 4596000, "incomeTaxExpense": 0, "minorityInterest": {}, "netIncomeFromContinuingOps": 4596000, "discontinuedOperations": {}, "extraordinaryItems": {}, "effectOfAccountingCharges": {}, "otherItems": {}, "netIncome": 4596000, "netIncomeApplicableToCommonShares": 4596000}], "maxAge": 86400}, "cashflowStatementHistoryQuarterly": {"cashflowStatements": [{"maxAge": 1, "endDate": "2020-06-30", "netIncome": 1159000, "changeToLiabilities": 0}, {"maxAge": 1, "endDate": "2020-03-31", "netIncome": 654000, "changeToLiabilities": 0}, {"maxAge": 1, "endDate": "2019-12-31", "netIncome": 1131000, "changeToLiabilities": 0}, {"maxAge": 1, "endDate": "2019-09-30", "netIncome": 4596000, "changeToLiabilities": 0}], "maxAge": 86400}, "insiderHolders": {"holders": [{"maxAge": 1, "name": "Kumar (Shiva)", "relation": "UNREPORTED", "url": "", "transactionDescription": "Acquisition", "latestTransDate": "2020-01-16", "positionDirect": 403065, "positionDirectDate": "2020-01-16"}, {"maxAge": 1, "name": "Merchant (Chetan)", "relation": "UNREPORTED", "url": "", "transactionDescription": "Acquisition", "latestTransDate": "2020-01-16", "positionDirect": 199988, "positionDirectDate": "2020-01-16"}, {"maxAge": 1, "name": "Parikh (Leena Jitendra)", "relation": "UNREPORTED", "url": "", "transactionDescription": "Acquisition", "latestTransDate": "2020-01-16", "positionDirect": 1217791, "positionDirectDate": "2020-01-16"}, {"maxAge": 1, "name": "jitendra (Rikin Parekh)", "relation": "UNREPORTED", "url": "", "transactionDescription": "Acquisition", "latestTransDate": "2020-01-16", "positionDirect": 1059282, "positionDirectDate": "2020-01-16"}], "maxAge": 1}, "calendarEvents": {"maxAge": 1, "earnings": {"earningsDate": []}}, "price": {"maxAge": 1, "regularMarketChangePercent": 0.0028328586, "regularMarketChange": 0.00999999, "regularMarketTime": "2021-04-30 15:27:41", "priceHint": 4, "regularMarketPrice": 3.54, "regularMarketDayHigh": 3.69, "regularMarketDayLow": 3.41, "regularMarketVolume": 39075, "averageDailyVolume10Day": 83847, "averageDailyVolume3Month": 105508, "regularMarketPreviousClose": 3.53, "regularMarketSource": "FREE_REALTIME", "regularMarketOpen": 3.64, "exchange": "BSE", "exchangeName": "BSE", "exchangeDataDelayedBy": 0, "marketState": "CLOSED", "quoteType": "EQUITY", "symbol": "SAGARPROD.BO", "underlyingSymbol": null, "shortName": "SAGAR PRODUCTIONS LIMITED", "longName": "Sagar Productions Limited", "currency": "INR", "quoteSourceName": "Delayed Quote", "currencySymbol": "\u20b9", "fromCurrency": null, "toCurrency": null, "lastMarket": null, "marketCap": 142103040}, "balanceSheetHistory": {"balanceSheetStatements": [{"maxAge": 1, "endDate": "2020-03-31", "cash": 344000, "netReceivables": 41293000, "inventory": 12000000, "otherCurrentAssets": 593000, "totalCurrentAssets": 54230000, "otherAssets": 6643000, "totalAssets": 60873000, "accountsPayable": 610000, "otherCurrentLiab": 25000, "totalCurrentLiabilities": 694000, "totalLiab": 694000, "commonStock": 40142000, "treasuryStock": 20037000, "otherStockholderEquity": 20037000, "totalStockholderEquity": 60179000, "netTangibleAssets": 60179000}, {"maxAge": 1, "endDate": "2019-03-31", "cash": 985451, "netReceivables": 44963629, "inventory": 10950000, "otherCurrentAssets": 453241, "totalCurrentAssets": 57352321, "longTermInvestments": 2560000, "propertyPlantEquipment": 6352051, "otherAssets": 4183473, "totalAssets": 70447845, "accountsPayable": 16077578, "otherCurrentLiab": 1182885, "longTermDebt": 750000, "otherLiab": 2920, "totalCurrentLiabilities": 17741002, "totalLiab": 18493922, "commonStock": 40142125, "retainedEarnings": 11147464, "capitalSurplus": 664334, "totalStockholderEquity": 51953923, "netTangibleAssets": 51953923}, {"maxAge": 1, "endDate": "2018-03-31", "cash": 10112714, "netReceivables": 68817429, "inventory": 3200000, "otherCurrentAssets": 3305521, "totalCurrentAssets": 85435664, "longTermInvestments": 60000, "otherAssets": 1383473, "totalAssets": 86879137, "accountsPayable": 39650576, "otherCurrentLiab": 1730709, "longTermDebt": 750000, "totalCurrentLiabilities": 41471435, "totalLiab": 42221435, "commonStock": 40142125, "retainedEarnings": 3851243, "capitalSurplus": 664334, "totalStockholderEquity": 44657702, "netTangibleAssets": 44657702}, {"maxAge": 1, "endDate": "2017-03-31", "cash": 94297, "netReceivables": 40875860, "inventory": 1200000, "otherCurrentAssets": 522801, "totalCurrentAssets": 42692958, "longTermInvestments": 60000, "propertyPlantEquipment": 19692290, "otherAssets": 1426950, "totalAssets": 63872198, "accountsPayable": 21658053, "otherLiab": 976150, "totalCurrentLiabilities": 21748203, "totalLiab": 22724353, "commonStock": 40142125, "retainedEarnings": 341387, "capitalSurplus": 664333, "totalStockholderEquity": 41147845, "netTangibleAssets": 41147845}], "maxAge": 86400}, "financialData": {"maxAge": 86400, "currentPrice": 3.54, "recommendationKey": "none", "grossProfits": 9740000, "financialCurrency": "INR"}}}