{"SAGARDEEP.NS": {"assetProfile": {"address1": "Plot No. 2070", "address2": "Rajnagar Patiya Santej Khatraj Road Santej, Kalol", "city": "Gandhinagar", "zip": "382721", "country": "India", "phone": "91 79 2562 6304", "website": "http://www.sdalloys.com", "industry": "Copper", "sector": "Basic Materials", "longBusinessSummary": "Sagardeep Alloys Limited manufactures and sells basic precious and non-ferrous alloys in India. The company supplies copper pipes and tubes, flats, coils, rods, anodes/nuggets, and plates, as well as oxygen free copper; red, yellow, cartridge, and low brass; gilding metals, commercial bronzes, and muntz metals; cupro nickel tubes, pipes, and rods; and stainless steel scrap grades, pipes, tubes, sheets/plates, coils, and bars. It is also involved in the wholesale of metals and metal ores. The company also exports its products to the United States, the United Kingdom, Korea, etc. Sagardeep Alloys Limited was founded in 1972 and is based in Gandhinagar, India.", "fullTimeEmployees": 12, "companyOfficers": [{"maxAge": 1, "name": "Mr. Satishkumar Asamal Mehta", "age": 43, "title": "Chairman & MD", "yearBorn": 1977, "fiscalYear": 2020, "totalPay": 900000, "exercisedValue": 0, "unexercisedValue": 0}, {"maxAge": 1, "name": "Mr. Krishnakant P. Somani", "title": "Chief Financial Officer", "fiscalYear": 2020, "totalPay": 326300, "exercisedValue": 0, "unexercisedValue": 0}, {"maxAge": 1, "name": "Mr. Jayeshkumar Ashmal Mehta", "age": 41, "title": "Whole Time Director", "yearBorn": 1979, "fiscalYear": 2020, "totalPay": 900000, "exercisedValue": 0, "unexercisedValue": 0}, {"maxAge": 1, "name": "Mr. K. K. Sommani", "title": "Chief Investor Relations Officer", "exercisedValue": 0, "unexercisedValue": 0}, {"maxAge": 1, "name": "Ms. Priya Alpesh Raval", "age": 23, "title": "Company Sec. & Compliance Officer", "yearBorn": 1997, "exercisedValue": 0, "unexercisedValue": 0}], "compensationAsOfEpochDate": "2020-12-31 05:30:00", "maxAge": 86400}, "cashflowStatementHistory": {"cashflowStatements": [{"maxAge": 1, "endDate": "2020-03-31", "netIncome": 2279759, "depreciation": 4392344, "changeToNetincome": 2890077, "changeToAccountReceivables": 78890662, "changeToLiabilities": -38795755, "changeToInventory": -24015171, "changeToOperatingActivities": -11782554, "totalCashFromOperatingActivities": 13859362, "capitalExpenditures": -10317484, "otherCashflowsFromInvestingActivities": 6141733, "totalCashflowsFromInvestingActivities": 1819489, "netBorrowings": -5864156, "otherCashflowsFromFinancingActivities": -9626942, "totalCashFromFinancingActivities": -15491098, "changeInCash": 187753}, {"maxAge": 1, "endDate": "2019-03-31", "netIncome": 16883980, "depreciation": 4218681, "changeToNetincome": 10895301, "changeToAccountReceivables": 57935949, "changeToLiabilities": -35404281, "changeToInventory": -6100894, "changeToOperatingActivities": 30409135, "totalCashFromOperatingActivities": 78837871, "capitalExpenditures": -53887610, "otherCashflowsFromInvestingActivities": 5461149, "totalCashflowsFromInvestingActivities": -65987080, "netBorrowings": -2951718, "otherCashflowsFromFinancingActivities": -10080548, "totalCashFromFinancingActivities": -13032266, "changeInCash": -181475}, {"maxAge": 1, "endDate": "2018-03-31", "netIncome": 4715282, "depreciation": 4116788, "changeToNetincome": 10707706, "changeToAccountReceivables": 157166560, "changeToLiabilities": -130880896, "changeToInventory": -24265411, "changeToOperatingActivities": 12368122, "totalCashFromOperatingActivities": 33928151, "capitalExpenditures": -2647946, "otherCashflowsFromInvestingActivities": 848892, "totalCashflowsFromInvestingActivities": -25904399, "netBorrowings": -3557879, "otherCashflowsFromFinancingActivities": -9802120, "totalCashFromFinancingActivities": -13359999, "changeInCash": -5336247}, {"maxAge": 1, "endDate": "2017-03-31", "netIncome": 3421777, "depreciation": 4114035, "changeToNetincome": 15895927, "changeToAccountReceivables": -11561347, "changeToLiabilities": 49058506, "changeToInventory": 4557573, "changeToOperatingActivities": -48538300, "totalCashFromOperatingActivities": 16948171, "capitalExpenditures": -2354783, "otherCashflowsFromInvestingActivities": 771172, "totalCashflowsFromInvestingActivities": -35435676, "netBorrowings": -21211599, "otherCashflowsFromFinancingActivities": -15797297, "totalCashFromFinancingActivities": 21619664, "changeInCash": 3132159, "issuanceOfStock": 58628560}], "maxAge": 86400}, "institutionOwnership": {"ownershipList": [], "maxAge": 1}, "majorHoldersBreakdown": {"maxAge": 1}, "balanceSheetHistoryQuarterly": {"balanceSheetStatements": [{"maxAge": 1, "endDate": "2020-12-31", "totalStockholderEquity": 243653555, "netTangibleAssets": 243653555}, {"maxAge": 1, "endDate": "2020-09-30", "cash": 356583, "shortTermInvestments": 1533342, "netReceivables": 119317666, "inventory": 94820707, "otherCurrentAssets": 48860733, "totalCurrentAssets": 264889031, "propertyPlantEquipment": 152370175, "otherAssets": 1873128, "deferredLongTermAssetCharges": 1873128, "totalAssets": 419132334, "accountsPayable": 38606960, "otherCurrentLiab": 13489466, "longTermDebt": 1304189, "otherLiab": 5330868, "totalCurrentLiabilities": 168843722, "totalLiab": 175478779, "commonStock": 107381000, "treasuryStock": 136272555, "otherStockholderEquity": 136272555, "totalStockholderEquity": 243653555, "netTangibleAssets": 243653555}, {"maxAge": 1, "endDate": "2020-06-30", "totalStockholderEquity": 256115834, "netTangibleAssets": 256115834}, {"maxAge": 1, "endDate": "2020-03-31", "cash": 404662, "shortTermInvestments": 1533342, "netReceivables": 127168108, "inventory": 85985492, "otherCurrentAssets": 32170404, "totalCurrentAssets": 247424802, "propertyPlantEquipment": 153157123, "otherAssets": 2400509, "totalAssets": 402982434, "accountsPayable": 17226619, "otherCurrentLiab": 22580480, "longTermDebt": 1131570, "otherLiab": 5452282, "totalCurrentLiabilities": 140282748, "totalLiab": 146866600, "commonStock": 107381000, "retainedEarnings": 67952608, "treasuryStock": 2979010, "capitalSurplus": 77803216, "otherStockholderEquity": 2979010, "totalStockholderEquity": 256115834, "netTangibleAssets": 256115834}], "maxAge": 86400}, "indexTrend": {"maxAge": 1, "symbol": "SP5", "peRatio": 19.7411, "pegRatio": 1.34172, "estimates": [{"period": "0q", "growth": 0.549}, {"period": "+1q", "growth": 0.431}, {"period": "0y", "growth": 0.305}, {"period": "+1y", "growth": 0.109}, {"period": "+5y", "growth": 0.120865}, {"period": "-5y"}]}, "defaultKeyStatistics": {"maxAge": 1, "priceHint": 2, "enterpriseValue": 694903616, "profitMargins": -0.018170001, "floatShares": 2442918, "sharesOutstanding": 16107200, "beta": 0.312808, "category": null, "bookValue": 14.982, "priceToBook": 2.279402, "fundFamily": null, "legalType": null, "lastFiscalYearEnd": "2020-03-31 05:30:00", "nextFiscalYearEnd": "2022-03-31 05:30:00", "mostRecentQuarter": "2020-12-31 05:30:00", "earningsQuarterlyGrowth": 8.415, "netIncomeToCommon": -9700241, "trailingEps": -0.583, "lastSplitFactor": "3:2", "lastSplitDate": "2020-10-05 05:30:00", "enterpriseToRevenue": 1.302, "enterpriseToEbitda": -1310.545}, "summaryProfile": {"address1": "Plot No. 2070", "address2": "Rajnagar Patiya Santej Khatraj Road Santej, Kalol", "city": "Gandhinagar", "zip": "382721", "country": "India", "phone": "91 79 2562 6304", "website": "http://www.sdalloys.com", "industry": "Copper", "sector": "Basic Materials", "longBusinessSummary": "Sagardeep Alloys Limited manufactures and sells basic precious and non-ferrous alloys in India. The company supplies copper pipes and tubes, flats, coils, rods, anodes/nuggets, and plates, as well as oxygen free copper; red, yellow, cartridge, and low brass; gilding metals, commercial bronzes, and muntz metals; cupro nickel tubes, pipes, and rods; and stainless steel scrap grades, pipes, tubes, sheets/plates, coils, and bars. It is also involved in the wholesale of metals and metal ores. The company also exports its products to the United States, the United Kingdom, Korea, etc. Sagardeep Alloys Limited was founded in 1972 and is based in Gandhinagar, India.", "fullTimeEmployees": 12, "companyOfficers": [], "maxAge": 86400}, "netSharePurchaseActivity": {"maxAge": 1, "period": "6m", "buyInfoCount": 0, "buyInfoShares": 0, "sellInfoCount": 0, "netInfoCount": 0, "netInfoShares": 0, "totalInsiderShares": 0}, "quoteType": {"exchange": "NSI", "quoteType": "EQUITY", "symbol": "SAGARDEEP.NS", "underlyingSymbol": "SAGARDEEP.NS", "shortName": "SAGARDEEP ALLOYS L", "longName": "Sagardeep Alloys Limited", "firstTradeDateEpochUtc": "2017-07-13 09:15:00", "timeZoneFullName": "Asia/Kolkata", "timeZoneShortName": "IST", "uuid": "55bdc7f4-757c-3c2a-8a68-88832c58b0b2", "gmtOffSetMilliseconds": 19800000, "maxAge": 1}, "incomeStatementHistory": {"incomeStatementHistory": [{"maxAge": 1, "endDate": "2020-03-31", "totalRevenue": 338026399, "costOfRevenue": 295285244, "grossProfit": 42741155, "researchDevelopment": {}, "sellingGeneralAdministrative": 11240876, "nonRecurring": {}, "otherOperatingExpenses": 20625766, "totalOperatingExpenses": 331544230, "operatingIncome": 6482169, "totalOtherIncomeExpenseNet": -3539641, "ebit": 6482169, "interestExpense": -9343250, "incomeBeforeTax": 2942528, "incomeTaxExpense": 662769, "minorityInterest": {}, "netIncomeFromContinuingOps": 2279759, "discontinuedOperations": {}, "extraordinaryItems": {}, "effectOfAccountingCharges": {}, "otherItems": {}, "netIncome": 2279759, "netIncomeApplicableToCommonShares": 2279759}, {"maxAge": 1, "endDate": "2019-03-31", "totalRevenue": 510887012, "costOfRevenue": 451795461, "grossProfit": 59091551, "researchDevelopment": {}, "sellingGeneralAdministrative": 7830948, "nonRecurring": {}, "otherOperatingExpenses": 19245453, "totalOperatingExpenses": 483090543, "operatingIncome": 27796469, "totalOtherIncomeExpenseNet": -4619399, "ebit": 27796469, "interestExpense": -9875339, "incomeBeforeTax": 23177070, "incomeTaxExpense": 6293090, "minorityInterest": {}, "netIncomeFromContinuingOps": 16883980, "discontinuedOperations": {}, "extraordinaryItems": {}, "effectOfAccountingCharges": {}, "otherItems": {}, "netIncome": 16883980, "netIncomeApplicableToCommonShares": 16883980}, {"maxAge": 1, "endDate": "2018-03-31", "totalRevenue": 624059395, "costOfRevenue": 582040410, "grossProfit": 42018985, "researchDevelopment": {}, "sellingGeneralAdministrative": 6421367, "nonRecurring": {}, "otherOperatingExpenses": 16460053, "totalOperatingExpenses": 609038618, "operatingIncome": 15020777, "totalOtherIncomeExpenseNet": -7721851, "ebit": 15020777, "interestExpense": -8390902, "incomeBeforeTax": 7298926, "incomeTaxExpense": 2583644, "minorityInterest": {}, "netIncomeFromContinuingOps": 4715282, "discontinuedOperations": {}, "extraordinaryItems": {}, "effectOfAccountingCharges": {}, "otherItems": {}, "netIncome": 4715282, "netIncomeApplicableToCommonShares": 4715282}, {"maxAge": 1, "endDate": "2017-03-31", "totalRevenue": 818567921, "costOfRevenue": 764802131, "grossProfit": 53765790, "researchDevelopment": {}, "sellingGeneralAdministrative": 6181206, "nonRecurring": {}, "otherOperatingExpenses": 24183441, "totalOperatingExpenses": 799280813, "operatingIncome": 19287108, "totalOtherIncomeExpenseNet": -13656759, "ebit": 19287108, "interestExpense": -14499837, "incomeBeforeTax": 5630349, "incomeTaxExpense": 2208572, "minorityInterest": {}, "netIncomeFromContinuingOps": 3421777, "discontinuedOperations": {}, "extraordinaryItems": {}, "effectOfAccountingCharges": {}, "otherItems": {}, "netIncome": 3421777, "netIncomeApplicableToCommonShares": 3421777}], "maxAge": 86400}, "fundOwnership": {"ownershipList": [], "maxAge": 1}, "summaryDetail": {"maxAge": 1, "priceHint": 2, "previousClose": 33.7, "open": 33.4, "dayLow": 33.0, "dayHigh": 34.7, "regularMarketPreviousClose": 33.7, "regularMarketOpen": 33.4, "regularMarketDayLow": 33.0, "regularMarketDayHigh": 34.7, "payoutRatio": 0.0, "beta": 0.312808, "volume": 6279, "regularMarketVolume": 6279, "averageVolume": 21910, "averageVolume10days": 19700, "averageDailyVolume10Day": 19700, "bid": 0.0, "ask": 0.0, "bidSize": 0, "askSize": 0, "marketCap": 550060928, "fiftyTwoWeekLow": 29.3, "fiftyTwoWeekHigh": 98.6, "priceToSalesTrailing12Months": 1.0306144, "fiftyDayAverage": 40.386364, "twoHundredDayAverage": 40.88845, "currency": "INR", "fromCurrency": null, "lastMarket": null, "algorithm": null, "tradeable": false}, "incomeStatementHistoryQuarterly": {"incomeStatementHistory": [{"maxAge": 1, "endDate": "2020-12-31", "totalRevenue": 197509000, "costOfRevenue": 182960000, "grossProfit": 14549000, "researchDevelopment": {}, "sellingGeneralAdministrative": 3609000, "nonRecurring": {}, "otherOperatingExpenses": 4761000, "totalOperatingExpenses": 192489000, "operatingIncome": 5020000, "totalOtherIncomeExpenseNet": -2456000, "ebit": 5020000, "interestExpense": -2297000, "incomeBeforeTax": 2564000, "incomeTaxExpense": -317000, "minorityInterest": {}, "netIncomeFromContinuingOps": 2881000, "discontinuedOperations": {}, "extraordinaryItems": {}, "effectOfAccountingCharges": {}, "otherItems": {}, "netIncome": 2881000, "netIncomeApplicableToCommonShares": 2881000}, {"maxAge": 1, "endDate": "2020-09-30", "totalRevenue": 182459000, "costOfRevenue": 177440000, "grossProfit": 5019000, "researchDevelopment": {}, "sellingGeneralAdministrative": 2841000, "nonRecurring": {}, "otherOperatingExpenses": 5133000, "totalOperatingExpenses": 186481000, "operatingIncome": -4022000, "totalOtherIncomeExpenseNet": -873000, "ebit": -4022000, "interestExpense": -1999000, "incomeBeforeTax": -4895000, "incomeTaxExpense": -16000, "minorityInterest": {}, "netIncomeFromContinuingOps": -4879000, "discontinuedOperations": {}, "extraordinaryItems": {}, "effectOfAccountingCharges": {}, "otherItems": {}, "netIncome": -4879000, "netIncomeApplicableToCommonShares": -4879000}, {"maxAge": 1, "endDate": "2020-06-30", "totalRevenue": 62259000, "costOfRevenue": 56163000, "grossProfit": 6096000, "researchDevelopment": {}, "sellingGeneralAdministrative": 2326000, "nonRecurring": {}, "otherOperatingExpenses": 10214000, "totalOperatingExpenses": 69805000, "operatingIncome": -7546000, "totalOtherIncomeExpenseNet": -131000, "ebit": -7546000, "interestExpense": -1715000, "incomeBeforeTax": -7677000, "incomeTaxExpense": -94000, "minorityInterest": {}, "netIncomeFromContinuingOps": -7583000, "discontinuedOperations": {}, "extraordinaryItems": {}, "effectOfAccountingCharges": {}, "otherItems": {}, "netIncome": -7583000, "netIncomeApplicableToCommonShares": -7583000}, {"maxAge": 1, "endDate": "2020-03-31", "totalRevenue": 91495399, "costOfRevenue": 80227244, "grossProfit": 11268155, "researchDevelopment": {}, "sellingGeneralAdministrative": 2621876, "nonRecurring": {}, "otherOperatingExpenses": 6048766, "totalOperatingExpenses": 89999230, "operatingIncome": 1496169, "totalOtherIncomeExpenseNet": -1881641, "ebit": 1496169, "interestExpense": -2311250, "incomeBeforeTax": -385472, "incomeTaxExpense": -270231, "minorityInterest": {}, "netIncomeFromContinuingOps": -115241, "discontinuedOperations": {}, "extraordinaryItems": {}, "effectOfAccountingCharges": {}, "otherItems": {}, "netIncome": -115241, "netIncomeApplicableToCommonShares": -115241}], "maxAge": 86400}, "cashflowStatementHistoryQuarterly": {"cashflowStatements": [{"maxAge": 1, "endDate": "2020-12-31", "netIncome": 2881000, "changeToLiabilities": 0}, {"maxAge": 1, "endDate": "2020-09-30", "netIncome": -4879000, "changeToLiabilities": 0}, {"maxAge": 1, "endDate": "2020-06-30", "netIncome": -7583000, "changeToLiabilities": 0}, {"maxAge": 1, "endDate": "2020-03-31", "netIncome": -115241, "changeToLiabilities": 0}], "maxAge": 86400}, "insiderHolders": {"holders": [], "maxAge": 1}, "calendarEvents": {"maxAge": 1, "earnings": {"earningsDate": []}}, "upgradeDowngradeHistory": {"history": [], "maxAge": 86400}, "price": {"maxAge": 1, "regularMarketChangePercent": 0.013353138, "regularMarketChange": 0.45000076, "regularMarketTime": "2021-04-30 15:29:54", "priceHint": 2, "regularMarketPrice": 34.15, "regularMarketDayHigh": 34.7, "regularMarketDayLow": 33.0, "regularMarketVolume": 6279, "averageDailyVolume10Day": 19700, "averageDailyVolume3Month": 21910, "regularMarketPreviousClose": 33.7, "regularMarketSource": "FREE_REALTIME", "regularMarketOpen": 33.4, "exchange": "NSI", "exchangeName": "NSE", "exchangeDataDelayedBy": 15, "marketState": "CLOSED", "quoteType": "EQUITY", "symbol": "SAGARDEEP.NS", "underlyingSymbol": null, "shortName": "SAGARDEEP ALLOYS L", "longName": "Sagardeep Alloys Limited", "currency": "INR", "quoteSourceName": "Delayed Quote", "currencySymbol": "\u20b9", "fromCurrency": null, "lastMarket": null, "marketCap": 550060928}, "balanceSheetHistory": {"balanceSheetStatements": [{"maxAge": 1, "endDate": "2020-03-31", "cash": 404662, "shortTermInvestments": 1533342, "netReceivables": 127168108, "inventory": 85985492, "otherCurrentAssets": 32170404, "totalCurrentAssets": 247424802, "propertyPlantEquipment": 153157123, "otherAssets": 2400509, "totalAssets": 402982434, "accountsPayable": 17226619, "otherCurrentLiab": 22580480, "longTermDebt": 1131570, "otherLiab": 5452282, "totalCurrentLiabilities": 140282748, "totalLiab": 146866600, "commonStock": 107381000, "retainedEarnings": 67952608, "treasuryStock": 2979010, "capitalSurplus": 77803216, "otherStockholderEquity": 2979010, "totalStockholderEquity": 256115834, "netTangibleAssets": 256115834}, {"maxAge": 1, "endDate": "2019-03-31", "cash": 299427, "shortTermInvestments": 1450824, "netReceivables": 212155331, "inventory": 61970321, "otherCurrentAssets": 32857588, "totalCurrentAssets": 308812007, "propertyPlantEquipment": 147231983, "otherAssets": 4368338, "totalAssets": 460412328, "accountsPayable": 56022374, "shortLongTermDebt": 256871, "otherCurrentLiab": 35034584, "longTermDebt": 10475978, "otherLiab": 6047414, "totalCurrentLiabilities": 190052861, "totalLiab": 206576253, "commonStock": 107381000, "retainedEarnings": 65672849, "treasuryStock": 2979010, "capitalSurplus": 77803216, "otherStockholderEquity": 2979010, "totalStockholderEquity": 253836075, "netTangibleAssets": 253836075}, {"maxAge": 1, "endDate": "2018-03-31", "cash": 1931726, "netReceivables": 217605519, "inventory": 55869427, "otherCurrentAssets": 66406497, "totalCurrentAssets": 341872861, "propertyPlantEquipment": 100863054, "otherAssets": 4604228, "totalAssets": 447340143, "accountsPayable": 91426655, "shortLongTermDebt": 796539, "otherCurrentLiab": -19804, "longTermDebt": 12449811, "otherLiab": 6114277, "totalCurrentLiabilities": 191823960, "totalLiab": 210388048, "commonStock": 107381000, "retainedEarnings": 48788869, "treasuryStock": 2979010, "capitalSurplus": 77803216, "otherStockholderEquity": 2979010, "totalStockholderEquity": 236952095, "netTangibleAssets": 236952095}, {"maxAge": 1, "endDate": "2017-03-31", "cash": 7267973, "netReceivables": 375524960, "inventory": 31604016, "otherCurrentAssets": 52116170, "totalCurrentAssets": 466634043, "propertyPlantEquipment": 105902730, "otherAssets": 4624228, "totalAssets": 577161001, "accountsPayable": 220193042, "shortLongTermDebt": 717363, "otherCurrentLiab": 831615, "longTermDebt": 21346350, "otherLiab": 5832971, "totalCurrentLiabilities": 317744867, "totalLiab": 344924188, "commonStock": 107381000, "retainedEarnings": 44073587, "treasuryStock": 2979010, "capitalSurplus": 77803216, "otherStockholderEquity": 2979010, "totalStockholderEquity": 232236813, "netTangibleAssets": 232236813}], "maxAge": 86400}, "financialData": {"maxAge": 86400, "currentPrice": 34.15, "recommendationKey": "none", "totalCash": 1889925, "totalCashPerShare": 0.112, "ebitda": -530240, "totalDebt": 118051488, "totalRevenue": 533721408, "debtToEquity": 48.45, "revenuePerShare": 31.972, "grossProfits": 42741155, "earningsGrowth": 7.5, "revenueGrowth": 1.77, "grossMargins": 0.0692, "ebitdaMargins": -0.00099, "operatingMargins": -0.00947, "profitMargins": -0.018170001, "financialCurrency": "INR"}}}