{"SAHARAHOUS.BO": {"cashflowStatementHistory": {"cashflowStatements": [{"maxAge": 1, "endDate": "2020-03-31", "netIncome": 20770000, "depreciation": 5414000, "changeToNetincome": 217864000, "changeToLiabilities": 0, "changeToOperatingActivities": 55554000, "totalCashFromOperatingActivities": 299682000, "capitalExpenditures": -28000, "totalCashflowsFromInvestingActivities": -16000, "netBorrowings": -244745000, "totalCashFromFinancingActivities": -244745000, "changeInCash": 54920000}, {"maxAge": 1, "endDate": "2019-03-31", "netIncome": 26088000, "depreciation": 5077000, "changeToNetincome": 118793000, "changeToLiabilities": 0, "changeToOperatingActivities": -210699000, "totalCashFromOperatingActivities": -60724000, "capitalExpenditures": -1311000, "totalCashflowsFromInvestingActivities": -1268000, "netBorrowings": -4445000, "totalCashFromFinancingActivities": -4445000, "changeInCash": -66437000}, {"maxAge": 1, "endDate": "2018-03-31", "netIncome": 25742504, "depreciation": 609459, "changeToNetincome": -40473230, "changeToLiabilities": 0, "changeToOperatingActivities": -7590710, "totalCashFromOperatingActivities": -21711977, "capitalExpenditures": -4459841, "investments": 120611184, "otherCashflowsFromInvestingActivities": 12340523, "totalCashflowsFromInvestingActivities": 128506366, "netBorrowings": -70000000, "totalCashFromFinancingActivities": -70000000, "changeInCash": 36794389}, {"maxAge": 1, "endDate": "2017-03-31", "netIncome": 19763372, "depreciation": 473041, "changeToNetincome": -5806240, "changeToLiabilities": 0, "changeToOperatingActivities": 250339, "totalCashFromOperatingActivities": 14680512, "capitalExpenditures": -1474610, "investments": -18688074, "otherCashflowsFromInvestingActivities": 13678502, "totalCashflowsFromInvestingActivities": -6449482, "netBorrowings": -30865836, "totalCashFromFinancingActivities": -30865836, "changeInCash": -22634806}], "maxAge": 86400}, "institutionOwnership": {"maxAge": 1, "ownershipList": []}, "balanceSheetHistoryQuarterly": {"balanceSheetStatements": [{"maxAge": 1, "endDate": "2020-06-30", "totalStockholderEquity": 448878000, "netTangibleAssets": 448735000}, {"maxAge": 1, "endDate": "2020-03-31", "cash": 86719000, "netReceivables": 983547000, "otherCurrentAssets": 130847000, "totalCurrentAssets": 1201193000, "propertyPlantEquipment": 21696000, "intangibleAssets": 143000, "otherAssets": 12338000, "deferredLongTermAssetCharges": 11562000, "totalAssets": 1235370000, "accountsPayable": 1072000, "shortLongTermDebt": 32468000, "longTermDebt": 702888000, "otherLiab": 30231000, "totalCurrentLiabilities": 43007000, "totalLiab": 786492000, "commonStock": 70000000, "retainedEarnings": 328637000, "treasuryStock": 241000, "capitalSurplus": 50000000, "otherStockholderEquity": 241000, "totalStockholderEquity": 448878000, "netTangibleAssets": 448735000}, {"maxAge": 1, "endDate": "2019-12-31", "totalStockholderEquity": 439288000, "netTangibleAssets": 439105000}, {"maxAge": 1, "endDate": "2019-09-30", "cash": 122175000, "netReceivables": 1039665000, "totalCurrentAssets": 1161840000, "longTermInvestments": 840000, "propertyPlantEquipment": 25493000, "intangibleAssets": 183000, "otherAssets": 17012000, "deferredLongTermAssetCharges": 11125000, "totalAssets": 1205368000, "accountsPayable": 453000, "otherCurrentLiab": 35000, "longTermDebt": 696303000, "otherLiab": 69289000, "totalCurrentLiabilities": 488000, "totalLiab": 766080000, "commonStock": 70000000, "treasuryStock": 369288000, "otherStockholderEquity": 369288000, "totalStockholderEquity": 439288000, "netTangibleAssets": 439105000}], "maxAge": 86400}, "indexTrend": {"maxAge": 1, "symbol": "SP5", "peRatio": 19.7411, "pegRatio": 1.34172, "estimates": [{"period": "0q", "growth": 0.549}, {"period": "+1q", "growth": 0.431}, {"period": "0y", "growth": 0.305}, {"period": "+1y", "growth": 0.109}, {"period": "+5y", "growth": 0.120859005}, {"period": "-5y"}]}, "quoteType": {"exchange": "BSE", "quoteType": "EQUITY", "symbol": "SAHARAHOUS.BO", "underlyingSymbol": "SAHARAHOUS.BO", "shortName": "SAHARA HOUSINGFINA CORPORATION", "longName": "Sahara Housingfina Corporation Limited", "firstTradeDateEpochUtc": "2001-01-25 09:15:00", "timeZoneFullName": "Asia/Kolkata", "timeZoneShortName": "IST", "uuid": "fab911f7-754c-3f36-aba4-46ff490581de", "messageBoardId": null, "gmtOffSetMilliseconds": 19800000, "maxAge": 1}, "incomeStatementHistory": {"incomeStatementHistory": [{"maxAge": 1, "endDate": "2020-03-31", "totalRevenue": 83617000, "costOfRevenue": 2432000, "grossProfit": 81185000, "researchDevelopment": {}, "sellingGeneralAdministrative": 32370000, "nonRecurring": {}, "otherOperatingExpenses": 9666000, "totalOperatingExpenses": 49962000, "operatingIncome": 33655000, "totalOtherIncomeExpenseNet": -5803000, "ebit": 0, "interestExpense": {}, "incomeBeforeTax": 27852000, "incomeTaxExpense": 7082000, "minorityInterest": {}, "netIncomeFromContinuingOps": 20770000, "discontinuedOperations": {}, "extraordinaryItems": {}, "effectOfAccountingCharges": {}, "otherItems": {}, "netIncome": 20770000, "netIncomeApplicableToCommonShares": 20770000}, {"maxAge": 1, "endDate": "2019-03-31", "totalRevenue": 86878000, "costOfRevenue": 2387000, "grossProfit": 84491000, "researchDevelopment": {}, "sellingGeneralAdministrative": 32252000, "nonRecurring": {}, "otherOperatingExpenses": 9721000, "totalOperatingExpenses": 49454000, "operatingIncome": 37424000, "totalOtherIncomeExpenseNet": -3518000, "ebit": 0, "interestExpense": {}, "incomeBeforeTax": 33906000, "incomeTaxExpense": 7818000, "minorityInterest": {}, "netIncomeFromContinuingOps": 26088000, "discontinuedOperations": {}, "extraordinaryItems": {}, "effectOfAccountingCharges": {}, "otherItems": {}, "netIncome": 26088000, "netIncomeApplicableToCommonShares": 26088000}, {"maxAge": 1, "endDate": "2018-03-31", "totalRevenue": 86123463, "costOfRevenue": 2783774, "grossProfit": 83339689, "researchDevelopment": {}, "sellingGeneralAdministrative": 36063066, "nonRecurring": {}, "otherOperatingExpenses": 15889117, "totalOperatingExpenses": 55345416, "operatingIncome": 30778047, "totalOtherIncomeExpenseNet": -62450, "ebit": 0, "interestExpense": {}, "incomeBeforeTax": 30715597, "incomeTaxExpense": 4973093, "minorityInterest": {}, "netIncomeFromContinuingOps": 25742504, "discontinuedOperations": {}, "extraordinaryItems": {}, "effectOfAccountingCharges": {}, "otherItems": {}, "netIncome": 25742504, "netIncomeApplicableToCommonShares": 25742504}, {"maxAge": 1, "endDate": "2017-03-31", "totalRevenue": 83560998, "costOfRevenue": 2239831, "grossProfit": 81321167, "researchDevelopment": {}, "sellingGeneralAdministrative": 38563714, "nonRecurring": {}, "otherOperatingExpenses": 12800416, "totalOperatingExpenses": 54077002, "operatingIncome": 29483996, "totalOtherIncomeExpenseNet": 34700, "ebit": 0, "interestExpense": {}, "incomeBeforeTax": 29518696, "incomeTaxExpense": 9755324, "minorityInterest": {}, "netIncomeFromContinuingOps": 19763372, "discontinuedOperations": {}, "extraordinaryItems": {}, "effectOfAccountingCharges": {}, "otherItems": {}, "netIncome": 19763372, "netIncomeApplicableToCommonShares": 19763372}], "maxAge": 86400}, "fundOwnership": {"maxAge": 1, "ownershipList": []}, "summaryDetail": {"maxAge": 1, "priceHint": 2, "previousClose": 36.95, "open": 34.55, "dayLow": 34.55, "dayHigh": 36.25, "regularMarketPreviousClose": 36.95, "regularMarketOpen": 34.55, "regularMarketDayLow": 34.55, "regularMarketDayHigh": 36.25, "trailingPE": 12.0367155, "volume": 47, "regularMarketVolume": 47, "averageVolume": 1574, "averageVolume10days": 2637, "averageDailyVolume10Day": 2637, "bid": 35.15, "ask": 37.9, "bidSize": 0, "askSize": 0, "marketCap": 243250000, "fiftyTwoWeekLow": 20.8, "fiftyTwoWeekHigh": 55.4, "fiftyDayAverage": 42.465714, "twoHundredDayAverage": 36.69927, "currency": "INR", "fromCurrency": null, "toCurrency": null, "lastMarket": null, "algorithm": null, "tradeable": false}, "incomeStatementHistoryQuarterly": {"incomeStatementHistory": [{"maxAge": 1, "endDate": "2020-06-30", "totalRevenue": 18991000, "costOfRevenue": 0, "grossProfit": 18991000, "researchDevelopment": {}, "sellingGeneralAdministrative": 7349000, "nonRecurring": {}, "otherOperatingExpenses": 3304000, "totalOperatingExpenses": 12022000, "operatingIncome": 6969000, "totalOtherIncomeExpenseNet": -1453000, "ebit": 0, "interestExpense": {}, "incomeBeforeTax": 5516000, "incomeTaxExpense": 693000, "minorityInterest": {}, "netIncomeFromContinuingOps": 4823000, "discontinuedOperations": {}, "extraordinaryItems": {}, "effectOfAccountingCharges": {}, "otherItems": {}, "netIncome": 4823000, "netIncomeApplicableToCommonShares": 4823000}, {"maxAge": 1, "endDate": "2020-03-31", "totalRevenue": 22261000, "costOfRevenue": 2432000, "grossProfit": 19829000, "researchDevelopment": {}, "sellingGeneralAdministrative": 7431000, "nonRecurring": {}, "otherOperatingExpenses": -772000, "totalOperatingExpenses": 10774000, "operatingIncome": 11487000, "totalOtherIncomeExpenseNet": -3252000, "ebit": 0, "interestExpense": {}, "incomeBeforeTax": 8235000, "incomeTaxExpense": 1810000, "minorityInterest": {}, "netIncomeFromContinuingOps": 6425000, "discontinuedOperations": {}, "extraordinaryItems": {}, "effectOfAccountingCharges": {}, "otherItems": {}, "netIncome": 6425000, "netIncomeApplicableToCommonShares": 6425000}, {"maxAge": 1, "endDate": "2019-12-31", "totalRevenue": 33354000, "costOfRevenue": 0, "grossProfit": 33354000, "researchDevelopment": {}, "sellingGeneralAdministrative": 7826000, "nonRecurring": {}, "otherOperatingExpenses": 2785000, "totalOperatingExpenses": 11959000, "operatingIncome": 21395000, "totalOtherIncomeExpenseNet": -14285000, "ebit": 0, "interestExpense": {}, "incomeBeforeTax": 7110000, "incomeTaxExpense": 1524000, "minorityInterest": {}, "netIncomeFromContinuingOps": 5586000, "discontinuedOperations": {}, "extraordinaryItems": {}, "effectOfAccountingCharges": {}, "otherItems": {}, "netIncome": 5586000, "netIncomeApplicableToCommonShares": 5586000}, {"maxAge": 1, "endDate": "2019-09-30", "totalRevenue": 20163000, "costOfRevenue": 0, "grossProfit": 20163000, "researchDevelopment": {}, "sellingGeneralAdministrative": 9109000, "nonRecurring": {}, "otherOperatingExpenses": 3366000, "totalOperatingExpenses": 14594000, "operatingIncome": 5569000, "totalOtherIncomeExpenseNet": 297000, "ebit": 0, "interestExpense": {}, "incomeBeforeTax": 5866000, "incomeTaxExpense": 2464000, "minorityInterest": {}, "netIncomeFromContinuingOps": 3402000, "discontinuedOperations": {}, "extraordinaryItems": {}, "effectOfAccountingCharges": {}, "otherItems": {}, "netIncome": 3402000, "netIncomeApplicableToCommonShares": 3402000}], "maxAge": 86400}, "cashflowStatementHistoryQuarterly": {"cashflowStatements": [{"maxAge": 1, "endDate": "2020-06-30", "netIncome": 4823000, "changeToLiabilities": 0}, {"maxAge": 1, "endDate": "2020-03-31", "netIncome": 6425000, "changeToLiabilities": 0}, {"maxAge": 1, "endDate": "2019-12-31", "netIncome": 5586000, "changeToLiabilities": 0}, {"maxAge": 1, "endDate": "2019-09-30", "netIncome": 3402000, "changeToLiabilities": 0}], "maxAge": 86400}, "insiderHolders": {"holders": [], "maxAge": 1}, "calendarEvents": {"maxAge": 1, "earnings": {"earningsDate": []}}, "price": {"maxAge": 1, "regularMarketChangePercent": -0.059539936, "regularMarketChange": -2.2000008, "regularMarketTime": "2021-04-30 15:51:06", "priceHint": 2, "regularMarketPrice": 34.75, "regularMarketDayHigh": 36.25, "regularMarketDayLow": 34.55, "regularMarketVolume": 47, "averageDailyVolume10Day": 2637, "averageDailyVolume3Month": 1574, "regularMarketPreviousClose": 36.95, "regularMarketSource": "FREE_REALTIME", "regularMarketOpen": 34.55, "exchange": "BSE", "exchangeName": "BSE", "exchangeDataDelayedBy": 0, "marketState": "CLOSED", "quoteType": "EQUITY", "symbol": "SAHARAHOUS.BO", "underlyingSymbol": null, "shortName": "SAHARA HOUSINGFINA CORPORATION", "longName": "Sahara Housingfina Corporation Limited", "currency": "INR", "quoteSourceName": "Delayed Quote", "currencySymbol": "\u20b9", "fromCurrency": null, "toCurrency": null, "lastMarket": null, "marketCap": 243250000}, "balanceSheetHistory": {"balanceSheetStatements": [{"maxAge": 1, "endDate": "2020-03-31", "cash": 86719000, "netReceivables": 983547000, "otherCurrentAssets": 130847000, "totalCurrentAssets": 1201193000, "propertyPlantEquipment": 21696000, "intangibleAssets": 143000, "otherAssets": 12338000, "deferredLongTermAssetCharges": 11562000, "totalAssets": 1235370000, "accountsPayable": 1072000, "shortLongTermDebt": 32468000, "longTermDebt": 702888000, "otherLiab": 30231000, "totalCurrentLiabilities": 43007000, "totalLiab": 786492000, "commonStock": 70000000, "retainedEarnings": 328637000, "treasuryStock": 241000, "capitalSurplus": 50000000, "otherStockholderEquity": 241000, "totalStockholderEquity": 448878000, "netTangibleAssets": 448735000}, {"maxAge": 1, "endDate": "2019-03-31", "cash": 31799000, "netReceivables": 1151665000, "otherCurrentAssets": 199259000, "totalCurrentAssets": 1382887000, "propertyPlantEquipment": 21809000, "intangibleAssets": 223000, "otherAssets": 13527000, "deferredLongTermAssetCharges": 12751000, "totalAssets": 1418446000, "accountsPayable": 1239000, "shortLongTermDebt": 253855000, "otherCurrentLiab": 35000, "longTermDebt": 625347000, "otherLiab": 90696000, "totalCurrentLiabilities": 264677000, "totalLiab": 990461000, "commonStock": 70000000, "retainedEarnings": 307867000, "treasuryStock": 118000, "capitalSurplus": 50000000, "otherStockholderEquity": 118000, "totalStockholderEquity": 427985000, "netTangibleAssets": 427762000}, {"maxAge": 1, "endDate": "2018-03-31", "cash": 124686314, "netReceivables": 1233426140, "otherCurrentAssets": 4181001, "totalCurrentAssets": 1362293455, "longTermInvestments": 196650, "propertyPlantEquipment": 10233572, "otherAssets": 4277721, "totalAssets": 1377001398, "accountsPayable": 1367296, "shortLongTermDebt": 28576, "otherCurrentLiab": 4434816, "longTermDebt": 966531684, "otherLiab": 21965040, "totalCurrentLiabilities": 7662487, "totalLiab": 996159211, "commonStock": 70000000, "retainedEarnings": 260690187, "treasuryStock": 152000, "capitalSurplus": 50000000, "otherStockholderEquity": 152000, "totalStockholderEquity": 380842187, "netTangibleAssets": 380842187}, {"maxAge": 1, "endDate": "2017-03-31", "cash": 208503109, "netReceivables": 1207357134, "otherCurrentAssets": 6552207, "totalCurrentAssets": 1422412450, "longTermInvestments": 273600, "propertyPlantEquipment": 4983190, "otherAssets": 5360358, "totalAssets": 1433029598, "accountsPayable": 1843473, "shortLongTermDebt": 28576, "otherCurrentLiab": 5186139, "longTermDebt": 1036531684, "otherLiab": 24447245, "totalCurrentLiabilities": 16950986, "totalLiab": 1077929915, "commonStock": 70000000, "retainedEarnings": 234947683, "treasuryStock": 152000, "capitalSurplus": 50000000, "otherStockholderEquity": 152000, "totalStockholderEquity": 355099683, "netTangibleAssets": 355099683}], "maxAge": 86400}, "financialData": {"maxAge": 86400, "currentPrice": 34.75, "recommendationKey": "none", "grossProfits": 81185000, "financialCurrency": "INR"}}}