{"SAHLIBHFI.BO": {"cashflowStatementHistory": {"cashflowStatements": [{"maxAge": 1, "endDate": "2020-03-31", "netIncome": 58061384, "depreciation": 632756, "changeToNetincome": -18399760, "changeToLiabilities": 0, "changeToInventory": -51842943, "changeToOperatingActivities": 5180777, "totalCashFromOperatingActivities": -6367786, "capitalExpenditures": -1720072, "otherCashflowsFromInvestingActivities": -3771791, "totalCashflowsFromInvestingActivities": -5491863, "dividendsPaid": -6003720, "netBorrowings": 44785297, "totalCashFromFinancingActivities": 38781577, "changeInCash": 26921928}, {"maxAge": 1, "endDate": "2019-03-31", "netIncome": 63987173, "depreciation": 750850, "changeToNetincome": 5818856, "changeToLiabilities": 0, "changeToInventory": -192613505, "changeToOperatingActivities": 3552172, "totalCashFromOperatingActivities": -118504454, "capitalExpenditures": -2086514, "otherCashflowsFromInvestingActivities": 1630635, "totalCashflowsFromInvestingActivities": -455879, "dividendsPaid": -6003720, "netBorrowings": 119581835, "totalCashFromFinancingActivities": 113578115, "changeInCash": -5382218}, {"maxAge": 1, "endDate": "2018-03-31", "netIncome": 56675604, "depreciation": 614777, "changeToNetincome": -614777, "changeToLiabilities": -895861, "changeToInventory": -203821280, "changeToOperatingActivities": 3552172, "totalCashFromOperatingActivities": -148041537, "capitalExpenditures": -3883383, "otherCashflowsFromInvestingActivities": 2764435, "totalCashflowsFromInvestingActivities": -1118948, "dividendsPaid": -6003720, "netBorrowings": 168934903, "totalCashFromFinancingActivities": 168934903, "changeInCash": 19774418}, {"maxAge": 1, "endDate": "2017-03-31", "netIncome": 43018837, "depreciation": 471320, "changeToNetincome": -6498788, "changeToLiabilities": 5931673, "changeToInventory": -161089617, "changeToOperatingActivities": 3552172, "totalCashFromOperatingActivities": -118166575, "capitalExpenditures": -3309706, "otherCashflowsFromInvestingActivities": -11742717, "totalCashflowsFromInvestingActivities": -15052423, "dividendsPaid": -6003720, "netBorrowings": 139343197, "totalCashFromFinancingActivities": 139343197, "changeInCash": 6124200}], "maxAge": 86400}, "institutionOwnership": {"maxAge": 1, "ownershipList": []}, "balanceSheetHistoryQuarterly": {"balanceSheetStatements": [{"maxAge": 1, "endDate": "2020-06-30", "totalStockholderEquity": 417339687, "netTangibleAssets": 417339687}, {"maxAge": 1, "endDate": "2020-03-31", "cash": 840718, "netReceivables": 1138675761, "otherCurrentAssets": 52648466, "totalCurrentAssets": 1192164945, "propertyPlantEquipment": 22237822, "otherAssets": 38080978, "totalAssets": 1252483745, "accountsPayable": 2087633, "shortLongTermDebt": 207865039, "otherCurrentLiab": 62904217, "longTermDebt": 354769360, "otherLiab": 10830603, "totalCurrentLiabilities": 469544095, "totalLiab": 835144058, "commonStock": 50031000, "retainedEarnings": 272903687, "treasuryStock": 94405000, "otherStockholderEquity": 94405000, "totalStockholderEquity": 417339687, "netTangibleAssets": 417339687}, {"maxAge": 1, "endDate": "2019-12-31", "totalStockholderEquity": 399420903, "netTangibleAssets": 399420903}, {"maxAge": 1, "endDate": "2019-09-30", "cash": 51630615, "netReceivables": 1760766, "inventory": 727550106, "totalCurrentAssets": 780941487, "longTermInvestments": 14565830, "propertyPlantEquipment": 21993471, "otherAssets": 360544732, "totalAssets": 1178045520, "accountsPayable": 1608994, "otherCurrentLiab": 35002756, "longTermDebt": 722736654, "otherLiab": 19276213, "totalCurrentLiabilities": 36611750, "totalLiab": 778624617, "commonStock": 50031000, "treasuryStock": 349389903, "otherStockholderEquity": 349389903, "totalStockholderEquity": 399420903, "netTangibleAssets": 399420903}], "maxAge": 86400}, "indexTrend": {"maxAge": 1, "symbol": "SP5", "peRatio": 19.7411, "pegRatio": 1.34172, "estimates": [{"period": "0q", "growth": 0.549}, {"period": "+1q", "growth": 0.431}, {"period": "0y", "growth": 0.305}, {"period": "+1y", "growth": 0.109}, {"period": "+5y", "growth": 0.120859005}, {"period": "-5y"}]}, "insiderTransactions": {"transactions": [{"maxAge": 1, "shares": 21815, "filerUrl": "", "transactionText": "", "filerName": "Goyal (Princy Dayakrishna)", "filerRelation": "Promoter", "moneyText": "", "startDate": "2020-09-23", "ownership": "D"}, {"maxAge": 1, "shares": 10, "value": 9, "filerUrl": "", "transactionText": "Sale at price 0.93 per share.", "filerName": "Shalibhadra Capital Market Ltd", "filerRelation": "Unknown", "moneyText": "", "startDate": "2020-03-05", "ownership": "D"}], "maxAge": 1}, "quoteType": {"exchange": "BSE", "quoteType": "EQUITY", "symbol": "SAHLIBHFI.BO", "underlyingSymbol": "SAHLIBHFI.BO", "shortName": "SHALIBHADRA FINANCE LTD.", "longName": "Shalibhadra Finance Limited", "firstTradeDateEpochUtc": "2001-11-27 09:15:00", "timeZoneFullName": "Asia/Kolkata", "timeZoneShortName": "IST", "uuid": "1ae7e271-f447-3f7d-9a43-0a8cd687a519", "messageBoardId": null, "gmtOffSetMilliseconds": 19800000, "maxAge": 1}, "incomeStatementHistory": {"incomeStatementHistory": [{"maxAge": 1, "endDate": "2020-03-31", "totalRevenue": 142307737, "costOfRevenue": 640587, "grossProfit": 141667150, "researchDevelopment": {}, "sellingGeneralAdministrative": 24454556, "nonRecurring": {}, "otherOperatingExpenses": 25264020, "totalOperatingExpenses": 61896939, "operatingIncome": 80410798, "totalOtherIncomeExpenseNet": 1, "ebit": 0, "interestExpense": {}, "incomeBeforeTax": 80410799, "incomeTaxExpense": 22349415, "minorityInterest": {}, "netIncomeFromContinuingOps": 58061384, "discontinuedOperations": {}, "extraordinaryItems": {}, "effectOfAccountingCharges": {}, "otherItems": {}, "netIncome": 58061384, "netIncomeApplicableToCommonShares": 58061384}, {"maxAge": 1, "endDate": "2019-03-31", "totalRevenue": 139535200, "costOfRevenue": 631212, "grossProfit": 138903988, "researchDevelopment": {}, "sellingGeneralAdministrative": 21400804, "nonRecurring": {}, "otherOperatingExpenses": 20991838, "totalOperatingExpenses": 50179028, "operatingIncome": 89356172, "totalOtherIncomeExpenseNet": 1, "ebit": 0, "interestExpense": {}, "incomeBeforeTax": 89356173, "incomeTaxExpense": 25369000, "minorityInterest": {}, "netIncomeFromContinuingOps": 63987173, "discontinuedOperations": {}, "extraordinaryItems": {}, "effectOfAccountingCharges": {}, "otherItems": {}, "netIncome": 63987173, "netIncomeApplicableToCommonShares": 63987173}, {"maxAge": 1, "endDate": "2018-03-31", "totalRevenue": 126120494, "costOfRevenue": 666570, "grossProfit": 125453924, "researchDevelopment": {}, "sellingGeneralAdministrative": 18742769, "nonRecurring": {}, "otherOperatingExpenses": 22558633, "totalOperatingExpenses": 46821691, "operatingIncome": 79298803, "totalOtherIncomeExpenseNet": 0, "ebit": 0, "interestExpense": {}, "incomeBeforeTax": 79298803, "incomeTaxExpense": 22623199, "minorityInterest": {}, "netIncomeFromContinuingOps": 56675604, "discontinuedOperations": {}, "extraordinaryItems": {}, "effectOfAccountingCharges": {}, "otherItems": {}, "netIncome": 56675604, "netIncomeApplicableToCommonShares": 56675604}, {"maxAge": 1, "endDate": "2017-03-31", "totalRevenue": 110637205, "costOfRevenue": 856561, "grossProfit": 109780644, "researchDevelopment": {}, "sellingGeneralAdministrative": 14190941, "nonRecurring": {}, "otherOperatingExpenses": 22635623, "totalOperatingExpenses": 45738362, "operatingIncome": 64898843, "totalOtherIncomeExpenseNet": 0, "ebit": 0, "interestExpense": {}, "incomeBeforeTax": 64898843, "incomeTaxExpense": 21880006, "minorityInterest": {}, "netIncomeFromContinuingOps": 43018837, "discontinuedOperations": {}, "extraordinaryItems": {}, "effectOfAccountingCharges": {}, "otherItems": {}, "netIncome": 43018837, "netIncomeApplicableToCommonShares": 43018837}], "maxAge": 86400}, "fundOwnership": {"maxAge": 1, "ownershipList": []}, "summaryDetail": {"maxAge": 1, "priceHint": 2, "previousClose": 53.1, "open": 52.65, "dayLow": 52.0, "dayHigh": 53.9, "regularMarketPreviousClose": 53.1, "regularMarketOpen": 52.65, "regularMarketDayLow": 52.0, "regularMarketDayHigh": 53.9, "trailingPE": 5.23606, "volume": 4010, "regularMarketVolume": 4010, "averageVolume": 2465, "averageVolume10days": 7730, "averageDailyVolume10Day": 7730, "bid": 52.15, "ask": 53.95, "bidSize": 0, "askSize": 0, "marketCap": 269667104, "fiftyTwoWeekLow": 34.8, "fiftyTwoWeekHigh": 83.55, "fiftyDayAverage": 75.43285, "twoHundredDayAverage": 69.32518, "trailingAnnualDividendRate": 1.2, "trailingAnnualDividendYield": 0.022598872, "currency": "INR", "fromCurrency": null, "toCurrency": null, "lastMarket": null, "algorithm": null, "tradeable": false}, "incomeStatementHistoryQuarterly": {"incomeStatementHistory": [{"maxAge": 1, "endDate": "2020-06-30", "totalRevenue": 32443000, "costOfRevenue": 11570000, "grossProfit": 20873000, "researchDevelopment": {}, "sellingGeneralAdministrative": 5177000, "nonRecurring": {}, "otherOperatingExpenses": {}, "totalOperatingExpenses": 16874000, "operatingIncome": 15569000, "totalOtherIncomeExpenseNet": 0, "ebit": 0, "interestExpense": {}, "incomeBeforeTax": 15569000, "incomeTaxExpense": 4650000, "minorityInterest": {}, "netIncomeFromContinuingOps": 10919000, "discontinuedOperations": {}, "extraordinaryItems": {}, "effectOfAccountingCharges": {}, "otherItems": {}, "netIncome": 10919000, "netIncomeApplicableToCommonShares": 10919000}, {"maxAge": 1, "endDate": "2020-03-31", "totalRevenue": 29727737, "costOfRevenue": -27118413, "grossProfit": 56846150, "researchDevelopment": {}, "sellingGeneralAdministrative": 6432556, "nonRecurring": {}, "otherOperatingExpenses": 25264020, "totalOperatingExpenses": 15645939, "operatingIncome": 14081798, "totalOtherIncomeExpenseNet": 1, "ebit": 0, "interestExpense": {}, "incomeBeforeTax": 14081799, "incomeTaxExpense": 5011415, "minorityInterest": {}, "netIncomeFromContinuingOps": 9070384, "discontinuedOperations": {}, "extraordinaryItems": {}, "effectOfAccountingCharges": {}, "otherItems": {}, "netIncome": 9070384, "netIncomeApplicableToCommonShares": 9070384}, {"maxAge": 1, "endDate": "2019-12-31", "totalRevenue": 36331000, "costOfRevenue": 8205000, "grossProfit": 28126000, "researchDevelopment": {}, "sellingGeneralAdministrative": 7177000, "nonRecurring": {}, "otherOperatingExpenses": 25264020, "totalOperatingExpenses": 15543000, "operatingIncome": 20788000, "totalOtherIncomeExpenseNet": 0, "ebit": 0, "interestExpense": {}, "incomeBeforeTax": 20788000, "incomeTaxExpense": 6438000, "minorityInterest": {}, "netIncomeFromContinuingOps": 14350000, "discontinuedOperations": {}, "extraordinaryItems": {}, "effectOfAccountingCharges": {}, "otherItems": {}, "netIncome": 14350000, "netIncomeApplicableToCommonShares": 14350000}, {"maxAge": 1, "endDate": "2019-09-30", "totalRevenue": 39125290, "costOfRevenue": 12072000, "grossProfit": 27053290, "researchDevelopment": {}, "sellingGeneralAdministrative": 5557000, "nonRecurring": {}, "otherOperatingExpenses": 25264020, "totalOperatingExpenses": 17787000, "operatingIncome": 21338290, "totalOtherIncomeExpenseNet": 0, "ebit": 0, "interestExpense": {}, "incomeBeforeTax": 21338290, "incomeTaxExpense": 4166810, "minorityInterest": {}, "netIncomeFromContinuingOps": 17171480, "discontinuedOperations": {}, "extraordinaryItems": {}, "effectOfAccountingCharges": {}, "otherItems": {}, "netIncome": 17171480, "netIncomeApplicableToCommonShares": 17171480}], "maxAge": 86400}, "cashflowStatementHistoryQuarterly": {"cashflowStatements": [{"maxAge": 1, "endDate": "2020-06-30", "netIncome": 10919000, "changeToLiabilities": 0}, {"maxAge": 1, "endDate": "2020-03-31", "netIncome": 9070384, "changeToLiabilities": 0}, {"maxAge": 1, "endDate": "2019-12-31", "netIncome": 14350000, "changeToLiabilities": 0}, {"maxAge": 1, "endDate": "2019-09-30", "netIncome": 17171480, "changeToLiabilities": 0}], "maxAge": 86400}, "insiderHolders": {"holders": [{"maxAge": 1, "name": "Goyal (Princy Dayakrishna)", "relation": "Promoter", "url": "", "transactionDescription": "Sale", "latestTransDate": "2020-09-23", "positionDirect": 29852, "positionDirectDate": "2020-09-23"}, {"maxAge": 1, "name": "Shalibhadra Capital Market Ltd", "relation": "Unknown", "url": "", "transactionDescription": "Sale", "latestTransDate": "2020-03-05", "positionDirect": 0, "positionDirectDate": "2020-03-05"}], "maxAge": 1}, "calendarEvents": {"maxAge": 1, "earnings": {"earningsDate": []}}, "price": {"maxAge": 1, "regularMarketChangePercent": 0.015065971, "regularMarketChange": 0.80000305, "regularMarketTime": "2021-04-30 15:09:10", "priceHint": 2, "regularMarketPrice": 53.9, "regularMarketDayHigh": 53.9, "regularMarketDayLow": 52.0, "regularMarketVolume": 4010, "averageDailyVolume10Day": 7730, "averageDailyVolume3Month": 2465, "regularMarketPreviousClose": 53.1, "regularMarketSource": "FREE_REALTIME", "regularMarketOpen": 52.65, "exchange": "BSE", "exchangeName": "BSE", "exchangeDataDelayedBy": 0, "marketState": "CLOSED", "quoteType": "EQUITY", "symbol": "SAHLIBHFI.BO", "underlyingSymbol": null, "shortName": "SHALIBHADRA FINANCE LTD.", "longName": "Shalibhadra Finance Limited", "currency": "INR", "quoteSourceName": "Delayed Quote", "currencySymbol": "\u20b9", "fromCurrency": null, "toCurrency": null, "lastMarket": null, "marketCap": 269667104}, "balanceSheetHistory": {"balanceSheetStatements": [{"maxAge": 1, "endDate": "2020-03-31", "cash": 840718, "netReceivables": 1138675761, "otherCurrentAssets": 52648466, "totalCurrentAssets": 1192164945, "propertyPlantEquipment": 22237822, "otherAssets": 38080978, "totalAssets": 1252483745, "accountsPayable": 2087633, "shortLongTermDebt": 207865039, "otherCurrentLiab": 62904217, "longTermDebt": 354769360, "otherLiab": 10830603, "totalCurrentLiabilities": 469544095, "totalLiab": 835144058, "commonStock": 50031000, "retainedEarnings": 272903687, "treasuryStock": 94405000, "otherStockholderEquity": 94405000, "totalStockholderEquity": 417339687, "netTangibleAssets": 417339687}, {"maxAge": 1, "endDate": "2019-03-31", "cash": 1941227, "netReceivables": 1085577745, "otherCurrentAssets": 24626029, "totalCurrentAssets": 1112145001, "propertyPlantEquipment": 21150506, "otherAssets": 17456337, "totalAssets": 1150751844, "accountsPayable": 892892, "shortLongTermDebt": 146901177, "otherCurrentLiab": 58087105, "longTermDebt": 341843354, "otherLiab": 10719434, "totalCurrentLiabilities": 431672951, "totalLiab": 784235739, "commonStock": 50031000, "retainedEarnings": 234080105, "treasuryStock": 82405000, "otherStockholderEquity": 82405000, "totalStockholderEquity": 366516105, "netTangibleAssets": 366516105}, {"maxAge": 1, "endDate": "2018-03-31", "cash": 31949474, "netReceivables": 4191064, "inventory": 593901860, "otherCurrentAssets": 1, "totalCurrentAssets": 630042399, "propertyPlantEquipment": 19814842, "otherAssets": 313470003, "totalAssets": 963327244, "accountsPayable": 565543, "otherCurrentLiab": 40885178, "longTermDebt": 594954473, "otherLiab": 18703020, "totalCurrentLiabilities": 41450721, "totalLiab": 655108214, "commonStock": 50031000, "retainedEarnings": 188783030, "treasuryStock": 69405000, "otherStockholderEquity": 69405000, "totalStockholderEquity": 308219030, "netTangibleAssets": 308219030}, {"maxAge": 1, "endDate": "2017-03-31", "cash": 12175056, "netReceivables": 3470439, "inventory": 457582340, "otherCurrentAssets": 1, "totalCurrentAssets": 473227836, "propertyPlantEquipment": 15931459, "otherAssets": 238761000, "totalAssets": 727920295, "accountsPayable": 3817811, "otherCurrentLiab": 42883011, "longTermDebt": 428019818, "otherLiab": -4510474, "totalCurrentLiabilities": 52867525, "totalLiab": 476376869, "commonStock": 50031000, "retainedEarnings": 201512426, "totalStockholderEquity": 251543426, "netTangibleAssets": 251543426}], "maxAge": 86400}, "financialData": {"maxAge": 86400, "currentPrice": 53.9, "recommendationKey": "none", "grossProfits": 141667150, "financialCurrency": "INR"}}}