{"SAIL.NS": {"assetProfile": {"address1": "Ispat Bhawan", "address2": "Lodi Road", "city": "New Delhi", "zip": "110003", "country": "India", "phone": "91 11 2436 7481", "fax": "91 11 2436 7015", "website": "http://sail.co.in", "industry": "Steel", "sector": "Basic Materials", "longBusinessSummary": "Steel Authority of India Limited, a steel-making company, manufactures and sells iron and steel products in India and internationally. It offers rails, long rails, blooms, billets, slabs, channels, joists, angles, TMT rebars, wire rods, crane rails, plates, pig iron, and coal chemicals; and narrow slabs, wheels and axles, plate mill plates, HR plates, HR coils, CR sheets/coils, plain and corrugated galvanized sheets, ERW pipes, spiral weld pipes, and CRNO. The company also provides GP and GC sheets, galvanized steel, HRPO, bars and rebars, Z-bars, MS archs, cold rolled stainless steel, hot rolled carbon and stainless steel products, micro-alloyed carbon steel, and alloy steel squares and rounds. In addition, it offers wear resistant plates, forgings, carne wheels, forged rolls/plates, stainless steel slabs, special steel, and rolled and forged alloy products; and high/medium/low carbon ferro-manganese and silico-manganese products. The company was founded in 1954 and is based in New Delhi, India.", "fullTimeEmployees": 69379, "companyOfficers": [{"maxAge": 1, "name": "Ms. Soma  Mondal", "age": 57, "title": "Exec. Chairman", "yearBorn": 1963, "fiscalYear": 2020, "totalPay": 5552895, "exercisedValue": 0, "unexercisedValue": 0}, {"maxAge": 1, "name": "Mr. Anil Kumar Chaudhary ICWA, ICSI, L.L.B", "age": 60, "title": "MD & Director of Personnel", "yearBorn": 1960, "fiscalYear": 2020, "totalPay": 5357276, "exercisedValue": 0, "unexercisedValue": 0}, {"maxAge": 1, "name": "Mr. Amit  Sen", "age": 59, "title": "Director of Fin. & Whole Time Director", "yearBorn": 1961, "fiscalYear": 2020, "totalPay": 3254311, "exercisedValue": 0, "unexercisedValue": 0}, {"maxAge": 1, "name": "Mr. Harinand  Rai", "age": 58, "title": "Director of Technical, Projects & Raw Materials and Exec. Director", "yearBorn": 1962, "fiscalYear": 2020, "totalPay": 4709153, "exercisedValue": 0, "unexercisedValue": 0}, {"maxAge": 1, "name": "Mr. M. B. Balakrishnan", "title": "Company Sec. & Compliance Officer", "fiscalYear": 2020, "totalPay": 3607772, "exercisedValue": 0, "unexercisedValue": 0}, {"maxAge": 1, "name": "Mr. Anirban  Dasgupta", "age": 55, "title": "Whole Time Director", "yearBorn": 1965, "fiscalYear": 2020, "totalPay": 1652609, "exercisedValue": 0, "unexercisedValue": 0}, {"maxAge": 1, "name": "A.  Devadas", "title": "Exec. Director of Operations", "exercisedValue": 0, "unexercisedValue": 0}, {"maxAge": 1, "name": "Mr. K. K. Singh", "title": "Exec. Director of Personnel & Admin.", "exercisedValue": 0, "unexercisedValue": 0}, {"maxAge": 1, "name": "Sanjay  Sharma", "title": "Exec. Director of Personnel & Admin.", "exercisedValue": 0, "unexercisedValue": 0}, {"maxAge": 1, "name": "H. R. Choudhury", "title": "Exec. Director of Law & PLO", "exercisedValue": 0, "unexercisedValue": 0}], "compensationAsOfEpochDate": "2020-12-31 05:30:00", "maxAge": 86400}, "recommendationTrend": {"trend": [{"period": "0m", "strongBuy": 0, "buy": 0, "hold": 0, "sell": 0, "strongSell": 0}, {"period": "-1m", "strongBuy": 0, "buy": 0, "hold": 2, "sell": 10, "strongSell": 7}, {"period": "-2m", "strongBuy": 0, "buy": 0, "hold": 2, "sell": 10, "strongSell": 8}, {"period": "-3m", "strongBuy": 0, "buy": 1, "hold": 2, "sell": 11, "strongSell": 9}], "maxAge": 86400}, "cashflowStatementHistory": {"cashflowStatements": [{"maxAge": 1, "endDate": "2020-03-31", "netIncome": 21207100000, "depreciation": 37557300000, "changeToNetincome": 41640500000, "changeToAccountReceivables": -44162400000, "changeToLiabilities": -8989900000, "changeToInventory": -45112700000, "changeToOperatingActivities": -8316600000, "totalCashFromOperatingActivities": -6176700000, "capitalExpenditures": -47543600000, "investments": -256300000, "otherCashflowsFromInvestingActivities": 1464000000, "totalCashflowsFromInvestingActivities": -42605200000, "dividendsPaid": -2065300000, "netBorrowings": 89073800000, "otherCashflowsFromFinancingActivities": -36977000000, "totalCashFromFinancingActivities": 50031500000, "changeInCash": 1249600000}, {"maxAge": 1, "endDate": "2019-03-31", "netIncome": 23487100000, "depreciation": 33853400000, "changeToNetincome": 41457400000, "changeToAccountReceivables": -6775700000, "changeToLiabilities": -3009600000, "changeToInventory": -26479300000, "changeToOperatingActivities": 9618200000, "totalCashFromOperatingActivities": 72151500000, "capitalExpenditures": -39811900000, "investments": 559400000, "otherCashflowsFromInvestingActivities": 1300500000, "totalCashflowsFromInvestingActivities": -36944900000, "dividendsPaid": -2065300000, "netBorrowings": -2386800000, "otherCashflowsFromFinancingActivities": -33104000000, "totalCashFromFinancingActivities": -35490800000, "changeInCash": -284200000}, {"maxAge": 1, "endDate": "2018-03-31", "netIncome": -2814000000, "depreciation": 30659700000, "changeToNetincome": 22607100000, "changeToAccountReceivables": -8494600000, "changeToLiabilities": 23072500000, "changeToInventory": -14059100000, "changeToOperatingActivities": 10663800000, "totalCashFromOperatingActivities": 61635400000, "capitalExpenditures": -67576200000, "investments": 1132900000, "otherCashflowsFromInvestingActivities": 116400000, "totalCashflowsFromInvestingActivities": -64796000000, "dividendsPaid": -2065300000, "netBorrowings": 31209600000, "otherCashflowsFromFinancingActivities": -28515400000, "totalCashFromFinancingActivities": 2694200000, "changeInCash": -466400000}, {"maxAge": 1, "endDate": "2017-03-31", "netIncome": -27561700000, "depreciation": 26816200000, "changeToNetincome": 4889300000, "changeToAccountReceivables": 2398800000, "changeToLiabilities": 12354000000, "changeToInventory": -11008500000, "changeToOperatingActivities": 13712900000, "totalCashFromOperatingActivities": 21601000000, "capitalExpenditures": -54542800000, "investments": -362200000, "otherCashflowsFromInvestingActivities": -38000000, "totalCashflowsFromInvestingActivities": -54667700000, "dividendsPaid": -2065300000, "netBorrowings": 58299500000, "otherCashflowsFromFinancingActivities": -25278200000, "totalCashFromFinancingActivities": 33021300000, "changeInCash": -45400000}], "maxAge": 86400}, "indexTrend": {"maxAge": 1, "symbol": "SP5", "peRatio": 19.7411, "pegRatio": 1.34172, "estimates": [{"period": "0q", "growth": 0.549}, {"period": "+1q", "growth": 0.431}, {"period": "0y", "growth": 0.305}, {"period": "+1y", "growth": 0.109}, {"period": "+5y", "growth": 0.120865}, {"period": "-5y"}]}, "defaultKeyStatistics": {"maxAge": 1, "priceHint": 2, "enterpriseValue": 912857104384, "forwardPE": 13.263041, "profitMargins": 0.053639997, "floatShares": 1433913490, "sharesOutstanding": 4130530048, "heldPercentInsiders": 0.64997, "heldPercentInstitutions": 0.16423, "beta": 1.84148, "category": null, "bookValue": 98.682, "priceToBook": 1.2109605, "fundFamily": null, "legalType": null, "lastFiscalYearEnd": "2020-03-31 05:30:00", "nextFiscalYearEnd": "2022-03-31 05:30:00", "mostRecentQuarter": "2020-12-31 05:30:00", "netIncomeToCommon": 33257699328, "trailingEps": 8.023, "forwardEps": 0.4, "pegRatio": 0.66, "lastSplitFactor": "5:1", "lastSplitDate": "2015-05-13 05:30:00", "enterpriseToRevenue": 1.472, "enterpriseToEbitda": 7.02}, "industryTrend": {"maxAge": 1, "symbol": null, "estimates": []}, "quoteType": {"exchange": "NSI", "quoteType": "EQUITY", "symbol": "SAIL.NS", "underlyingSymbol": "SAIL.NS", "shortName": "STEEL AUTHOR INDIA", "longName": "Steel Authority of India Limited", "firstTradeDateEpochUtc": "1996-01-01 09:15:00", "timeZoneFullName": "Asia/Kolkata", "timeZoneShortName": "IST", "uuid": "c4eba1de-97ef-37f1-a90c-47059f7f0571", "gmtOffSetMilliseconds": 19800000, "maxAge": 1}, "incomeStatementHistory": {"incomeStatementHistory": [{"maxAge": 1, "endDate": "2020-03-31", "totalRevenue": 616641600000, "costOfRevenue": 253574000000, "grossProfit": 363067600000, "researchDevelopment": {}, "sellingGeneralAdministrative": 88140100000, "nonRecurring": {}, "otherOperatingExpenses": 169771900000, "totalOperatingExpenses": 549043300000, "operatingIncome": 67598300000, "totalOtherIncomeExpenseNet": -34582500000, "ebit": 67598300000, "interestExpense": -33604300000, "incomeBeforeTax": 33015800000, "incomeTaxExpense": 11808700000, "minorityInterest": 100000, "netIncomeFromContinuingOps": 21207100000, "discontinuedOperations": {}, "extraordinaryItems": {}, "effectOfAccountingCharges": {}, "otherItems": {}, "netIncome": 21207100000, "netIncomeApplicableToCommonShares": 21207100000}, {"maxAge": 1, "endDate": "2019-03-31", "totalRevenue": 669735800000, "costOfRevenue": 311616900000, "grossProfit": 358118900000, "researchDevelopment": {}, "sellingGeneralAdministrative": 89316000000, "nonRecurring": {}, "otherOperatingExpenses": 169099200000, "totalOperatingExpenses": 603885500000, "operatingIncome": 65850300000, "totalOtherIncomeExpenseNet": -30357900000, "ebit": 65850300000, "interestExpense": -30941000000, "incomeBeforeTax": 35492400000, "incomeTaxExpense": 12005300000, "minorityInterest": 100000, "netIncomeFromContinuingOps": 23487100000, "discontinuedOperations": {}, "extraordinaryItems": {}, "effectOfAccountingCharges": {}, "otherItems": {}, "netIncome": 23487100000, "netIncomeApplicableToCommonShares": 23487100000}, {"maxAge": 1, "endDate": "2018-03-31", "totalRevenue": 575600200000, "costOfRevenue": 291220800000, "grossProfit": 284379400000, "researchDevelopment": {}, "sellingGeneralAdministrative": 89464800000, "nonRecurring": {}, "otherOperatingExpenses": 147662400000, "totalOperatingExpenses": 559007700000, "operatingIncome": 16592500000, "totalOtherIncomeExpenseNet": -21858800000, "ebit": 16592500000, "interestExpense": -29293900000, "incomeBeforeTax": -5266300000, "incomeTaxExpense": -2452300000, "minorityInterest": 100000, "netIncomeFromContinuingOps": -2814000000, "discontinuedOperations": {}, "extraordinaryItems": {}, "effectOfAccountingCharges": {}, "otherItems": {}, "netIncome": -2814000000, "netIncomeApplicableToCommonShares": -2814000000}, {"maxAge": 1, "endDate": "2017-03-31", "totalRevenue": 445017700000, "costOfRevenue": 224259000000, "grossProfit": 220758700000, "researchDevelopment": {}, "sellingGeneralAdministrative": 90245500000, "nonRecurring": {}, "otherOperatingExpenses": 129353600000, "totalOperatingExpenses": 470674300000, "operatingIncome": -25656600000, "totalOtherIncomeExpenseNet": -21500300000, "ebit": -25656600000, "interestExpense": -23308500000, "incomeBeforeTax": -47156900000, "incomeTaxExpense": -19595200000, "minorityInterest": 100000, "netIncomeFromContinuingOps": -27561700000, "discontinuedOperations": {}, "extraordinaryItems": {}, "effectOfAccountingCharges": {}, "otherItems": {}, "netIncome": -27561700000, "netIncomeApplicableToCommonShares": -27561700000}], "maxAge": 86400}, "fundOwnership": {"ownershipList": [{"maxAge": 1, "reportDate": "2021-01-31", "organization": "Vanguard International Stock Index-Total Intl Stock Indx", "pctHeld": 0.0036000002, "position": 14891572, "value": 858499125}, {"maxAge": 1, "reportDate": "2021-01-31", "organization": "Vanguard International Stock Index-Emerging Markets Stk", "pctHeld": 0.0033000002, "position": 13477445, "value": 776974704}, {"maxAge": 1, "reportDate": "2021-01-31", "organization": "Old Westbury Small & Mid Cap Strategies Fund", "pctHeld": 0.0015, "position": 6114280, "value": 352488242}, {"maxAge": 1, "reportDate": "2021-01-31", "organization": "DFA Emerging Markets Core Equity Portfolio", "pctHeld": 0.0013, "position": 5353246, "value": 308614631}, {"maxAge": 1, "reportDate": "2020-12-31", "organization": "PIMCO Equity Series-PIMCO RAE Emerging Markets Fd", "pctHeld": 0.0011999999, "position": 4916447, "value": 364308722}, {"maxAge": 1, "reportDate": "2021-01-31", "organization": "DFA Investment Dimensions-DFA Emerging Mkts Value", "pctHeld": 0.0011, "position": 4592630, "value": 264765119}, {"maxAge": 1, "reportDate": "2021-02-28", "organization": "WisdomTree Tr-WisdomTree India Earnings Fd", "pctHeld": 0.0008, "position": 3202373, "value": 245141653}, {"maxAge": 1, "reportDate": "2021-01-31", "organization": "DFA Emerging Markets Small Cap Series", "pctHeld": 0.0008, "position": 3171874, "value": 182858536}, {"maxAge": 1, "reportDate": "2021-01-31", "organization": "Vanguard Intl Equity Index Fds-FTSE All World ex U.S. Index Fund", "pctHeld": 0.0005, "position": 1887580, "value": 108818987}, {"maxAge": 1, "reportDate": "2021-02-28", "organization": "Schwab Strategic Tr-Schwab Emerging Markets Equity ETF", "pctHeld": 0.00029999999, "position": 1299120, "value": 99447636}], "maxAge": 1}, "summaryDetail": {"maxAge": 1, "priceHint": 2, "previousClose": 112.5, "open": 111.0, "dayLow": 109.25, "dayHigh": 121.35, "regularMarketPreviousClose": 112.5, "regularMarketOpen": 111.0, "regularMarketDayLow": 109.25, "regularMarketDayHigh": 121.35, "dividendRate": 1.0, "dividendYield": 0.0089, "exDividendDate": "2021-02-04 05:30:00", "payoutRatio": 0.0, "beta": 1.84148, "trailingPE": 14.894678, "forwardPE": 298.75, "volume": 211723112, "regularMarketVolume": 211723112, "averageVolume": 71098815, "averageVolume10days": 69596842, "averageDailyVolume10Day": 69596842, "bid": 0.0, "ask": 0.0, "bidSize": 0, "askSize": 0, "marketCap": 493158596608, "fiftyTwoWeekLow": 22.4, "fiftyTwoWeekHigh": 121.35, "priceToSalesTrailing12Months": 0.79541004, "fiftyDayAverage": 73.036766, "twoHundredDayAverage": 55.84078, "trailingAnnualDividendRate": 0.5, "trailingAnnualDividendYield": 0.0044444446, "currency": "INR", "fromCurrency": null, "lastMarket": null, "algorithm": null, "tradeable": false}, "insiderHolders": {"holders": [{"maxAge": 1, "name": "Life Insurance Corporation of India", "relation": "Institution- Corporation", "url": "", "transactionDescription": "Acquisition", "latestTransDate": "2014-12-05", "positionDirect": 525804384, "positionDirectDate": "2014-12-05"}, {"maxAge": 1, "name": "President of India", "relation": "Promoter", "url": "", "transactionDescription": "Sale", "latestTransDate": "2021-01-15", "positionDirect": 2684714921, "positionDirectDate": "2021-01-15"}], "maxAge": 1}, "calendarEvents": {"maxAge": 1, "earnings": {"earningsDate": [], "earningsAverage": 1.53, "earningsLow": 1.25, "earningsHigh": 1.8, "revenueAverage": 152651000000, "revenueLow": 152651000000, "revenueHigh": 152651000000}, "exDividendDate": "2021-02-04 05:30:00"}, "upgradeDowngradeHistory": {"history": [], "maxAge": 86400}, "price": {"maxAge": 1, "regularMarketChangePercent": 0.062222224, "regularMarketChange": 7.0, "regularMarketTime": "2021-04-30 15:29:59", "priceHint": 2, "regularMarketPrice": 119.5, "regularMarketDayHigh": 121.35, "regularMarketDayLow": 109.25, "regularMarketVolume": 211723112, "averageDailyVolume10Day": 69596842, "averageDailyVolume3Month": 71098815, "regularMarketPreviousClose": 112.5, "regularMarketSource": "FREE_REALTIME", "regularMarketOpen": 111.0, "exchange": "NSI", "exchangeName": "NSE", "exchangeDataDelayedBy": 15, "marketState": "CLOSED", "quoteType": "EQUITY", "symbol": "SAIL.NS", "underlyingSymbol": null, "shortName": "STEEL AUTHOR INDIA", "longName": "Steel Authority of India Limited", "currency": "INR", "quoteSourceName": "Delayed Quote", "currencySymbol": "\u20b9", "fromCurrency": null, "lastMarket": null, "marketCap": 493158596608}, "balanceSheetHistory": {"balanceSheetStatements": [{"maxAge": 1, "endDate": "2020-03-31", "cash": 1905400000, "shortTermInvestments": 446600000, "netReceivables": 120302000000, "inventory": 238362700000, "otherCurrentAssets": 49917200000, "totalCurrentAssets": 411254600000, "longTermInvestments": 32461300000, "propertyPlantEquipment": 762762200000, "intangibleAssets": 14436100000, "otherAssets": 48362200000, "deferredLongTermAssetCharges": 20221700000, "totalAssets": 1269276400000, "accountsPayable": 63223700000, "shortLongTermDebt": 26024000000, "otherCurrentLiab": 148280200000, "longTermDebt": 326998400000, "otherLiab": 58925300000, "minorityInterest": 100000, "totalCurrentLiabilities": 449648400000, "totalLiab": 854174000000, "commonStock": 41305300000, "retainedEarnings": 348980600000, "treasuryStock": 22465400000, "capitalSurplus": 2351000000, "otherStockholderEquity": 22465400000, "totalStockholderEquity": 415102300000, "netTangibleAssets": 400666200000}, {"maxAge": 1, "endDate": "2019-03-31", "cash": 655800000, "shortTermInvestments": 372800000, "netReceivables": 83054200000, "inventory": 195103300000, "otherCurrentAssets": 44432100000, "totalCurrentAssets": 323930500000, "longTermInvestments": 29750200000, "propertyPlantEquipment": 758778200000, "intangibleAssets": 14511400000, "otherAssets": 52552700000, "deferredLongTermAssetCharges": 28667700000, "totalAssets": 1179523000000, "accountsPayable": 72252400000, "shortLongTermDebt": 36077100000, "otherCurrentLiab": 151175600000, "longTermDebt": 294716100000, "otherLiab": 58862700000, "minorityInterest": 100000, "totalCurrentLiabilities": 416172100000, "totalLiab": 783061400000, "commonStock": 41305300000, "retainedEarnings": 325707700000, "treasuryStock": 27097500000, "capitalSurplus": 2351000000, "otherStockholderEquity": 27097500000, "totalStockholderEquity": 396461500000, "netTangibleAssets": 381950100000}, {"maxAge": 1, "endDate": "2018-03-31", "cash": 940000000, "shortTermInvestments": 770400000, "netReceivables": 86932300000, "inventory": 170243000000, "otherCurrentAssets": 38364300000, "totalCurrentAssets": 297494200000, "longTermInvestments": 26290500000, "propertyPlantEquipment": 755049700000, "intangibleAssets": 14550300000, "otherAssets": 61025000000, "deferredLongTermAssetCharges": 41619800000, "totalAssets": 1154409700000, "accountsPayable": 75266400000, "shortLongTermDebt": 32717100000, "otherCurrentLiab": 151879000000, "longTermDebt": 284239100000, "otherLiab": 52984900000, "minorityInterest": 100000, "totalCurrentLiabilities": 434186600000, "totalLiab": 784943100000, "commonStock": 41305300000, "retainedEarnings": 296659500000, "treasuryStock": 29150700000, "capitalSurplus": 2351000000, "otherStockholderEquity": 29150700000, "totalStockholderEquity": 369466500000, "netTangibleAssets": 354916200000}, {"maxAge": 1, "endDate": "2017-03-31", "cash": 1406400000, "shortTermInvestments": 703500000, "netReceivables": 58391800000, "inventory": 157360900000, "otherCurrentAssets": 38653500000, "totalCurrentAssets": 256882400000, "longTermInvestments": 24754600000, "propertyPlantEquipment": 719949400000, "intangibleAssets": 15225800000, "otherAssets": 59340200000, "deferredLongTermAssetCharges": 38487500000, "totalAssets": 1076152400000, "accountsPayable": 52184100000, "shortLongTermDebt": 23817400000, "otherCurrentLiab": 153626800000, "longTermDebt": 177321000000, "otherLiab": 51209800000, "minorityInterest": 100000, "totalCurrentLiabilities": 463645100000, "totalLiab": 705729700000, "commonStock": 41305300000, "retainedEarnings": 301444800000, "treasuryStock": 25321500000, "capitalSurplus": 2351000000, "otherStockholderEquity": 25321500000, "totalStockholderEquity": 370422600000, "netTangibleAssets": 355196800000}], "maxAge": 86400}, "earningsTrend": {"trend": [{"maxAge": 1, "period": "0q", "endDate": "2018-06-30", "growth": 1.7889999, "earningsEstimate": {"avg": 1.53, "low": 1.25, "high": 1.8, "yearAgoEps": -1.94, "numberOfAnalysts": 2, "growth": 1.7889999}, "revenueEstimate": {"avg": 152651000000, "low": 152651000000, "high": 152651000000, "numberOfAnalysts": 1, "yearAgoRevenue": 115796000000, "growth": 0.318}, "epsTrend": {"current": 1.53, "7daysAgo": 1.53, "30daysAgo": 0.96, "60daysAgo": 0.96, "90daysAgo": 0.96}, "epsRevisions": {"upLast7days": 0, "upLast30days": 1, "downLast30days": 0, "downLast90days": {}}}, {"maxAge": 1, "period": "+1q", "endDate": "2018-09-30", "growth": 3.322, "earningsEstimate": {"avg": 1.37, "low": 1.37, "high": 1.37, "yearAgoEps": -0.59, "numberOfAnalysts": 1, "growth": 3.322}, "revenueEstimate": {"avg": 0, "low": 0, "high": 0, "numberOfAnalysts": 0, "yearAgoRevenue": {}, "growth": {}}, "epsTrend": {"current": 1.37, "7daysAgo": 1.37, "30daysAgo": 1.06, "60daysAgo": 1.06, "90daysAgo": 1.06}, "epsRevisions": {"upLast7days": 0, "upLast30days": 1, "downLast30days": 0, "downLast90days": {}}}, {"maxAge": 1, "period": "0y", "endDate": "2019-03-31", "growth": 5.675, "earningsEstimate": {"avg": 5.75, "low": 2.73, "high": 10.24, "yearAgoEps": -1.23, "numberOfAnalysts": 13, "growth": 5.675}, "revenueEstimate": {"avg": 674875000000, "low": 645380000000, "high": 746088000000, "numberOfAnalysts": 12, "yearAgoRevenue": 575585000000, "growth": 0.173}, "epsTrend": {"current": 5.75, "7daysAgo": 5.04, "30daysAgo": 4.95, "60daysAgo": 4.16, "90daysAgo": 4.22}, "epsRevisions": {"upLast7days": 0, "upLast30days": 1, "downLast30days": 0, "downLast90days": {}}}, {"maxAge": 1, "period": "+1y", "endDate": "2020-03-31", "growth": 0.56700003, "earningsEstimate": {"avg": 9.01, "low": 5.71, "high": 13.5, "yearAgoEps": 5.75, "numberOfAnalysts": 12, "growth": 0.56700003}, "revenueEstimate": {"avg": 735723000000, "low": 688700000000, "high": 815007000000, "numberOfAnalysts": 12, "yearAgoRevenue": 674875000000, "growth": 0.09}, "epsTrend": {"current": 9.01, "7daysAgo": 9.01, "30daysAgo": 9.01, "60daysAgo": 8.45, "90daysAgo": 8.66}, "epsRevisions": {"upLast7days": 0, "upLast30days": 0, "downLast30days": 0, "downLast90days": {}}}, {"maxAge": 1, "period": "+5y", "endDate": null, "growth": 0.198, "earningsEstimate": {"avg": {}, "low": {}, "high": {}, "yearAgoEps": {}, "numberOfAnalysts": {}, "growth": {}}, "revenueEstimate": {"avg": {}, "low": {}, "high": {}, "numberOfAnalysts": {}, "yearAgoRevenue": {}, "growth": {}}, "epsTrend": {"current": {}, "7daysAgo": {}, "30daysAgo": {}, "60daysAgo": {}, "90daysAgo": {}}, "epsRevisions": {"upLast7days": {}, "upLast30days": {}, "downLast30days": {}, "downLast90days": {}}}, {"maxAge": 1, "period": "-5y", "endDate": null, "growth": -0.06276, "earningsEstimate": {"avg": {}, "low": {}, "high": {}, "yearAgoEps": {}, "numberOfAnalysts": {}, "growth": {}}, "revenueEstimate": {"avg": {}, "low": {}, "high": {}, "numberOfAnalysts": {}, "yearAgoRevenue": {}, "growth": {}}, "epsTrend": {"current": {}, "7daysAgo": {}, "30daysAgo": {}, "60daysAgo": {}, "90daysAgo": {}}, "epsRevisions": {"upLast7days": {}, "upLast30days": {}, "downLast30days": {}, "downLast90days": {}}}], "maxAge": 1}, "institutionOwnership": {"ownershipList": [], "maxAge": 1}, "majorHoldersBreakdown": {"maxAge": 1, "insidersPercentHeld": 0.64997, "institutionsPercentHeld": 0.16423, "institutionsFloatPercentHeld": 0.46919, "institutionsCount": 50}, "balanceSheetHistoryQuarterly": {"balanceSheetStatements": [{"maxAge": 1, "endDate": "2020-12-31", "totalStockholderEquity": 406383100000, "netTangibleAssets": 392039300000}, {"maxAge": 1, "endDate": "2020-09-30", "cash": 3387700000, "shortTermInvestments": 22982800000, "netReceivables": 82878100000, "inventory": 207028500000, "otherCurrentAssets": 60983700000, "totalCurrentAssets": 377260800000, "longTermInvestments": 35474500000, "propertyPlantEquipment": 750146600000, "intangibleAssets": 14343800000, "otherAssets": 48764400000, "deferredLongTermAssetCharges": 25030100000, "totalAssets": 1225990100000, "accountsPayable": 68462200000, "otherCurrentLiab": 217900300000, "longTermDebt": 282666600000, "otherLiab": 58701500000, "minorityInterest": 100000, "totalCurrentLiabilities": 478238800000, "totalLiab": 819606900000, "commonStock": 41305300000, "treasuryStock": 365077800000, "otherStockholderEquity": 365077800000, "totalStockholderEquity": 406383100000, "netTangibleAssets": 392039300000}, {"maxAge": 1, "endDate": "2020-06-30", "totalStockholderEquity": 415102300000, "netTangibleAssets": 400666200000}, {"maxAge": 1, "endDate": "2020-03-31", "cash": 1905400000, "shortTermInvestments": 446600000, "netReceivables": 120302000000, "inventory": 238362700000, "otherCurrentAssets": 49917200000, "totalCurrentAssets": 411254600000, "longTermInvestments": 32461300000, "propertyPlantEquipment": 762762200000, "intangibleAssets": 14436100000, "otherAssets": 48362200000, "deferredLongTermAssetCharges": 20221700000, "totalAssets": 1269276400000, "accountsPayable": 63223700000, "shortLongTermDebt": 26024000000, "otherCurrentLiab": 148280200000, "longTermDebt": 326998400000, "otherLiab": 58925300000, "minorityInterest": 100000, "totalCurrentLiabilities": 449648400000, "totalLiab": 854174000000, "commonStock": 41305300000, "retainedEarnings": 348980600000, "treasuryStock": 22465400000, "capitalSurplus": 2351000000, "otherStockholderEquity": 22465400000, "totalStockholderEquity": 415102300000, "netTangibleAssets": 400666200000}], "maxAge": 86400}, "earningsHistory": {"history": [{"maxAge": 1, "epsActual": -1.94, "epsEstimate": -1.49, "epsDifference": -0.45, "surprisePercent": -0.30200002, "quarter": "2017-06-30", "period": "-4q"}, {"maxAge": 1, "epsActual": -0.59, "epsEstimate": -0.44, "epsDifference": -0.15, "surprisePercent": -0.341, "quarter": "2017-09-30", "period": "-3q"}, {"maxAge": 1, "epsActual": 0.2, "epsEstimate": -0.11, "epsDifference": 0.31, "surprisePercent": 2.8179998, "quarter": "2017-12-31", "period": "-2q"}, {"maxAge": 1, "epsActual": 1.06, "epsEstimate": 1.48, "epsDifference": -0.42, "surprisePercent": -0.284, "quarter": "2018-03-31", "period": "-1q"}], "maxAge": 86400}, "summaryProfile": {"address1": "Ispat Bhawan", "address2": "Lodi Road", "city": "New Delhi", "zip": "110003", "country": "India", "phone": "91 11 2436 7481", "fax": "91 11 2436 7015", "website": "http://sail.co.in", "industry": "Steel", "sector": "Basic Materials", "longBusinessSummary": "Steel Authority of India Limited, a steel-making company, manufactures and sells iron and steel products in India and internationally. It offers rails, long rails, blooms, billets, slabs, channels, joists, angles, TMT rebars, wire rods, crane rails, plates, pig iron, and coal chemicals; and narrow slabs, wheels and axles, plate mill plates, HR plates, HR coils, CR sheets/coils, plain and corrugated galvanized sheets, ERW pipes, spiral weld pipes, and CRNO. The company also provides GP and GC sheets, galvanized steel, HRPO, bars and rebars, Z-bars, MS archs, cold rolled stainless steel, hot rolled carbon and stainless steel products, micro-alloyed carbon steel, and alloy steel squares and rounds. In addition, it offers wear resistant plates, forgings, carne wheels, forged rolls/plates, stainless steel slabs, special steel, and rolled and forged alloy products; and high/medium/low carbon ferro-manganese and silico-manganese products. The company was founded in 1954 and is based in New Delhi, India.", "fullTimeEmployees": 69379, "companyOfficers": [], "maxAge": 86400}, "netSharePurchaseActivity": {"maxAge": 1, "period": "6m", "buyInfoCount": 0, "buyInfoShares": 0, "sellInfoCount": 0, "netInfoCount": 0, "netInfoShares": 0, "netPercentInsiderShares": 0.0, "totalInsiderShares": 2684720640}, "insiderTransactions": {"transactions": [{"maxAge": 1, "shares": 413052528, "value": 374803863, "filerUrl": "", "transactionText": "Sale at price 0.91 per share.", "filerName": "President of India", "filerRelation": "Promoter", "moneyText": "", "startDate": "2021-01-15", "ownership": "D"}, {"maxAge": 1, "shares": 148689362, "filerUrl": "", "transactionText": "", "filerName": "Life Insurance Corporation of India", "filerRelation": "Institution- Corporation", "moneyText": "", "startDate": "2014-12-05", "ownership": "D"}], "maxAge": 1}, "sectorTrend": {"maxAge": 1, "symbol": null, "estimates": []}, "incomeStatementHistoryQuarterly": {"incomeStatementHistory": [{"maxAge": 1, "endDate": "2020-12-31", "totalRevenue": 198357100000, "costOfRevenue": 75363800000, "grossProfit": 122993300000, "researchDevelopment": {}, "sellingGeneralAdministrative": 23473400000, "nonRecurring": {}, "otherOperatingExpenses": 48715600000, "totalOperatingExpenses": 157367200000, "operatingIncome": 40989900000, "totalOtherIncomeExpenseNet": -2843100000, "ebit": 40989900000, "interestExpense": -6700900000, "incomeBeforeTax": 38146800000, "incomeTaxExpense": 23464800000, "minorityInterest": {}, "netIncomeFromContinuingOps": 14682000000, "discontinuedOperations": {}, "extraordinaryItems": {}, "effectOfAccountingCharges": {}, "otherItems": {}, "netIncome": 14682000000, "netIncomeApplicableToCommonShares": 14682000000}, {"maxAge": 1, "endDate": "2020-09-30", "totalRevenue": 169254900000, "costOfRevenue": 87416100000, "grossProfit": 81838800000, "researchDevelopment": {}, "sellingGeneralAdministrative": 20426600000, "nonRecurring": {}, "otherOperatingExpenses": 42389900000, "totalOperatingExpenses": 160132600000, "operatingIncome": 9122300000, "totalOtherIncomeExpenseNet": -2520000000, "ebit": 9122300000, "interestExpense": -7203700000, "incomeBeforeTax": 6602300000, "incomeTaxExpense": 2237100000, "minorityInterest": 100000, "netIncomeFromContinuingOps": 4365200000, "discontinuedOperations": {}, "extraordinaryItems": {}, "effectOfAccountingCharges": {}, "otherItems": {}, "netIncome": 4365200000, "netIncomeApplicableToCommonShares": 4365200000}, {"maxAge": 1, "endDate": "2020-06-30", "totalRevenue": 90675200000, "costOfRevenue": 40470000000, "grossProfit": 50205200000, "researchDevelopment": {}, "sellingGeneralAdministrative": 19968200000, "nonRecurring": {}, "otherOperatingExpenses": 34215100000, "totalOperatingExpenses": 104388100000, "operatingIncome": -13712900000, "totalOtherIncomeExpenseNet": -5589400000, "ebit": -13712900000, "interestExpense": -8862900000, "incomeBeforeTax": -19302300000, "incomeTaxExpense": -7037600000, "minorityInterest": 100000, "netIncomeFromContinuingOps": -12264700000, "discontinuedOperations": {}, "extraordinaryItems": {}, "effectOfAccountingCharges": {}, "otherItems": {}, "netIncome": -12264700000, "netIncomeApplicableToCommonShares": -12264700000}, {"maxAge": 1, "endDate": "2020-03-31", "totalRevenue": 161718300000, "costOfRevenue": 31858800000, "grossProfit": 129859500000, "researchDevelopment": {}, "sellingGeneralAdministrative": 27721400000, "nonRecurring": {}, "otherOperatingExpenses": 34601700000, "totalOperatingExpenses": 104736500000, "operatingIncome": 56981800000, "totalOtherIncomeExpenseNet": -15952300000, "ebit": 56981800000, "interestExpense": -7823000000, "incomeBeforeTax": 41029500000, "incomeTaxExpense": 14554300000, "minorityInterest": 100000, "netIncomeFromContinuingOps": 26475200000, "discontinuedOperations": {}, "extraordinaryItems": {}, "effectOfAccountingCharges": {}, "otherItems": {}, "netIncome": 26475200000, "netIncomeApplicableToCommonShares": 26475200000}], "maxAge": 86400}, "cashflowStatementHistoryQuarterly": {"cashflowStatements": [{"maxAge": 1, "endDate": "2020-12-31", "netIncome": 14682000000, "changeToLiabilities": 0}, {"maxAge": 1, "endDate": "2020-09-30", "netIncome": 4365200000, "changeToLiabilities": 0}, {"maxAge": 1, "endDate": "2020-06-30", "netIncome": -12264700000, "changeToLiabilities": 0}, {"maxAge": 1, "endDate": "2020-03-31", "netIncome": 26475200000, "changeToLiabilities": 0}], "maxAge": 86400}, "earnings": {"maxAge": 86400, "earningsChart": {"quarterly": [{"date": "2Q2017", "actual": -1.94, "estimate": -1.49}, {"date": "3Q2017", "actual": -0.59, "estimate": -0.44}, {"date": "4Q2017", "actual": 0.2, "estimate": -0.11}, {"date": "1Q2018", "actual": 1.06, "estimate": 1.48}], "currentQuarterEstimate": 1.53, "currentQuarterEstimateDate": "2Q", "currentQuarterEstimateYear": 2018, "earningsDate": []}, "financialsChart": {"yearly": [{"date": 2017, "revenue": 445017700000, "earnings": -27561700000}, {"date": 2018, "revenue": 575600200000, "earnings": -2814000000}, {"date": 2019, "revenue": 669735800000, "earnings": 23487100000}, {"date": 2020, "revenue": 616641600000, "earnings": 21207100000}], "quarterly": [{"date": "1Q2020", "revenue": 161718300000, "earnings": 26475200000}, {"date": "2Q2020", "revenue": 90675200000, "earnings": -12264700000}, {"date": "3Q2020", "revenue": 169254900000, "earnings": 4365200000}, {"date": "4Q2020", "revenue": 198357100000, "earnings": 14682000000}]}, "financialCurrency": "INR"}, "financialData": {"maxAge": 86400, "currentPrice": 119.5, "targetHighPrice": 130.0, "targetLowPrice": 52.0, "targetMeanPrice": 83.47, "targetMedianPrice": 85.0, "recommendationMean": 3.2, "recommendationKey": "hold", "numberOfAnalystOpinions": 19, "totalCash": 26370500608, "totalCashPerShare": 6.384, "ebitda": 130037301248, "totalDebt": 474542899200, "totalRevenue": 620005490688, "debtToEquity": 116.772, "revenuePerShare": 149.561, "grossProfits": 363067600000, "revenueGrowth": 0.199, "grossMargins": 0.6208, "ebitdaMargins": 0.20974001, "operatingMargins": 0.15061, "profitMargins": 0.053639997, "financialCurrency": "INR"}}}