{"SAINTGOBAIN.BO": {"recommendationTrend": {"trend": [{"period": "0m", "strongBuy": 0, "buy": 0, "hold": 0, "sell": 0, "strongSell": 0}, {"period": "-1m", "strongBuy": 0, "buy": 0, "hold": 0, "sell": 0, "strongSell": 0}, {"period": "-2m", "strongBuy": 0, "buy": 0, "hold": 0, "sell": 0, "strongSell": 0}, {"period": "-3m", "strongBuy": 0, "buy": 0, "hold": 0, "sell": 0, "strongSell": 0}], "maxAge": 86400}, "cashflowStatementHistory": {"cashflowStatements": [{"maxAge": 1, "endDate": "2020-03-31", "netIncome": 134141000, "depreciation": 75751000, "changeToNetincome": -67279000, "changeToAccountReceivables": 41250000, "changeToLiabilities": 16711000, "changeToInventory": 18171000, "changeToOperatingActivities": 51864000, "totalCashFromOperatingActivities": 270625000, "capitalExpenditures": -25520000, "investments": -255915000, "otherCashflowsFromInvestingActivities": 12284000, "totalCashflowsFromInvestingActivities": -269151000, "netBorrowings": -13054000, "otherCashflowsFromFinancingActivities": -1619000, "totalCashFromFinancingActivities": -14673000, "changeInCash": -13199000}, {"maxAge": 1, "endDate": "2019-03-31", "netIncome": 160773000, "depreciation": 84861000, "changeToNetincome": -48718000, "changeToAccountReceivables": 24381000, "changeToLiabilities": 66936000, "changeToInventory": -35317000, "changeToOperatingActivities": -17198000, "totalCashFromOperatingActivities": 235880000, "capitalExpenditures": -26795000, "investments": -187531000, "otherCashflowsFromInvestingActivities": -1000, "totalCashflowsFromInvestingActivities": -214327000, "netBorrowings": -10610000, "otherCashflowsFromFinancingActivities": -3019000, "totalCashFromFinancingActivities": -13629000, "changeInCash": 7924000}, {"maxAge": 1, "endDate": "2018-03-31", "netIncome": 137745000, "depreciation": 85989000, "changeToNetincome": 19413000, "changeToAccountReceivables": -87854000, "changeToLiabilities": -12197000, "changeToInventory": 17726000, "changeToOperatingActivities": 4054000, "totalCashFromOperatingActivities": 165081000, "capitalExpenditures": -19339000, "investments": -177556000, "otherCashflowsFromInvestingActivities": -1000, "totalCashflowsFromInvestingActivities": -183437000, "netBorrowings": 23555000, "otherCashflowsFromFinancingActivities": -1377000, "totalCashFromFinancingActivities": 22178000, "changeInCash": 3820000}, {"maxAge": 1, "endDate": "2017-03-31", "netIncome": 67681000, "depreciation": 77169000, "changeToNetincome": -15769000, "changeToAccountReceivables": -1818000, "changeToLiabilities": -35463000, "changeToInventory": 7094000, "changeToOperatingActivities": -27512000, "totalCashFromOperatingActivities": 71587000, "capitalExpenditures": -93745000, "investments": -67783000, "otherCashflowsFromInvestingActivities": -1000, "totalCashflowsFromInvestingActivities": -75206000, "netBorrowings": 9380000, "otherCashflowsFromFinancingActivities": -2899000, "totalCashFromFinancingActivities": 6481000, "changeInCash": 2862000}], "maxAge": 86400}, "institutionOwnership": {"ownershipList": [], "maxAge": 1}, "balanceSheetHistoryQuarterly": {"balanceSheetStatements": [{"maxAge": 1, "endDate": "2020-03-31", "cash": 3963000, "netReceivables": 179979000, "inventory": 110354000, "otherCurrentAssets": 26201000, "totalCurrentAssets": 1293150000, "propertyPlantEquipment": 253585000, "intangibleAssets": 203000, "otherAssets": 27991000, "deferredLongTermAssetCharges": 11847000, "totalAssets": 1574929000, "accountsPayable": 160101000, "otherCurrentLiab": 42407000, "otherLiab": 32862000, "totalCurrentLiabilities": 248904000, "totalLiab": 282623000, "commonStock": 911057000, "retainedEarnings": 267990000, "treasuryStock": 11000, "capitalSurplus": 113248000, "otherStockholderEquity": 11000, "totalStockholderEquity": 1292306000, "netTangibleAssets": 1292103000}, {"maxAge": 1, "endDate": "2019-12-31", "totalStockholderEquity": 1219432000, "netTangibleAssets": 1219404000}, {"maxAge": 1, "endDate": "2019-09-30", "cash": 159188000, "shortTermInvestments": 704067000, "netReceivables": 185651000, "inventory": 126294000, "otherCurrentAssets": 40517000, "totalCurrentAssets": 1215717000, "propertyPlantEquipment": 274477000, "intangibleAssets": 28000, "otherAssets": 23130000, "deferredLongTermAssetCharges": 9192000, "totalAssets": 1513352000, "accountsPayable": 164210000, "otherCurrentLiab": 71516000, "otherLiab": 26297000, "totalCurrentLiabilities": 265712000, "totalLiab": 293920000, "commonStock": 911057000, "treasuryStock": 308375000, "otherStockholderEquity": 308375000, "totalStockholderEquity": 1219432000, "netTangibleAssets": 1219404000}, {"maxAge": 1, "endDate": "2019-06-30", "totalStockholderEquity": 1163168000, "netTangibleAssets": 1163168000}], "maxAge": 86400}, "earningsHistory": {"history": [{"maxAge": 1, "epsActual": {}, "epsEstimate": {}, "epsDifference": {}, "surprisePercent": {}, "quarter": {}, "period": "-4q"}, {"maxAge": 1, "epsActual": {}, "epsEstimate": {}, "epsDifference": {}, "surprisePercent": {}, "quarter": {}, "period": "-3q"}, {"maxAge": 1, "epsActual": {}, "epsEstimate": {}, "epsDifference": {}, "surprisePercent": {}, "quarter": {}, "period": "-2q"}, {"maxAge": 1, "epsActual": {}, "epsEstimate": {}, "epsDifference": {}, "surprisePercent": {}, "quarter": {}, "period": "-1q"}], "maxAge": 86400}, "indexTrend": {"maxAge": 1, "symbol": "SP5", "peRatio": 19.7411, "pegRatio": 1.34172, "estimates": [{"period": "0q", "growth": 0.549}, {"period": "+1q", "growth": 0.431}, {"period": "0y", "growth": 0.305}, {"period": "+1y", "growth": 0.109}, {"period": "+5y", "growth": 0.120859005}, {"period": "-5y"}]}, "industryTrend": {"maxAge": 1, "symbol": null, "estimates": []}, "quoteType": {"exchange": "BSE", "quoteType": "EQUITY", "symbol": "SAINTGOBAIN.BO", "underlyingSymbol": "SAINTGOBAIN.BO", "shortName": "SAINT-GOBAIN SEKURIT INDIA LTD", "longName": "Saint-Gobain Sekurit India Limited", "firstTradeDateEpochUtc": "2000-06-28 09:15:00", "timeZoneFullName": "Asia/Kolkata", "timeZoneShortName": "IST", "uuid": "afcc20c1-d419-3d45-98ca-51f57978f36e", "gmtOffSetMilliseconds": 19800000, "maxAge": 1}, "incomeStatementHistory": {"incomeStatementHistory": [{"maxAge": 1, "endDate": "2020-03-31", "totalRevenue": 1349845000, "costOfRevenue": 625274000, "grossProfit": 724571000, "researchDevelopment": {}, "sellingGeneralAdministrative": 124407000, "nonRecurring": {}, "otherOperatingExpenses": 399936000, "totalOperatingExpenses": 1225384000, "operatingIncome": 124461000, "totalOtherIncomeExpenseNet": 54156000, "ebit": 124461000, "interestExpense": -869000, "incomeBeforeTax": 178617000, "incomeTaxExpense": 44476000, "minorityInterest": {}, "netIncomeFromContinuingOps": 134141000, "discontinuedOperations": {}, "extraordinaryItems": {}, "effectOfAccountingCharges": {}, "otherItems": {}, "netIncome": 134141000, "netIncomeApplicableToCommonShares": 134141000}, {"maxAge": 1, "endDate": "2019-03-31", "totalRevenue": 1597628000, "costOfRevenue": 741980000, "grossProfit": 855648000, "researchDevelopment": {}, "sellingGeneralAdministrative": 122664000, "nonRecurring": {}, "otherOperatingExpenses": 464193000, "totalOperatingExpenses": 1413864000, "operatingIncome": 183764000, "totalOtherIncomeExpenseNet": 42607000, "ebit": 183764000, "interestExpense": -605000, "incomeBeforeTax": 226371000, "incomeTaxExpense": 65598000, "minorityInterest": {}, "netIncomeFromContinuingOps": 160773000, "discontinuedOperations": {}, "extraordinaryItems": {}, "effectOfAccountingCharges": {}, "otherItems": {}, "netIncome": 160773000, "netIncomeApplicableToCommonShares": 160773000}, {"maxAge": 1, "endDate": "2018-03-31", "totalRevenue": 1464272000, "costOfRevenue": 678811000, "grossProfit": 785461000, "researchDevelopment": {}, "sellingGeneralAdministrative": 112293000, "nonRecurring": {}, "otherOperatingExpenses": 400212000, "totalOperatingExpenses": 1277510000, "operatingIncome": 186762000, "totalOtherIncomeExpenseNet": 22980000, "ebit": 186762000, "interestExpense": -435000, "incomeBeforeTax": 209742000, "incomeTaxExpense": 71997000, "minorityInterest": {}, "netIncomeFromContinuingOps": 137745000, "discontinuedOperations": {}, "extraordinaryItems": {}, "effectOfAccountingCharges": {}, "otherItems": {}, "netIncome": 137745000, "netIncomeApplicableToCommonShares": 137745000}, {"maxAge": 1, "endDate": "2017-03-31", "totalRevenue": 1234655000, "costOfRevenue": 599750000, "grossProfit": 634905000, "researchDevelopment": {}, "sellingGeneralAdministrative": 114393000, "nonRecurring": {}, "otherOperatingExpenses": 353261000, "totalOperatingExpenses": 1144778000, "operatingIncome": 89877000, "totalOtherIncomeExpenseNet": 13828000, "ebit": 89877000, "interestExpense": -279000, "incomeBeforeTax": 103705000, "incomeTaxExpense": 36024000, "minorityInterest": {}, "netIncomeFromContinuingOps": 67681000, "discontinuedOperations": {}, "extraordinaryItems": {}, "effectOfAccountingCharges": {}, "otherItems": {}, "netIncome": 67681000, "netIncomeApplicableToCommonShares": 67681000}], "maxAge": 86400}, "fundOwnership": {"ownershipList": [], "maxAge": 1}, "summaryDetail": {"maxAge": 1, "priceHint": 2, "previousClose": 63.4, "open": 63.4, "dayLow": 63.0, "dayHigh": 64.5, "regularMarketPreviousClose": 63.4, "regularMarketOpen": 63.4, "regularMarketDayLow": 63.0, "regularMarketDayHigh": 64.5, "trailingPE": 43.605442, "volume": 67196, "regularMarketVolume": 67196, "averageVolume": 159670, "averageVolume10days": 71382, "averageDailyVolume10Day": 71382, "bid": 63.85, "ask": 64.4, "bidSize": 0, "askSize": 0, "marketCap": 5839875072, "fiftyTwoWeekLow": 26.0, "fiftyTwoWeekHigh": 75.9, "fiftyDayAverage": 64.818184, "twoHundredDayAverage": 59.023163, "currency": "INR", "fromCurrency": null, "lastMarket": null, "algorithm": null, "tradeable": false}, "sectorTrend": {"maxAge": 1, "symbol": null, "estimates": []}, "incomeStatementHistoryQuarterly": {"incomeStatementHistory": [{"maxAge": 1, "endDate": "2020-03-31", "totalRevenue": 260239000, "costOfRevenue": 18376000, "grossProfit": 241863000, "researchDevelopment": {}, "sellingGeneralAdministrative": 37824000, "nonRecurring": {}, "otherOperatingExpenses": 156923000, "totalOperatingExpenses": 231051000, "operatingIncome": 29188000, "totalOtherIncomeExpenseNet": 1156000, "ebit": 29188000, "interestExpense": -240000, "incomeBeforeTax": 30344000, "incomeTaxExpense": 5892000, "minorityInterest": {}, "netIncomeFromContinuingOps": 24452000, "discontinuedOperations": {}, "extraordinaryItems": {}, "effectOfAccountingCharges": {}, "otherItems": {}, "netIncome": 24452000, "netIncomeApplicableToCommonShares": 24452000}, {"maxAge": 1, "endDate": "2019-12-31", "totalRevenue": 375283000, "costOfRevenue": 199910000, "grossProfit": 175373000, "researchDevelopment": {}, "sellingGeneralAdministrative": 28048000, "nonRecurring": {}, "otherOperatingExpenses": 75056000, "totalOperatingExpenses": 321840000, "operatingIncome": 53443000, "totalOtherIncomeExpenseNet": 15319000, "ebit": 53443000, "interestExpense": -222000, "incomeBeforeTax": 68762000, "incomeTaxExpense": 16616000, "minorityInterest": {}, "netIncomeFromContinuingOps": 52146000, "discontinuedOperations": {}, "extraordinaryItems": {}, "effectOfAccountingCharges": {}, "otherItems": {}, "netIncome": 52146000, "netIncomeApplicableToCommonShares": 52146000}, {"maxAge": 1, "endDate": "2019-09-30", "totalRevenue": 355463000, "costOfRevenue": 195304000, "grossProfit": 160159000, "researchDevelopment": {}, "sellingGeneralAdministrative": 30378000, "nonRecurring": {}, "otherOperatingExpenses": 84028000, "totalOperatingExpenses": 329140000, "operatingIncome": 26323000, "totalOtherIncomeExpenseNet": 20554000, "ebit": 26323000, "interestExpense": -293000, "incomeBeforeTax": 46877000, "incomeTaxExpense": 11704000, "minorityInterest": {}, "netIncomeFromContinuingOps": 35173000, "discontinuedOperations": {}, "extraordinaryItems": {}, "effectOfAccountingCharges": {}, "otherItems": {}, "netIncome": 35173000, "netIncomeApplicableToCommonShares": 35173000}, {"maxAge": 1, "endDate": "2019-06-30", "totalRevenue": 359328000, "costOfRevenue": 211684000, "grossProfit": 147644000, "researchDevelopment": {}, "sellingGeneralAdministrative": 28157000, "nonRecurring": {}, "otherOperatingExpenses": 84397000, "totalOperatingExpenses": 343821000, "operatingIncome": 15507000, "totalOtherIncomeExpenseNet": 17127000, "ebit": 15507000, "interestExpense": -114000, "incomeBeforeTax": 32634000, "incomeTaxExpense": 10264000, "minorityInterest": {}, "netIncomeFromContinuingOps": 22370000, "discontinuedOperations": {}, "extraordinaryItems": {}, "effectOfAccountingCharges": {}, "otherItems": {}, "netIncome": 22370000, "netIncomeApplicableToCommonShares": 22370000}], "maxAge": 86400}, "cashflowStatementHistoryQuarterly": {"cashflowStatements": [{"maxAge": 1, "endDate": "2020-03-31", "netIncome": 24452000, "changeToLiabilities": 0}, {"maxAge": 1, "endDate": "2019-12-31", "netIncome": 52146000, "changeToLiabilities": 0}, {"maxAge": 1, "endDate": "2019-09-30", "netIncome": 35173000, "changeToLiabilities": 0}, {"maxAge": 1, "endDate": "2019-06-30", "netIncome": 22370000, "changeToLiabilities": 0}], "maxAge": 86400}, "insiderHolders": {"holders": [], "maxAge": 1}, "earnings": {"maxAge": 86400, "earningsChart": {"quarterly": [], "earningsDate": []}, "financialsChart": {"yearly": [{"date": 2017, "revenue": 1234655000, "earnings": 67681000}, {"date": 2018, "revenue": 1464272000, "earnings": 137745000}, {"date": 2019, "revenue": 1597628000, "earnings": 160773000}, {"date": 2020, "revenue": 1349845000, "earnings": 134141000}], "quarterly": [{"date": "2Q2019", "revenue": 359328000, "earnings": 22370000}, {"date": "3Q2019", "revenue": 355463000, "earnings": 35173000}, {"date": "4Q2019", "revenue": 375283000, "earnings": 52146000}, {"date": "1Q2020", "revenue": 260239000, "earnings": 24452000}]}, "financialCurrency": "INR"}, "calendarEvents": {"maxAge": 1, "earnings": {"earningsDate": []}}, "upgradeDowngradeHistory": {"history": [], "maxAge": 86400}, "price": {"maxAge": 1, "regularMarketChangePercent": 0.011040961, "regularMarketChange": 0.69999695, "regularMarketTime": "2021-04-30 15:28:44", "priceHint": 2, "regularMarketPrice": 64.1, "regularMarketDayHigh": 64.5, "regularMarketDayLow": 63.0, "regularMarketVolume": 67196, "averageDailyVolume10Day": 71382, "averageDailyVolume3Month": 159670, "regularMarketPreviousClose": 63.4, "regularMarketSource": "FREE_REALTIME", "regularMarketOpen": 63.4, "exchange": "BSE", "exchangeName": "BSE", "exchangeDataDelayedBy": 0, "marketState": "CLOSED", "quoteType": "EQUITY", "symbol": "SAINTGOBAIN.BO", "underlyingSymbol": null, "shortName": "SAINT-GOBAIN SEKURIT INDIA LTD", "longName": "Saint-Gobain Sekurit India Limited", "currency": "INR", "quoteSourceName": "Delayed Quote", "currencySymbol": "\u20b9", "fromCurrency": null, "lastMarket": null, "marketCap": 5839875072}, "balanceSheetHistory": {"balanceSheetStatements": [{"maxAge": 1, "endDate": "2020-03-31", "cash": 3963000, "netReceivables": 179979000, "inventory": 110354000, "otherCurrentAssets": 26201000, "totalCurrentAssets": 1293150000, "propertyPlantEquipment": 253585000, "intangibleAssets": 203000, "otherAssets": 27991000, "deferredLongTermAssetCharges": 11847000, "totalAssets": 1574929000, "accountsPayable": 160101000, "otherCurrentLiab": 42407000, "otherLiab": 32862000, "totalCurrentLiabilities": 248904000, "totalLiab": 282623000, "commonStock": 911057000, "retainedEarnings": 267990000, "treasuryStock": 11000, "capitalSurplus": 113248000, "otherStockholderEquity": 11000, "totalStockholderEquity": 1292306000, "netTangibleAssets": 1292103000}, {"maxAge": 1, "endDate": "2019-03-31", "cash": 17162000, "shortTermInvestments": 150000000, "netReceivables": 223787000, "inventory": 128525000, "otherCurrentAssets": 25921000, "totalCurrentAssets": 1061684000, "propertyPlantEquipment": 326191000, "otherAssets": 18229000, "deferredLongTermAssetCharges": 8321000, "totalAssets": 1406104000, "accountsPayable": 144275000, "otherCurrentLiab": 9802000, "otherLiab": 24548000, "totalCurrentLiabilities": 218388000, "totalLiab": 242936000, "commonStock": 911057000, "retainedEarnings": 138852000, "treasuryStock": 11000, "capitalSurplus": 113248000, "otherStockholderEquity": 11000, "totalStockholderEquity": 1163168000, "netTangibleAssets": 1163168000}, {"maxAge": 1, "endDate": "2018-03-31", "cash": 9238000, "netReceivables": 246965000, "inventory": 93208000, "otherCurrentAssets": 4229000, "totalCurrentAssets": 790424000, "propertyPlantEquipment": 383180000, "intangibleAssets": 162000, "otherAssets": 20463000, "deferredLongTermAssetCharges": 5911000, "totalAssets": 1194229000, "accountsPayable": 79912000, "otherCurrentLiab": 13126000, "otherLiab": 17849000, "totalCurrentLiabilities": 170960000, "totalLiab": 188809000, "commonStock": 911057000, "retainedEarnings": -18896000, "treasuryStock": 11000, "capitalSurplus": 113248000, "otherStockholderEquity": 11000, "totalStockholderEquity": 1005420000, "netTangibleAssets": 1005258000}, {"maxAge": 1, "endDate": "2017-03-31", "cash": 5418000, "netReceivables": 175685000, "inventory": 110934000, "otherCurrentAssets": 9170000, "totalCurrentAssets": 537463000, "propertyPlantEquipment": 451478000, "intangibleAssets": 367000, "otherAssets": 59326000, "deferredLongTermAssetCharges": 29477000, "totalAssets": 1048634000, "accountsPayable": 94011000, "otherCurrentLiab": 16243000, "otherLiab": 21048000, "totalCurrentLiabilities": 161341000, "totalLiab": 182389000, "commonStock": 911057000, "retainedEarnings": -158071000, "treasuryStock": 11000, "capitalSurplus": 113248000, "otherStockholderEquity": 11000, "totalStockholderEquity": 866245000, "netTangibleAssets": 865878000}], "maxAge": 86400}, "earningsTrend": {"trend": [{"maxAge": 1, "period": "0q", "endDate": null, "growth": {}, "earningsEstimate": {"avg": 0.0, "low": 0.0, "high": 0.0, "yearAgoEps": {}, "numberOfAnalysts": 0, "growth": {}}, "revenueEstimate": {"avg": 0, "low": 0, "high": 0, "numberOfAnalysts": 0, "yearAgoRevenue": {}, "growth": {}}, "epsTrend": {"current": 0.0, "7daysAgo": 0.0, "30daysAgo": 0.0, "60daysAgo": 0.0, "90daysAgo": 0.0}, "epsRevisions": {"upLast7days": 0, "upLast30days": 0, "downLast30days": 0, "downLast90days": {}}}, {"maxAge": 1, "period": "+1q", "endDate": null, "growth": {}, "earningsEstimate": {"avg": 0.0, "low": 0.0, "high": 0.0, "yearAgoEps": {}, "numberOfAnalysts": 0, "growth": {}}, "revenueEstimate": {"avg": 0, "low": 0, "high": 0, "numberOfAnalysts": 0, "yearAgoRevenue": {}, "growth": {}}, "epsTrend": {"current": 0.0, "7daysAgo": 0.0, "30daysAgo": 0.0, "60daysAgo": 0.0, "90daysAgo": 0.0}, "epsRevisions": {"upLast7days": 0, "upLast30days": 0, "downLast30days": 0, "downLast90days": {}}}, {"maxAge": 1, "period": "0y", "endDate": null, "growth": {}, "earningsEstimate": {"avg": 0.0, "low": 0.0, "high": 0.0, "yearAgoEps": {}, "numberOfAnalysts": 0, "growth": {}}, "revenueEstimate": {"avg": 0, "low": 0, "high": 0, "numberOfAnalysts": 0, "yearAgoRevenue": {}, "growth": {}}, "epsTrend": {"current": 0.0, "7daysAgo": 0.0, "30daysAgo": 0.0, "60daysAgo": 0.0, "90daysAgo": 0.0}, "epsRevisions": {"upLast7days": 0, "upLast30days": 0, "downLast30days": 0, "downLast90days": {}}}, {"maxAge": 1, "period": "+1y", "endDate": null, "growth": {}, "earningsEstimate": {"avg": 0.0, "low": 0.0, "high": 0.0, "yearAgoEps": {}, "numberOfAnalysts": 0, "growth": {}}, "revenueEstimate": {"avg": 0, "low": 0, "high": 0, "numberOfAnalysts": 0, "yearAgoRevenue": {}, "growth": {}}, "epsTrend": {"current": 0.0, "7daysAgo": 0.0, "30daysAgo": 0.0, "60daysAgo": 0.0, "90daysAgo": 0.0}, "epsRevisions": {"upLast7days": 0, "upLast30days": 0, "downLast30days": 0, "downLast90days": {}}}, {"maxAge": 1, "period": "+5y", "endDate": null, "growth": 0.349, "earningsEstimate": {"avg": {}, "low": {}, "high": {}, "yearAgoEps": {}, "numberOfAnalysts": {}, "growth": {}}, "revenueEstimate": {"avg": {}, "low": {}, "high": {}, "numberOfAnalysts": {}, "yearAgoRevenue": {}, "growth": {}}, "epsTrend": {"current": {}, "7daysAgo": {}, "30daysAgo": {}, "60daysAgo": {}, "90daysAgo": {}}, "epsRevisions": {"upLast7days": {}, "upLast30days": {}, "downLast30days": {}, "downLast90days": {}}}, {"maxAge": 1, "period": "-5y", "endDate": null, "growth": {}, "earningsEstimate": {"avg": {}, "low": {}, "high": {}, "yearAgoEps": {}, "numberOfAnalysts": {}, "growth": {}}, "revenueEstimate": {"avg": {}, "low": {}, "high": {}, "numberOfAnalysts": {}, "yearAgoRevenue": {}, "growth": {}}, "epsTrend": {"current": {}, "7daysAgo": {}, "30daysAgo": {}, "60daysAgo": {}, "90daysAgo": {}}, "epsRevisions": {"upLast7days": {}, "upLast30days": {}, "downLast30days": {}, "downLast90days": {}}}], "maxAge": 1}, "financialData": {"maxAge": 86400, "currentPrice": 64.1, "targetHighPrice": 32.0, "targetLowPrice": 32.0, "targetMeanPrice": 32.0, "targetMedianPrice": 32.0, "recommendationKey": "none", "numberOfAnalystOpinions": 1, "grossProfits": 724571000, "financialCurrency": "INR"}}}