{"SAINIK.BO": {"cashflowStatementHistory": {"cashflowStatements": [{"maxAge": 1, "endDate": "2020-03-31", "netIncome": 40626000, "depreciation": 71000, "changeToNetincome": 16812000, "changeToLiabilities": 128772000, "changeToInventory": 3000, "changeToOperatingActivities": 120509000, "totalCashFromOperatingActivities": 306793000, "investments": 3035000, "totalCashflowsFromInvestingActivities": 3035000, "netBorrowings": -312777000, "totalCashFromFinancingActivities": -312777000, "changeInCash": -2949000}, {"maxAge": 1, "endDate": "2019-03-31", "netIncome": 50554000, "depreciation": 87000, "changeToNetincome": -4379000, "changeToLiabilities": 128843000, "changeToInventory": 3000, "changeToOperatingActivities": -459142000, "totalCashFromOperatingActivities": -284037000, "investments": -3035000, "totalCashflowsFromInvestingActivities": -3035000, "netBorrowings": 289209000, "totalCashFromFinancingActivities": 289209000, "changeInCash": 2137000}, {"maxAge": 1, "endDate": "2018-03-31", "netIncome": 49489868, "depreciation": 89839, "changeToNetincome": -12417869, "changeToLiabilities": 26501211, "changeToInventory": 1591, "changeToOperatingActivities": -368104163, "totalCashFromOperatingActivities": -304439523, "capitalExpenditures": -30186, "investments": -3035000, "totalCashflowsFromInvestingActivities": -2605082, "netBorrowings": 299583877, "totalCashFromFinancingActivities": 299583877, "changeInCash": -7460728}, {"maxAge": 1, "endDate": "2017-03-31", "netIncome": 12423902, "depreciation": 93154, "changeToNetincome": 15549973, "changeToLiabilities": 65913, "changeToInventory": 678, "changeToOperatingActivities": -1299883645, "totalCashFromOperatingActivities": -1271750025, "capitalExpenditures": -30186, "investments": -3035000, "totalCashflowsFromInvestingActivities": 2594396, "netBorrowings": 1271722985, "totalCashFromFinancingActivities": 1271722985, "changeInCash": 2567356}], "maxAge": 86400}, "institutionOwnership": {"maxAge": 1, "ownershipList": []}, "balanceSheetHistoryQuarterly": {"balanceSheetStatements": [{"maxAge": 1, "endDate": "2020-06-30", "totalStockholderEquity": 441780000, "netTangibleAssets": 441780000}, {"maxAge": 1, "endDate": "2020-03-31", "cash": 699000, "netReceivables": 2489530000, "otherCurrentAssets": 57882000, "totalCurrentAssets": 2548150000, "propertyPlantEquipment": 2726000, "otherAssets": 12364000, "deferredLongTermAssetCharges": 12364000, "totalAssets": 2563240000, "accountsPayable": 472000, "shortLongTermDebt": 18000, "longTermDebt": 1781930000, "otherLiab": 62188000, "totalCurrentLiabilities": 277344000, "totalLiab": 2121462000, "commonStock": 108800000, "retainedEarnings": 292963000, "capitalSurplus": 40015000, "totalStockholderEquity": 441778000, "netTangibleAssets": 441778000}, {"maxAge": 1, "endDate": "2019-12-31", "totalStockholderEquity": 448066000, "netTangibleAssets": 448066000}, {"maxAge": 1, "endDate": "2019-09-30", "cash": 4340000, "netReceivables": 2118793000, "inventory": 3000, "totalCurrentAssets": 2123136000, "longTermInvestments": 410889000, "propertyPlantEquipment": 2764000, "otherAssets": 894000, "deferredLongTermAssetCharges": 167000, "totalAssets": 2537683000, "accountsPayable": 491000, "shortLongTermDebt": 1784625000, "otherLiab": 304501000, "totalCurrentLiabilities": 1785116000, "totalLiab": 2089617000, "commonStock": 108800000, "treasuryStock": 339266000, "otherStockholderEquity": 339266000, "totalStockholderEquity": 448066000, "netTangibleAssets": 448066000}], "maxAge": 86400}, "indexTrend": {"maxAge": 1, "symbol": "SP5", "peRatio": 19.7411, "pegRatio": 1.34172, "estimates": [{"period": "0q", "growth": 0.549}, {"period": "+1q", "growth": 0.431}, {"period": "0y", "growth": 0.305}, {"period": "+1y", "growth": 0.109}, {"period": "+5y", "growth": 0.120859005}, {"period": "-5y"}]}, "insiderTransactions": {"transactions": [{"maxAge": 1, "shares": 270912, "filerUrl": "", "transactionText": "", "filerName": "Sindhu (Rudra Sen)", "filerRelation": "Director (Non-Executive)", "moneyText": "", "startDate": "2019-06-10", "ownership": "D"}, {"maxAge": 1, "shares": 270912, "filerUrl": "", "transactionText": "", "filerName": "Solanki (Kuldeep Singh)", "filerRelation": "Non Executive Chairman", "moneyText": "", "startDate": "2019-06-06", "ownership": "D"}, {"maxAge": 1, "shares": 269824, "filerUrl": "", "transactionText": "", "filerName": "Sindhu (Rudra Sen)", "filerRelation": "Director (Non-Executive)", "moneyText": "", "startDate": "2019-03-18", "ownership": "D"}, {"maxAge": 1, "shares": 269824, "filerUrl": "", "transactionText": "", "filerName": "Solanki (Kuldeep Singh)", "filerRelation": "Non Executive Chairman", "moneyText": "", "startDate": "2019-03-18", "ownership": "D"}], "maxAge": 1}, "quoteType": {"exchange": "BSE", "quoteType": "EQUITY", "symbol": "SAINIK.BO", "underlyingSymbol": "SAINIK.BO", "shortName": "SAINIK FINANCE & INDUSTRIES LT", "longName": "Sainik Finance & Industries Limited", "firstTradeDateEpochUtc": "2004-09-15 09:15:00", "timeZoneFullName": "Asia/Kolkata", "timeZoneShortName": "IST", "uuid": "76da1e8c-1e76-3294-a0b3-1c1cc7921fc1", "messageBoardId": null, "gmtOffSetMilliseconds": 19800000, "maxAge": 1}, "incomeStatementHistory": {"incomeStatementHistory": [{"maxAge": 1, "endDate": "2020-03-31", "totalRevenue": 93461000, "costOfRevenue": 83175, "grossProfit": 93377825, "researchDevelopment": {}, "sellingGeneralAdministrative": 6388000, "nonRecurring": {}, "otherOperatingExpenses": 24859825, "totalOperatingExpenses": 31402000, "operatingIncome": 62059000, "totalOtherIncomeExpenseNet": 645000, "ebit": 0, "interestExpense": {}, "incomeBeforeTax": 62704000, "incomeTaxExpense": 22078000, "minorityInterest": {}, "netIncomeFromContinuingOps": 40626000, "discontinuedOperations": {}, "extraordinaryItems": {}, "effectOfAccountingCharges": {}, "otherItems": {}, "netIncome": 40626000, "netIncomeApplicableToCommonShares": 40626000}, {"maxAge": 1, "endDate": "2019-03-31", "totalRevenue": 85474000, "costOfRevenue": 101482, "grossProfit": 85372518, "researchDevelopment": {}, "sellingGeneralAdministrative": 3809000, "nonRecurring": {}, "otherOperatingExpenses": 13510518, "totalOperatingExpenses": 17508000, "operatingIncome": 67966000, "totalOtherIncomeExpenseNet": 675000, "ebit": 0, "interestExpense": {}, "incomeBeforeTax": 68641000, "incomeTaxExpense": 18087000, "minorityInterest": {}, "netIncomeFromContinuingOps": 50554000, "discontinuedOperations": {}, "extraordinaryItems": {}, "effectOfAccountingCharges": {}, "otherItems": {}, "netIncome": 50554000, "netIncomeApplicableToCommonShares": 50554000}, {"maxAge": 1, "endDate": "2018-03-31", "totalRevenue": 74262121, "costOfRevenue": 173300, "grossProfit": 74088821, "researchDevelopment": {}, "sellingGeneralAdministrative": 4456599, "nonRecurring": {}, "otherOperatingExpenses": 2961874, "totalOperatingExpenses": 8067602, "operatingIncome": 66194519, "totalOtherIncomeExpenseNet": -1591, "ebit": 0, "interestExpense": {}, "incomeBeforeTax": 66192928, "incomeTaxExpense": 16703060, "minorityInterest": {}, "netIncomeFromContinuingOps": 49489868, "discontinuedOperations": {}, "extraordinaryItems": {}, "effectOfAccountingCharges": {}, "otherItems": {}, "netIncome": 49489868, "netIncomeApplicableToCommonShares": 49489868}, {"maxAge": 1, "endDate": "2017-03-31", "totalRevenue": 49221698, "costOfRevenue": 665483, "grossProfit": 48556215, "researchDevelopment": {}, "sellingGeneralAdministrative": 4146700, "nonRecurring": {}, "otherOperatingExpenses": 17527989, "totalOperatingExpenses": 22453326, "operatingIncome": 26768372, "totalOtherIncomeExpenseNet": -458335, "ebit": 0, "interestExpense": {}, "incomeBeforeTax": 26310037, "incomeTaxExpense": 13886135, "minorityInterest": {}, "netIncomeFromContinuingOps": 12423902, "discontinuedOperations": {}, "extraordinaryItems": {}, "effectOfAccountingCharges": {}, "otherItems": {}, "netIncome": 12423902, "netIncomeApplicableToCommonShares": 12423902}], "maxAge": 86400}, "fundOwnership": {"maxAge": 1, "ownershipList": []}, "summaryDetail": {"maxAge": 1, "priceHint": 2, "previousClose": 20.0, "open": 20.0, "dayLow": 19.0, "dayHigh": 20.65, "regularMarketPreviousClose": 20.0, "regularMarketOpen": 20.0, "regularMarketDayLow": 19.0, "regularMarketDayHigh": 20.65, "trailingPE": 5.7751613, "volume": 386, "regularMarketVolume": 386, "averageVolume": 579, "averageVolume10days": 144, "averageDailyVolume10Day": 144, "bid": 19.0, "ask": 20.45, "bidSize": 0, "askSize": 0, "marketCap": 224128000, "fiftyTwoWeekLow": 14.2, "fiftyTwoWeekHigh": 34.6, "fiftyDayAverage": 23.387142, "twoHundredDayAverage": 19.94562, "currency": "INR", "fromCurrency": null, "toCurrency": null, "lastMarket": null, "algorithm": null, "tradeable": false}, "incomeStatementHistoryQuarterly": {"incomeStatementHistory": [{"maxAge": 1, "endDate": "2020-06-30", "totalRevenue": 26006000, "costOfRevenue": 0, "grossProfit": 26006000, "researchDevelopment": {}, "sellingGeneralAdministrative": 1132000, "nonRecurring": {}, "otherOperatingExpenses": 5801000, "totalOperatingExpenses": 6951000, "operatingIncome": 19055000, "totalOtherIncomeExpenseNet": -1000, "ebit": 0, "interestExpense": {}, "incomeBeforeTax": 19054000, "incomeTaxExpense": 5941000, "minorityInterest": {}, "netIncomeFromContinuingOps": 13113000, "discontinuedOperations": {}, "extraordinaryItems": {}, "effectOfAccountingCharges": {}, "otherItems": {}, "netIncome": 13113000, "netIncomeApplicableToCommonShares": 13113000}, {"maxAge": 1, "endDate": "2020-03-31", "totalRevenue": 6293000, "costOfRevenue": -23355825, "grossProfit": 29648825, "researchDevelopment": {}, "sellingGeneralAdministrative": 1691000, "nonRecurring": {}, "otherOperatingExpenses": 25967825, "totalOperatingExpenses": 4321000, "operatingIncome": 1972000, "totalOtherIncomeExpenseNet": 645000, "ebit": 0, "interestExpense": {}, "incomeBeforeTax": 2617000, "incomeTaxExpense": 7202000, "minorityInterest": {}, "netIncomeFromContinuingOps": -4585000, "discontinuedOperations": {}, "extraordinaryItems": {}, "effectOfAccountingCharges": {}, "otherItems": {}, "netIncome": -4585000, "netIncomeApplicableToCommonShares": -4585000}, {"maxAge": 1, "endDate": "2019-12-31", "totalRevenue": 31855000, "costOfRevenue": 671000, "grossProfit": 31184000, "researchDevelopment": {}, "sellingGeneralAdministrative": 2061000, "nonRecurring": {}, "otherOperatingExpenses": 121000, "totalOperatingExpenses": 2870000, "operatingIncome": 28985000, "totalOtherIncomeExpenseNet": 0, "ebit": 0, "interestExpense": {}, "incomeBeforeTax": 28985000, "incomeTaxExpense": 7126000, "minorityInterest": {}, "netIncomeFromContinuingOps": 21859000, "discontinuedOperations": {}, "extraordinaryItems": {}, "effectOfAccountingCharges": {}, "otherItems": {}, "netIncome": 21859000, "netIncomeApplicableToCommonShares": 21859000}, {"maxAge": 1, "endDate": "2019-09-30", "totalRevenue": 30816000, "costOfRevenue": 20305000, "grossProfit": 10511000, "researchDevelopment": {}, "sellingGeneralAdministrative": 1341000, "nonRecurring": {}, "otherOperatingExpenses": -1167000, "totalOperatingExpenses": 20491000, "operatingIncome": 10325000, "totalOtherIncomeExpenseNet": 0, "ebit": 0, "interestExpense": {}, "incomeBeforeTax": 10325000, "incomeTaxExpense": 1924000, "minorityInterest": {}, "netIncomeFromContinuingOps": 8401000, "discontinuedOperations": {}, "extraordinaryItems": {}, "effectOfAccountingCharges": {}, "otherItems": {}, "netIncome": 8401000, "netIncomeApplicableToCommonShares": 8401000}], "maxAge": 86400}, "cashflowStatementHistoryQuarterly": {"cashflowStatements": [{"maxAge": 1, "endDate": "2020-06-30", "netIncome": 13113000, "changeToLiabilities": 0}, {"maxAge": 1, "endDate": "2020-03-31", "netIncome": -4585000, "changeToLiabilities": 0}, {"maxAge": 1, "endDate": "2019-12-31", "netIncome": 21859000, "changeToLiabilities": 0}, {"maxAge": 1, "endDate": "2019-09-30", "netIncome": 8401000, "changeToLiabilities": 0}], "maxAge": 86400}, "insiderHolders": {"holders": [{"maxAge": 1, "name": "Sindhu (Rudra Sen)", "relation": "Director (Non-Executive)", "url": "", "transactionDescription": "Purchase", "latestTransDate": "2019-06-10", "positionDirect": 1334835, "positionDirectDate": "2019-06-10"}, {"maxAge": 1, "name": "Solanki (Kuldeep Singh)", "relation": "Non Executive Chairman", "url": "", "transactionDescription": "Purchase", "latestTransDate": "2019-06-06", "positionDirect": 2503982, "positionDirectDate": "2019-06-06"}], "maxAge": 1}, "calendarEvents": {"maxAge": 1, "earnings": {"earningsDate": ["2020-06-25 05:30:S"]}}, "price": {"maxAge": 1, "regularMarketChangePercent": 0.03000002, "regularMarketChange": 0.6000004, "regularMarketTime": "2021-04-30 15:52:24", "priceHint": 2, "regularMarketPrice": 20.6, "regularMarketDayHigh": 20.65, "regularMarketDayLow": 19.0, "regularMarketVolume": 386, "averageDailyVolume10Day": 144, "averageDailyVolume3Month": 579, "regularMarketPreviousClose": 20.0, "regularMarketSource": "FREE_REALTIME", "regularMarketOpen": 20.0, "exchange": "BSE", "exchangeName": "BSE", "exchangeDataDelayedBy": 0, "marketState": "CLOSED", "quoteType": "EQUITY", "symbol": "SAINIK.BO", "underlyingSymbol": null, "shortName": "SAINIK FINANCE & INDUSTRIES LT", "longName": "Sainik Finance & Industries Limited", "currency": "INR", "quoteSourceName": "Delayed Quote", "currencySymbol": "\u20b9", "fromCurrency": null, "toCurrency": null, "lastMarket": null, "marketCap": 224128000}, "balanceSheetHistory": {"balanceSheetStatements": [{"maxAge": 1, "endDate": "2020-03-31", "cash": 699000, "netReceivables": 2489530000, "otherCurrentAssets": 57882000, "totalCurrentAssets": 2548150000, "propertyPlantEquipment": 2726000, "otherAssets": 12364000, "deferredLongTermAssetCharges": 12364000, "totalAssets": 2563240000, "accountsPayable": 472000, "shortLongTermDebt": 18000, "longTermDebt": 1781930000, "otherLiab": 62188000, "totalCurrentLiabilities": 277344000, "totalLiab": 2121462000, "commonStock": 108800000, "retainedEarnings": 292963000, "capitalSurplus": 40015000, "totalStockholderEquity": 441778000, "netTangibleAssets": 441778000}, {"maxAge": 1, "endDate": "2019-03-31", "cash": 6683000, "netReceivables": 2633396000, "inventory": 3000, "otherCurrentAssets": 50068000, "totalCurrentAssets": 2690182000, "propertyPlantEquipment": 2798000, "otherAssets": 13122000, "deferredLongTermAssetCharges": 13122000, "totalAssets": 2706102000, "accountsPayable": 492000, "shortLongTermDebt": 21000, "longTermDebt": 2094704000, "otherLiab": 23063000, "totalCurrentLiabilities": 186458000, "totalLiab": 2304225000, "commonStock": 108800000, "retainedEarnings": 253062000, "capitalSurplus": 40015000, "totalStockholderEquity": 401877000, "netTangibleAssets": 401877000}, {"maxAge": 1, "endDate": "2018-03-31", "cash": 1510992, "netReceivables": 2230177734, "inventory": 3200, "otherCurrentAssets": 21377299, "totalCurrentAssets": 2253069225, "longTermInvestments": 37476, "propertyPlantEquipment": 6330780, "otherAssets": 11777474, "totalAssets": 2271214955, "accountsPayable": 610958, "shortLongTermDebt": 1805541113, "otherLiab": 15595753, "totalCurrentLiabilities": 1885119560, "totalLiab": 1900715313, "commonStock": 108800000, "retainedEarnings": 221684642, "capitalSurplus": 40015000, "totalStockholderEquity": 370499642, "netTangibleAssets": 370499642}, {"maxAge": 1, "endDate": "2017-03-31", "cash": 8971720, "netReceivables": 1862155999, "inventory": 3200, "otherCurrentAssets": 21680861, "totalCurrentAssets": 1892850847, "propertyPlantEquipment": 6390433, "otherAssets": 12468963, "totalAssets": 1911710243, "accountsPayable": 1020881, "shortLongTermDebt": 1505957236, "otherCurrentLiab": 14014674, "otherLiab": 18417647, "totalCurrentLiabilities": 1572282822, "totalLiab": 1590700469, "commonStock": 108800000, "retainedEarnings": 172194774, "capitalSurplus": 40015000, "totalStockholderEquity": 321009774, "netTangibleAssets": 321009774}], "maxAge": 86400}, "financialData": {"maxAge": 86400, "currentPrice": 20.6, "recommendationKey": "none", "grossProfits": 93377825, "financialCurrency": "INR"}}}