{"SAKAR.NS": {"assetProfile": {"address1": "406, Silver Oaks Comm. Complex", "address2": "Opposite Arun Society Paldi", "city": "Ahmedabad", "zip": "380007", "country": "India", "phone": "91 79 2658 4655", "fax": "91 79 2658 8054", "website": "http://www.sakarhealthcare.com", "industry": "Drug Manufacturers\u2014Specialty & Generic", "sector": "Healthcare", "longBusinessSummary": "Sakar Healthcare Limited manufactures and sells pharmaceutical products in India. It offers pharmaceutical products in various forms, such as oral liquid syrups and suspensions, cephalosporin dry powder injections, liquid injectable in ampoules and vials, and lyophilized injections, as well as cephalosporin tablets, and capsules. The company also develops oncology products. It exports its products to approximately 38 countries, including South East Asia, Asia, Africa-Anglo and Francophone, MENA countries, and America. The company was founded in 2004 and is based in Ahmedabad, India.", "fullTimeEmployees": 243, "companyOfficers": [{"maxAge": 1, "name": "Mr. Sanjay Surendra Shah", "age": 61, "title": "Chairman & MD", "yearBorn": 1959, "fiscalYear": 2020, "totalPay": 2275000, "exercisedValue": 0, "unexercisedValue": 0}, {"maxAge": 1, "name": "Mr. Aarsh Sanjay Shah", "age": 29, "title": "Joint MD & Exec. Director", "yearBorn": 1991, "fiscalYear": 2020, "totalPay": 2275000, "exercisedValue": 0, "unexercisedValue": 0}, {"maxAge": 1, "name": "Mr. Jhonny George Kudilil", "age": 59, "title": "Chief Financial Officer", "yearBorn": 1961, "fiscalYear": 2020, "totalPay": 582000, "exercisedValue": 0, "unexercisedValue": 0}, {"maxAge": 1, "name": "Ms. Ritaben Sanjay Shah", "age": 56, "title": "Whole-Time Director", "yearBorn": 1964, "fiscalYear": 2020, "totalPay": 650000, "exercisedValue": 0, "unexercisedValue": 0}, {"maxAge": 1, "name": "Mr. Bharat S. Soni", "age": 30, "title": "Company Sec. & Compliance Officer", "yearBorn": 1990, "exercisedValue": 0, "unexercisedValue": 0}], "compensationAsOfEpochDate": "2020-12-31 05:30:00", "maxAge": 86400}, "cashflowStatementHistory": {"cashflowStatements": [{"maxAge": 1, "endDate": "2020-03-31", "netIncome": 96228452, "depreciation": 70798059, "changeToNetincome": 19368946, "changeToAccountReceivables": 12690284, "changeToLiabilities": 14511403, "changeToInventory": -40770040, "changeToOperatingActivities": -71579959, "totalCashFromOperatingActivities": 101247145, "capitalExpenditures": -133106416, "totalCashflowsFromInvestingActivities": -136765085, "netBorrowings": 52099265, "otherCashflowsFromFinancingActivities": -17333577, "totalCashFromFinancingActivities": 34809448, "changeInCash": -708492, "issuanceOfStock": 43760}, {"maxAge": 1, "endDate": "2019-03-31", "netIncome": 66928200, "depreciation": 60397282, "changeToNetincome": 31959083, "changeToAccountReceivables": 13086254, "changeToLiabilities": -4178512, "changeToInventory": -29250419, "changeToOperatingActivities": 22475875, "totalCashFromOperatingActivities": 161417763, "capitalExpenditures": -201434930, "totalCashflowsFromInvestingActivities": -249073391, "netBorrowings": -27925535, "otherCashflowsFromFinancingActivities": -16307669, "totalCashFromFinancingActivities": 87700511, "changeInCash": 44883, "issuanceOfStock": 131933715}, {"maxAge": 1, "endDate": "2018-03-31", "netIncome": 38146743, "depreciation": 44092000, "changeToNetincome": 31835257, "changeToAccountReceivables": -54742000, "changeToLiabilities": 13039000, "changeToInventory": 30262000, "changeToOperatingActivities": -49984000, "totalCashFromOperatingActivities": 52649000, "capitalExpenditures": -88098000, "otherCashflowsFromInvestingActivities": 5325000, "totalCashflowsFromInvestingActivities": -82773000, "netBorrowings": -60639000, "otherCashflowsFromFinancingActivities": -69292000, "totalCashFromFinancingActivities": -129931000, "changeInCash": -160055000, "issuanceOfStock": 131933715}, {"maxAge": 1, "endDate": "2017-03-31", "netIncome": 33782909, "depreciation": 33894000, "changeToNetincome": 22306091, "changeToAccountReceivables": -23685000, "changeToLiabilities": -8722000, "changeToInventory": -5104000, "changeToOperatingActivities": -32963000, "totalCashFromOperatingActivities": 19509000, "capitalExpenditures": -150678000, "otherCashflowsFromInvestingActivities": 7341000, "totalCashflowsFromInvestingActivities": -143337000, "netBorrowings": 4856000, "otherCashflowsFromFinancingActivities": -26852000, "totalCashFromFinancingActivities": 126054000, "changeInCash": 2226000, "issuanceOfStock": 148050000}], "maxAge": 86400}, "institutionOwnership": {"ownershipList": [], "maxAge": 1}, "majorHoldersBreakdown": {"maxAge": 1}, "balanceSheetHistoryQuarterly": {"balanceSheetStatements": [{"maxAge": 1, "endDate": "2020-12-31", "totalStockholderEquity": 895791000, "netTangibleAssets": 868199000}, {"maxAge": 1, "endDate": "2020-09-30", "cash": 4340000, "shortTermInvestments": 31153000, "netReceivables": 111204000, "inventory": 141938000, "totalCurrentAssets": 288635000, "propertyPlantEquipment": 864531000, "intangibleAssets": 27592000, "otherAssets": 290563000, "totalAssets": 1471321000, "accountsPayable": 84290000, "shortLongTermDebt": 19729000, "otherCurrentLiab": 57967000, "longTermDebt": 292879000, "otherLiab": 69411000, "totalCurrentLiabilities": 213240000, "totalLiab": 575530000, "commonStock": 149610000, "treasuryStock": 746181000, "otherStockholderEquity": 746181000, "totalStockholderEquity": 895791000, "netTangibleAssets": 868199000}, {"maxAge": 1, "endDate": "2020-06-30", "totalStockholderEquity": 813197000, "netTangibleAssets": 780397000}, {"maxAge": 1, "endDate": "2020-03-31", "cash": 2959481, "netReceivables": 83097302, "inventory": 110582120, "otherCurrentAssets": 19128686, "totalCurrentAssets": 216522597, "longTermInvestments": 100000, "propertyPlantEquipment": 755027865, "intangibleAssets": 32800338, "otherAssets": 146782307, "totalAssets": 1151233107, "accountsPayable": 46000905, "shortLongTermDebt": 19620753, "otherCurrentLiab": 54127154, "longTermDebt": 124721461, "otherLiab": 70934749, "totalCurrentLiabilities": 142380337, "totalLiab": 338036547, "commonStock": 149610000, "retainedEarnings": 310023071, "treasuryStock": 5329729, "capitalSurplus": 348233760, "otherStockholderEquity": 5329729, "totalStockholderEquity": 813196560, "netTangibleAssets": 780396222}], "maxAge": 86400}, "indexTrend": {"maxAge": 1, "symbol": "SP5", "peRatio": 19.7411, "pegRatio": 1.34172, "estimates": [{"period": "0q", "growth": 0.549}, {"period": "+1q", "growth": 0.431}, {"period": "0y", "growth": 0.305}, {"period": "+1y", "growth": 0.109}, {"period": "+5y", "growth": 0.120865}, {"period": "-5y"}]}, "defaultKeyStatistics": {"maxAge": 1, "priceHint": 2, "enterpriseValue": 2073134208, "profitMargins": 0.12832, "floatShares": 1135934, "sharesOutstanding": 14961000, "beta": 0.988764, "category": null, "bookValue": 59.696, "priceToBook": 1.9490418, "fundFamily": null, "legalType": null, "lastFiscalYearEnd": "2020-03-31 05:30:00", "nextFiscalYearEnd": "2022-03-31 05:30:00", "mostRecentQuarter": "2020-12-31 05:30:00", "earningsQuarterlyGrowth": -0.186, "netIncomeToCommon": 118083456, "trailingEps": 7.872, "lastSplitFactor": null, "enterpriseToRevenue": 2.253, "enterpriseToEbitda": 8.726}, "summaryProfile": {"address1": "406, Silver Oaks Comm. Complex", "address2": "Opposite Arun Society Paldi", "city": "Ahmedabad", "zip": "380007", "country": "India", "phone": "91 79 2658 4655", "fax": "91 79 2658 8054", "website": "http://www.sakarhealthcare.com", "industry": "Drug Manufacturers\u2014Specialty & Generic", "sector": "Healthcare", "longBusinessSummary": "Sakar Healthcare Limited manufactures and sells pharmaceutical products in India. It offers pharmaceutical products in various forms, such as oral liquid syrups and suspensions, cephalosporin dry powder injections, liquid injectable in ampoules and vials, and lyophilized injections, as well as cephalosporin tablets, and capsules. The company also develops oncology products. It exports its products to approximately 38 countries, including South East Asia, Asia, Africa-Anglo and Francophone, MENA countries, and America. The company was founded in 2004 and is based in Ahmedabad, India.", "fullTimeEmployees": 243, "companyOfficers": [], "maxAge": 86400}, "netSharePurchaseActivity": {"maxAge": 1, "period": "6m", "buyInfoCount": 0, "buyInfoShares": 0, "sellInfoCount": 0, "netInfoCount": 0, "netInfoShares": 0, "totalInsiderShares": 0}, "quoteType": {"exchange": "NSI", "quoteType": "EQUITY", "symbol": "SAKAR.NS", "underlyingSymbol": "SAKAR.NS", "shortName": "SAKAR HEALTHCARE L", "longName": "Sakar Healthcare Limited", "firstTradeDateEpochUtc": "2017-03-16 09:15:00", "timeZoneFullName": "Asia/Kolkata", "timeZoneShortName": "IST", "uuid": "b4b89c5b-bc72-34b8-8fe7-a2a849217f1f", "gmtOffSetMilliseconds": 19800000, "maxAge": 1}, "incomeStatementHistory": {"incomeStatementHistory": [{"maxAge": 1, "endDate": "2020-03-31", "totalRevenue": 839144519, "costOfRevenue": 436652301, "grossProfit": 402492218, "researchDevelopment": {}, "sellingGeneralAdministrative": 122579454, "nonRecurring": {}, "otherOperatingExpenses": 73069856, "totalOperatingExpenses": 703099670, "operatingIncome": 136044849, "totalOtherIncomeExpenseNet": -13775766, "ebit": 136044849, "interestExpense": -21117809, "incomeBeforeTax": 122269083, "incomeTaxExpense": 26040631, "minorityInterest": {}, "netIncomeFromContinuingOps": 96228452, "discontinuedOperations": {}, "extraordinaryItems": {}, "effectOfAccountingCharges": {}, "otherItems": {}, "netIncome": 96228452, "netIncomeApplicableToCommonShares": 96228452}, {"maxAge": 1, "endDate": "2019-03-31", "totalRevenue": 688102140, "costOfRevenue": 355809919, "grossProfit": 332292221, "researchDevelopment": {}, "sellingGeneralAdministrative": 91025691, "nonRecurring": {}, "otherOperatingExpenses": 67012425, "totalOperatingExpenses": 574245317, "operatingIncome": 113856823, "totalOtherIncomeExpenseNet": -21511749, "ebit": 113856823, "interestExpense": -20550206, "incomeBeforeTax": 92345074, "incomeTaxExpense": 25416874, "minorityInterest": {}, "netIncomeFromContinuingOps": 66928200, "discontinuedOperations": {}, "extraordinaryItems": {}, "effectOfAccountingCharges": {}, "otherItems": {}, "netIncome": 66928200, "netIncomeApplicableToCommonShares": 66928200}, {"maxAge": 1, "endDate": "2018-03-31", "totalRevenue": 534168777, "costOfRevenue": 283182731, "grossProfit": 250986046, "researchDevelopment": {}, "sellingGeneralAdministrative": 69189975, "nonRecurring": {}, "otherOperatingExpenses": 52493670, "totalOperatingExpenses": 448957885, "operatingIncome": 85210892, "totalOtherIncomeExpenseNet": -24119283, "ebit": 85210892, "interestExpense": -24497748, "incomeBeforeTax": 61091609, "incomeTaxExpense": 22944866, "minorityInterest": {}, "netIncomeFromContinuingOps": 38146743, "discontinuedOperations": {}, "extraordinaryItems": {}, "effectOfAccountingCharges": {}, "otherItems": {}, "netIncome": 38146743, "netIncomeApplicableToCommonShares": 38146743}, {"maxAge": 1, "endDate": "2017-03-31", "totalRevenue": 447472625, "costOfRevenue": 225153417, "grossProfit": 222319208, "researchDevelopment": {}, "sellingGeneralAdministrative": 60000927, "nonRecurring": {}, "otherOperatingExpenses": 54911858, "totalOperatingExpenses": 373960626, "operatingIncome": 73511999, "totalOtherIncomeExpenseNet": -25300738, "ebit": 73511999, "interestExpense": -24878437, "incomeBeforeTax": 48211261, "incomeTaxExpense": 14428352, "minorityInterest": {}, "netIncomeFromContinuingOps": 33782909, "discontinuedOperations": {}, "extraordinaryItems": {}, "effectOfAccountingCharges": {}, "otherItems": {}, "netIncome": 33782909, "netIncomeApplicableToCommonShares": 33782909}], "maxAge": 86400}, "fundOwnership": {"ownershipList": [], "maxAge": 1}, "summaryDetail": {"maxAge": 1, "priceHint": 2, "previousClose": 114.5, "open": 113.0, "dayLow": 113.0, "dayHigh": 117.75, "regularMarketPreviousClose": 114.5, "regularMarketOpen": 113.0, "regularMarketDayLow": 113.0, "regularMarketDayHigh": 117.75, "payoutRatio": 0.0, "beta": 0.988764, "trailingPE": 14.780233, "volume": 42069, "regularMarketVolume": 42069, "averageVolume": 0, "averageVolume10days": 0, "averageDailyVolume10Day": 0, "bid": 0.0, "ask": 0.0, "bidSize": 0, "askSize": 0, "marketCap": 1740712320, "fiftyTwoWeekLow": 56.9, "fiftyTwoWeekHigh": 117.75, "priceToSalesTrailing12Months": 1.8915615, "fiftyDayAverage": 56.9, "twoHundredDayAverage": 56.9, "currency": "INR", "fromCurrency": null, "lastMarket": null, "algorithm": null, "tradeable": false}, "incomeStatementHistoryQuarterly": {"incomeStatementHistory": [{"maxAge": 1, "endDate": "2020-12-31", "totalRevenue": 270594000, "costOfRevenue": 177283000, "grossProfit": 93311000, "researchDevelopment": {}, "sellingGeneralAdministrative": 35455000, "nonRecurring": {}, "otherOperatingExpenses": 16612000, "totalOperatingExpenses": 240117000, "operatingIncome": 30477000, "totalOtherIncomeExpenseNet": -7981000, "ebit": 30477000, "interestExpense": -7981000, "incomeBeforeTax": 22496000, "incomeTaxExpense": 4501000, "minorityInterest": {}, "netIncomeFromContinuingOps": 17995000, "discontinuedOperations": {}, "extraordinaryItems": {}, "effectOfAccountingCharges": {}, "otherItems": {}, "netIncome": 17995000, "netIncomeApplicableToCommonShares": 17995000}, {"maxAge": 1, "endDate": "2020-09-30", "totalRevenue": 263791000, "costOfRevenue": 139201000, "grossProfit": 124590000, "researchDevelopment": {}, "sellingGeneralAdministrative": 34599000, "nonRecurring": {}, "otherOperatingExpenses": 17399000, "totalOperatingExpenses": 202370000, "operatingIncome": 61421000, "totalOtherIncomeExpenseNet": -6131000, "ebit": 61421000, "interestExpense": -6131000, "incomeBeforeTax": 55290000, "incomeTaxExpense": 9672000, "minorityInterest": {}, "netIncomeFromContinuingOps": 45618000, "discontinuedOperations": {}, "extraordinaryItems": {}, "effectOfAccountingCharges": {}, "otherItems": {}, "netIncome": 45618000, "netIncomeApplicableToCommonShares": 45618000}, {"maxAge": 1, "endDate": "2020-06-30", "totalRevenue": 203808000, "costOfRevenue": 106871000, "grossProfit": 96937000, "researchDevelopment": {}, "sellingGeneralAdministrative": 30563000, "nonRecurring": {}, "otherOperatingExpenses": 17239000, "totalOperatingExpenses": 165165000, "operatingIncome": 38643000, "totalOtherIncomeExpenseNet": -6371000, "ebit": 38643000, "interestExpense": -6371000, "incomeBeforeTax": 32272000, "incomeTaxExpense": 6408000, "minorityInterest": {}, "netIncomeFromContinuingOps": 25864000, "discontinuedOperations": {}, "extraordinaryItems": {}, "effectOfAccountingCharges": {}, "otherItems": {}, "netIncome": 25864000, "netIncomeApplicableToCommonShares": 25864000}, {"maxAge": 1, "endDate": "2020-03-31", "totalRevenue": 182056519, "costOfRevenue": 90132301, "grossProfit": 91924218, "researchDevelopment": {}, "sellingGeneralAdministrative": 36696454, "nonRecurring": {}, "otherOperatingExpenses": 7550856, "totalOperatingExpenses": 153592670, "operatingIncome": 28463849, "totalOtherIncomeExpenseNet": 2280234, "ebit": 28463849, "interestExpense": -5061809, "incomeBeforeTax": 30744083, "incomeTaxExpense": 2126631, "minorityInterest": {}, "netIncomeFromContinuingOps": 28617452, "discontinuedOperations": {}, "extraordinaryItems": {}, "effectOfAccountingCharges": {}, "otherItems": {}, "netIncome": 28617452, "netIncomeApplicableToCommonShares": 28617452}], "maxAge": 86400}, "cashflowStatementHistoryQuarterly": {"cashflowStatements": [{"maxAge": 1, "endDate": "2020-12-31", "netIncome": 17995000, "changeToLiabilities": 0}, {"maxAge": 1, "endDate": "2020-09-30", "netIncome": 45618000, "changeToLiabilities": 0}, {"maxAge": 1, "endDate": "2020-06-30", "netIncome": 25864000, "changeToLiabilities": 0}, {"maxAge": 1, "endDate": "2020-03-31", "netIncome": 28617452, "changeToLiabilities": 0}], "maxAge": 86400}, "insiderHolders": {"holders": [], "maxAge": 1}, "calendarEvents": {"maxAge": 1, "earnings": {"earningsDate": ["2020-10-29 05:30:S"]}}, "upgradeDowngradeHistory": {"history": [], "maxAge": 86400}, "price": {"maxAge": 1, "regularMarketChangePercent": 0.016157191, "regularMarketChange": 1.8499985, "regularMarketTime": "2021-04-30 15:29:58", "priceHint": 2, "regularMarketPrice": 116.35, "regularMarketDayHigh": 117.75, "regularMarketDayLow": 113.0, "regularMarketVolume": 42069, "averageDailyVolume10Day": 0, "averageDailyVolume3Month": 0, "regularMarketPreviousClose": 114.5, "regularMarketSource": "FREE_REALTIME", "regularMarketOpen": 113.0, "exchange": "NSI", "exchangeName": "NSE", "exchangeDataDelayedBy": 15, "marketState": "CLOSED", "quoteType": "EQUITY", "symbol": "SAKAR.NS", "underlyingSymbol": null, "shortName": "SAKAR HEALTHCARE L", "longName": "Sakar Healthcare Limited", "currency": "INR", "quoteSourceName": "Delayed Quote", "currencySymbol": "\u20b9", "fromCurrency": null, "lastMarket": null, "marketCap": 1740712320}, "balanceSheetHistory": {"balanceSheetStatements": [{"maxAge": 1, "endDate": "2020-03-31", "cash": 2959481, "netReceivables": 83097302, "inventory": 110582120, "otherCurrentAssets": 19128686, "totalCurrentAssets": 216522597, "longTermInvestments": 100000, "propertyPlantEquipment": 755027865, "intangibleAssets": 32800338, "otherAssets": 146782307, "totalAssets": 1151233107, "accountsPayable": 46000905, "shortLongTermDebt": 19620753, "otherCurrentLiab": 54127154, "longTermDebt": 124721461, "otherLiab": 70934749, "totalCurrentLiabilities": 142380337, "totalLiab": 338036547, "commonStock": 149610000, "retainedEarnings": 310023071, "treasuryStock": 5329729, "capitalSurplus": 348233760, "otherStockholderEquity": 5329729, "totalStockholderEquity": 813196560, "netTangibleAssets": 780396222}, {"maxAge": 1, "endDate": "2019-03-31", "cash": 3667973, "netReceivables": 95030235, "inventory": 69071203, "otherCurrentAssets": 32106019, "totalCurrentAssets": 200580852, "propertyPlantEquipment": 668174696, "intangibleAssets": 53786481, "otherAssets": 51298461, "totalAssets": 973840490, "accountsPayable": 34807384, "shortLongTermDebt": 31673316, "otherCurrentLiab": 45032286, "longTermDebt": 52149654, "otherLiab": 65499653, "totalCurrentLiabilities": 138846083, "totalLiab": 256495390, "commonStock": 149610000, "retainedEarnings": 213794619, "treasuryStock": 5750481, "capitalSurplus": 348190000, "otherStockholderEquity": 5750481, "totalStockholderEquity": 717345100, "netTangibleAssets": 663558619}, {"maxAge": 1, "endDate": "2018-03-31", "cash": 3623090, "netReceivables": 137320413, "inventory": 82772371, "otherCurrentAssets": 49373056, "totalCurrentAssets": 274193061, "longTermInvestments": 971196, "propertyPlantEquipment": 509651896, "intangibleAssets": 23633171, "otherAssets": 2547968, "totalAssets": 810997292, "accountsPayable": 39946170, "shortLongTermDebt": 33338916, "otherCurrentLiab": 39440046, "longTermDebt": 98427826, "otherLiab": 69766550, "totalCurrentLiabilities": 127876445, "totalLiab": 296070821, "commonStock": 122110000, "retainedEarnings": 149126471, "treasuryStock": 46750000, "capitalSurplus": 196940000, "otherStockholderEquity": 46750000, "totalStockholderEquity": 514926471, "netTangibleAssets": 491293300}, {"maxAge": 1, "endDate": "2017-03-31", "cash": 4518492, "netReceivables": 66412871, "inventory": 100913657, "otherCurrentAssets": 39468816, "totalCurrentAssets": 212260587, "propertyPlantEquipment": 489278997, "otherAssets": 4334171, "totalAssets": 705873755, "accountsPayable": 11825870, "shortLongTermDebt": 32393316, "otherCurrentLiab": 28477446, "longTermDebt": 159067318, "otherLiab": 64487731, "totalCurrentLiabilities": 127288978, "totalLiab": 350844027, "commonStock": 109610000, "retainedEarnings": 110979728, "capitalSurplus": 134440000, "totalStockholderEquity": 355029728, "netTangibleAssets": 355029728}], "maxAge": 86400}, "financialData": {"maxAge": 86400, "currentPrice": 116.35, "recommendationKey": "none", "totalCash": 35493000, "totalCashPerShare": 2.367, "ebitda": 237590704, "totalDebt": 363862016, "totalRevenue": 920251520, "debtToEquity": 40.619, "revenuePerShare": 61.347, "grossProfits": 402492218, "earningsGrowth": -0.189, "revenueGrowth": 0.204, "grossMargins": 0.44201002, "ebitdaMargins": 0.25818002, "operatingMargins": 0.17277001, "profitMargins": 0.12832, "financialCurrency": "INR"}}}