{"SAKHTISUG.BO": {"recommendationTrend": {"trend": [{"period": "0m", "strongBuy": 0, "buy": 0, "hold": 0, "sell": 0, "strongSell": 0}, {"period": "-1m", "strongBuy": 0, "buy": 0, "hold": 0, "sell": 0, "strongSell": 0}, {"period": "-2m", "strongBuy": 0, "buy": 0, "hold": 0, "sell": 0, "strongSell": 0}, {"period": "-3m", "strongBuy": 0, "buy": 0, "hold": 0, "sell": 0, "strongSell": 0}], "maxAge": 86400}, "cashflowStatementHistory": {"cashflowStatements": [{"maxAge": 1, "endDate": "2020-03-31", "netIncome": -2059239000, "depreciation": 493106000, "changeToNetincome": 1718551000, "changeToAccountReceivables": -65602000, "changeToLiabilities": 160870000, "changeToInventory": 455558000, "changeToOperatingActivities": -225844000, "totalCashFromOperatingActivities": 477400000, "capitalExpenditures": -12670000, "otherCashflowsFromInvestingActivities": 69453000, "totalCashflowsFromInvestingActivities": 60009000, "netBorrowings": -299671000, "otherCashflowsFromFinancingActivities": -280789000, "totalCashFromFinancingActivities": -580460000, "changeInCash": -43051000}, {"maxAge": 1, "endDate": "2019-03-31", "netIncome": -2140142000, "depreciation": 515853000, "changeToNetincome": 1432406000, "changeToAccountReceivables": 9201000, "changeToLiabilities": -4786000, "changeToInventory": -47871000, "changeToOperatingActivities": 593736000, "totalCashFromOperatingActivities": 358397000, "capitalExpenditures": -29951000, "investments": 6654000, "otherCashflowsFromInvestingActivities": 243432000, "totalCashflowsFromInvestingActivities": 233047000, "netBorrowings": -318714000, "otherCashflowsFromFinancingActivities": -299472000, "totalCashFromFinancingActivities": -618186000, "changeInCash": -26742000}, {"maxAge": 1, "endDate": "2018-03-31", "netIncome": -1771026000, "depreciation": 528169000, "changeToNetincome": 908004000, "changeToAccountReceivables": 69328000, "changeToLiabilities": 22877000, "changeToInventory": 4502000, "changeToOperatingActivities": -195404000, "totalCashFromOperatingActivities": -433550000, "capitalExpenditures": -72275000, "investments": 205105000, "otherCashflowsFromInvestingActivities": 543746000, "totalCashflowsFromInvestingActivities": 856721000, "netBorrowings": -127912000, "otherCashflowsFromFinancingActivities": -317406000, "totalCashFromFinancingActivities": -445318000, "changeInCash": -22147000}, {"maxAge": 1, "endDate": "2017-03-31", "netIncome": 393204000, "depreciation": 570047000, "changeToNetincome": 196637000, "changeToAccountReceivables": 1066945000, "changeToLiabilities": -432091000, "changeToInventory": -47780000, "changeToOperatingActivities": -95012000, "totalCashFromOperatingActivities": 1651977000, "capitalExpenditures": -73602000, "investments": -2000, "otherCashflowsFromInvestingActivities": 880085000, "totalCashflowsFromInvestingActivities": 828411000, "netBorrowings": -2461354000, "otherCashflowsFromFinancingActivities": -653215000, "totalCashFromFinancingActivities": -2503404000, "changeInCash": -23016000, "issuanceOfStock": 611165000}], "maxAge": 86400}, "institutionOwnership": {"ownershipList": [], "maxAge": 1}, "balanceSheetHistoryQuarterly": {"balanceSheetStatements": [{"maxAge": 1, "endDate": "2020-06-30", "totalStockholderEquity": -1605921000, "netTangibleAssets": -1605921000}, {"maxAge": 1, "endDate": "2020-03-31", "cash": 89248000, "shortTermInvestments": 149000, "netReceivables": 2660547000, "inventory": 677290000, "otherCurrentAssets": 4201374000, "totalCurrentAssets": 7665029000, "longTermInvestments": 165643000, "propertyPlantEquipment": 9941657000, "otherAssets": 552385000, "deferredLongTermAssetCharges": 124930000, "totalAssets": 18324714000, "accountsPayable": 2760986000, "shortLongTermDebt": 6283244000, "otherCurrentLiab": 1287231000, "longTermDebt": 934271000, "otherLiab": 284696000, "totalCurrentLiabilities": 18704951000, "totalLiab": 19930635000, "commonStock": 1188490000, "retainedEarnings": -5802221000, "treasuryStock": 307791000, "capitalSurplus": 2700019000, "otherStockholderEquity": 307791000, "totalStockholderEquity": -1605921000, "netTangibleAssets": -1605921000}, {"maxAge": 1, "endDate": "2019-12-31", "totalStockholderEquity": -408910000, "netTangibleAssets": -408910000}, {"maxAge": 1, "endDate": "2019-09-30", "cash": 144225000, "shortTermInvestments": 35455000, "netReceivables": 2148507000, "inventory": 576259000, "otherCurrentAssets": 2706049000, "totalCurrentAssets": 5610495000, "longTermInvestments": 87542000, "propertyPlantEquipment": 11655319000, "otherAssets": 719934000, "deferredLongTermAssetCharges": 124930000, "totalAssets": 18073290000, "accountsPayable": 2266805000, "otherCurrentLiab": 13636905000, "longTermDebt": 934549000, "otherLiab": 303012000, "totalCurrentLiabilities": 17244639000, "totalLiab": 18482200000, "commonStock": 1188490000, "treasuryStock": -1597400000, "otherStockholderEquity": -1597400000, "totalStockholderEquity": -408910000, "netTangibleAssets": -408910000}], "maxAge": 86400}, "earningsHistory": {"history": [{"maxAge": 1, "epsActual": {}, "epsEstimate": {}, "epsDifference": {}, "surprisePercent": {}, "quarter": {}, "period": "-4q"}, {"maxAge": 1, "epsActual": {}, "epsEstimate": {}, "epsDifference": {}, "surprisePercent": {}, "quarter": {}, "period": "-3q"}, {"maxAge": 1, "epsActual": {}, "epsEstimate": {}, "epsDifference": {}, "surprisePercent": {}, "quarter": {}, "period": "-2q"}, {"maxAge": 1, "epsActual": {}, "epsEstimate": {}, "epsDifference": {}, "surprisePercent": {}, "quarter": {}, "period": "-1q"}], "maxAge": 86400}, "indexTrend": {"maxAge": 1, "symbol": "SP5", "peRatio": 19.7411, "pegRatio": 1.34172, "estimates": [{"period": "0q", "growth": 0.549}, {"period": "+1q", "growth": 0.431}, {"period": "0y", "growth": 0.305}, {"period": "+1y", "growth": 0.109}, {"period": "+5y", "growth": 0.120865}, {"period": "-5y"}]}, "industryTrend": {"maxAge": 1, "symbol": null, "estimates": []}, "insiderTransactions": {"transactions": [{"maxAge": 1, "shares": 15000, "filerUrl": "", "transactionText": "", "filerName": "Manickam (M)", "filerRelation": "Executive Vice Chairman", "moneyText": "", "startDate": "2013-07-12", "ownership": "D"}, {"maxAge": 1, "shares": 45000, "filerUrl": "", "transactionText": "", "filerName": "Manickam (M)", "filerRelation": "Executive Vice Chairman", "moneyText": "", "startDate": "2013-07-04", "ownership": "D"}, {"maxAge": 1, "shares": 35000, "filerUrl": "", "transactionText": "", "filerName": "Manickam (M)", "filerRelation": "Executive Vice Chairman", "moneyText": "", "startDate": "2013-01-17", "ownership": "D"}, {"maxAge": 1, "shares": 100000, "filerUrl": "", "transactionText": "", "filerName": "Manickam (M)", "filerRelation": "Executive Vice Chairman", "moneyText": "", "startDate": "2012-10-25", "ownership": "D"}, {"maxAge": 1, "shares": 3126, "filerUrl": "", "transactionText": "", "filerName": "Manickam (M)", "filerRelation": "Managing Director", "moneyText": "", "startDate": "2009-10-09", "ownership": "D"}, {"maxAge": 1, "shares": 2000, "filerUrl": "", "transactionText": "", "filerName": "Manickam (M)", "filerRelation": "Managing Director", "moneyText": "", "startDate": "2009-09-22", "ownership": "D"}, {"maxAge": 1, "shares": 2000, "filerUrl": "", "transactionText": "", "filerName": "Manickam (M)", "filerRelation": "Managing Director", "moneyText": "", "startDate": "2009-09-17", "ownership": "D"}, {"maxAge": 1, "shares": 3073, "filerUrl": "", "transactionText": "", "filerName": "Manickam (M)", "filerRelation": "Managing Director", "moneyText": "", "startDate": "2009-09-16", "ownership": "D"}, {"maxAge": 1, "shares": 4000, "filerUrl": "", "transactionText": "", "filerName": "Manickam (M)", "filerRelation": "Managing Director", "moneyText": "", "startDate": "2009-09-15", "ownership": "D"}], "maxAge": 1}, "quoteType": {"exchange": "BSE", "quoteType": "EQUITY", "symbol": "SAKHTISUG.BO", "underlyingSymbol": "SAKHTISUG.BO", "shortName": "SAKTHI SUGARS LTD.", "longName": "Sakthi Sugars Limited", "firstTradeDateEpochUtc": "2000-08-28 09:15:00", "timeZoneFullName": "Asia/Kolkata", "timeZoneShortName": "IST", "uuid": "5be39a10-9ced-342b-a5d0-c149374fbb17", "gmtOffSetMilliseconds": 19800000, "maxAge": 1}, "incomeStatementHistory": {"incomeStatementHistory": [{"maxAge": 1, "endDate": "2020-03-31", "totalRevenue": 8030101000, "costOfRevenue": 6222046000, "grossProfit": 1808055000, "researchDevelopment": {}, "sellingGeneralAdministrative": 622512000, "nonRecurring": {}, "otherOperatingExpenses": 1897487000, "totalOperatingExpenses": 9235151000, "operatingIncome": -1205050000, "totalOtherIncomeExpenseNet": -878341000, "ebit": -1205050000, "interestExpense": -2010037000, "incomeBeforeTax": -2083391000, "incomeTaxExpense": -24152000, "minorityInterest": {}, "netIncomeFromContinuingOps": -2059239000, "discontinuedOperations": {}, "extraordinaryItems": {}, "effectOfAccountingCharges": {}, "otherItems": {}, "netIncome": -2059239000, "netIncomeApplicableToCommonShares": -2059239000}, {"maxAge": 1, "endDate": "2019-03-31", "totalRevenue": 5050593000, "costOfRevenue": 3799975000, "grossProfit": 1250618000, "researchDevelopment": {}, "sellingGeneralAdministrative": 603214000, "nonRecurring": {}, "otherOperatingExpenses": 1156479000, "totalOperatingExpenses": 6075521000, "operatingIncome": -1024928000, "totalOtherIncomeExpenseNet": -1642694000, "ebit": -1024928000, "interestExpense": -2585579000, "incomeBeforeTax": -2667622000, "incomeTaxExpense": -527480000, "minorityInterest": {}, "netIncomeFromContinuingOps": -2140142000, "discontinuedOperations": {}, "extraordinaryItems": {}, "effectOfAccountingCharges": {}, "otherItems": {}, "netIncome": -2140142000, "netIncomeApplicableToCommonShares": -2140142000}, {"maxAge": 1, "endDate": "2018-03-31", "totalRevenue": 5288293000, "costOfRevenue": 4279141000, "grossProfit": 1009152000, "researchDevelopment": {}, "sellingGeneralAdministrative": 596823000, "nonRecurring": {}, "otherOperatingExpenses": 780034000, "totalOperatingExpenses": 6184167000, "operatingIncome": -895874000, "totalOtherIncomeExpenseNet": -1626164000, "ebit": -895874000, "interestExpense": -1470198000, "incomeBeforeTax": -2522038000, "incomeTaxExpense": -751012000, "minorityInterest": {}, "netIncomeFromContinuingOps": -1771026000, "discontinuedOperations": {}, "extraordinaryItems": {}, "effectOfAccountingCharges": {}, "otherItems": {}, "netIncome": -1771026000, "netIncomeApplicableToCommonShares": -1771026000}, {"maxAge": 1, "endDate": "2017-03-31", "totalRevenue": 9263806000, "costOfRevenue": 6479803000, "grossProfit": 2784003000, "researchDevelopment": {}, "sellingGeneralAdministrative": 648584000, "nonRecurring": {}, "otherOperatingExpenses": 995964000, "totalOperatingExpenses": 8694398000, "operatingIncome": 569408000, "totalOtherIncomeExpenseNet": -48187000, "ebit": 569408000, "interestExpense": -1278910000, "incomeBeforeTax": 521221000, "incomeTaxExpense": 128017000, "minorityInterest": {}, "netIncomeFromContinuingOps": 393204000, "discontinuedOperations": {}, "extraordinaryItems": {}, "effectOfAccountingCharges": {}, "otherItems": {}, "netIncome": 393204000, "netIncomeApplicableToCommonShares": 393204000}], "maxAge": 86400}, "fundOwnership": {"ownershipList": [], "maxAge": 1}, "summaryDetail": {"maxAge": 1, "priceHint": 2, "previousClose": 10.13, "open": 10.35, "dayLow": 10.11, "dayHigh": 11.55, "regularMarketPreviousClose": 10.13, "regularMarketOpen": 10.35, "regularMarketDayLow": 10.11, "regularMarketDayHigh": 11.55, "volume": 236550, "regularMarketVolume": 236550, "averageVolume": 17479, "averageVolume10days": 10624, "averageDailyVolume10Day": 10624, "bid": 10.83, "ask": 11.1, "bidSize": 0, "askSize": 0, "marketCap": 1294265600, "fiftyTwoWeekLow": 5.0, "fiftyTwoWeekHigh": 13.57, "fiftyDayAverage": 10.2224245, "twoHundredDayAverage": 9.041617, "currency": "INR", "fromCurrency": null, "lastMarket": null, "algorithm": null, "tradeable": false}, "sectorTrend": {"maxAge": 1, "symbol": null, "estimates": []}, "incomeStatementHistoryQuarterly": {"incomeStatementHistory": [{"maxAge": 1, "endDate": "2020-06-30", "totalRevenue": 1582765000, "costOfRevenue": 1094765000, "grossProfit": 488000000, "researchDevelopment": {}, "sellingGeneralAdministrative": 137230000, "nonRecurring": {}, "otherOperatingExpenses": 280974000, "totalOperatingExpenses": 1609683000, "operatingIncome": -26918000, "totalOtherIncomeExpenseNet": -444294000, "ebit": -26918000, "interestExpense": -454347000, "incomeBeforeTax": -471212000, "incomeTaxExpense": 9000, "minorityInterest": {}, "netIncomeFromContinuingOps": -471221000, "discontinuedOperations": {}, "extraordinaryItems": {}, "effectOfAccountingCharges": {}, "otherItems": {}, "netIncome": -471221000, "netIncomeApplicableToCommonShares": -471221000}, {"maxAge": 1, "endDate": "2020-03-31", "totalRevenue": 2221749000, "costOfRevenue": 1909549000, "grossProfit": 312200000, "researchDevelopment": {}, "sellingGeneralAdministrative": 169921000, "nonRecurring": {}, "otherOperatingExpenses": 763937000, "totalOperatingExpenses": 2966824000, "operatingIncome": -745075000, "totalOtherIncomeExpenseNet": -442262000, "ebit": -745075000, "interestExpense": -891384000, "incomeBeforeTax": -1187337000, "incomeTaxExpense": 643000, "minorityInterest": {}, "netIncomeFromContinuingOps": -1187980000, "discontinuedOperations": {}, "extraordinaryItems": {}, "effectOfAccountingCharges": {}, "otherItems": {}, "netIncome": -1187980000, "netIncomeApplicableToCommonShares": -1187980000}, {"maxAge": 1, "endDate": "2019-12-31", "totalRevenue": 2187387000, "costOfRevenue": 1685327000, "grossProfit": 502060000, "researchDevelopment": {}, "sellingGeneralAdministrative": 165690000, "nonRecurring": {}, "otherOperatingExpenses": 441307000, "totalOperatingExpenses": 2415269000, "operatingIncome": -227882000, "totalOtherIncomeExpenseNet": 228725000, "ebit": -227882000, "interestExpense": -359618000, "incomeBeforeTax": 843000, "incomeTaxExpense": 2708000, "minorityInterest": {}, "netIncomeFromContinuingOps": -1865000, "discontinuedOperations": {}, "extraordinaryItems": {}, "effectOfAccountingCharges": {}, "otherItems": {}, "netIncome": -1865000, "netIncomeApplicableToCommonShares": -1865000}, {"maxAge": 1, "endDate": "2019-09-30", "totalRevenue": 1802116000, "costOfRevenue": 1245072000, "grossProfit": 557044000, "researchDevelopment": {}, "sellingGeneralAdministrative": 137891000, "nonRecurring": {}, "otherOperatingExpenses": 361506000, "totalOperatingExpenses": 1868502000, "operatingIncome": -66386000, "totalOtherIncomeExpenseNet": -352503000, "ebit": -66386000, "interestExpense": -361134000, "incomeBeforeTax": -418889000, "incomeTaxExpense": -55000, "minorityInterest": {}, "netIncomeFromContinuingOps": -418834000, "discontinuedOperations": {}, "extraordinaryItems": {}, "effectOfAccountingCharges": {}, "otherItems": {}, "netIncome": -418834000, "netIncomeApplicableToCommonShares": -418834000}], "maxAge": 86400}, "cashflowStatementHistoryQuarterly": {"cashflowStatements": [{"maxAge": 1, "endDate": "2020-06-30", "netIncome": -471221000, "changeToLiabilities": 0}, {"maxAge": 1, "endDate": "2020-03-31", "netIncome": -1187980000, "changeToLiabilities": 0}, {"maxAge": 1, "endDate": "2019-12-31", "netIncome": -1865000, "changeToLiabilities": 0}, {"maxAge": 1, "endDate": "2019-09-30", "netIncome": -418834000, "changeToLiabilities": 0}], "maxAge": 86400}, "insiderHolders": {"holders": [{"maxAge": 1, "name": "Manickam (M)", "relation": "Executive Vice Chairman", "url": "", "transactionDescription": "Acquisition", "latestTransDate": "2013-07-12", "positionDirect": 1899200, "positionDirectDate": "2013-07-12"}], "maxAge": 1}, "earnings": {"maxAge": 86400, "earningsChart": {"quarterly": [], "earningsDate": []}, "financialsChart": {"yearly": [{"date": 2017, "revenue": 9263806000, "earnings": 393204000}, {"date": 2018, "revenue": 5288293000, "earnings": -1771026000}, {"date": 2019, "revenue": 5050593000, "earnings": -2140142000}, {"date": 2020, "revenue": 8030101000, "earnings": -2059239000}], "quarterly": [{"date": "3Q2019", "revenue": 1802116000, "earnings": -418834000}, {"date": "4Q2019", "revenue": 2187387000, "earnings": -1865000}, {"date": "1Q2020", "revenue": 2221749000, "earnings": -1187980000}, {"date": "2Q2020", "revenue": 1582765000, "earnings": -471221000}]}, "financialCurrency": "INR"}, "calendarEvents": {"maxAge": 1, "earnings": {"earningsDate": []}}, "upgradeDowngradeHistory": {"history": [], "maxAge": 86400}, "price": {"maxAge": 1, "regularMarketChangePercent": 0.0750247, "regularMarketChange": 0.7600002, "regularMarketTime": "2021-04-30 15:27:17", "priceHint": 2, "regularMarketPrice": 10.89, "regularMarketDayHigh": 11.55, "regularMarketDayLow": 10.11, "regularMarketVolume": 236550, "averageDailyVolume10Day": 10624, "averageDailyVolume3Month": 17479, "regularMarketPreviousClose": 10.13, "regularMarketSource": "FREE_REALTIME", "regularMarketOpen": 10.35, "exchange": "BSE", "exchangeName": "BSE", "exchangeDataDelayedBy": 0, "marketState": "CLOSED", "quoteType": "EQUITY", "symbol": "SAKHTISUG.BO", "underlyingSymbol": null, "shortName": "SAKTHI SUGARS LTD.", "longName": "Sakthi Sugars Limited", "currency": "INR", "quoteSourceName": "Delayed Quote", "currencySymbol": "\u20b9", "fromCurrency": null, "lastMarket": null, "marketCap": 1294265600}, "balanceSheetHistory": {"balanceSheetStatements": [{"maxAge": 1, "endDate": "2020-03-31", "cash": 89248000, "shortTermInvestments": 149000, "netReceivables": 2660547000, "inventory": 677290000, "otherCurrentAssets": 4201374000, "totalCurrentAssets": 7665029000, "longTermInvestments": 165643000, "propertyPlantEquipment": 9941657000, "otherAssets": 552385000, "deferredLongTermAssetCharges": 124930000, "totalAssets": 18324714000, "accountsPayable": 2760986000, "shortLongTermDebt": 6283244000, "otherCurrentLiab": 1287231000, "longTermDebt": 934271000, "otherLiab": 284696000, "totalCurrentLiabilities": 18704951000, "totalLiab": 19930635000, "commonStock": 1188490000, "retainedEarnings": -5802221000, "treasuryStock": 307791000, "capitalSurplus": 2700019000, "otherStockholderEquity": 307791000, "totalStockholderEquity": -1605921000, "netTangibleAssets": -1605921000}, {"maxAge": 1, "endDate": "2019-03-31", "cash": 119646000, "shortTermInvestments": 12802000, "netReceivables": 2167742000, "inventory": 1132848000, "otherCurrentAssets": 2723101000, "totalCurrentAssets": 6191382000, "longTermInvestments": 132957000, "propertyPlantEquipment": 11886656000, "otherAssets": 694040000, "deferredLongTermAssetCharges": 102321000, "totalAssets": 18905035000, "accountsPayable": 2600116000, "shortLongTermDebt": 6016515000, "otherCurrentLiab": 975700000, "longTermDebt": 1700431000, "otherLiab": 279084000, "totalCurrentLiabilities": 16473243000, "totalLiab": 18453661000, "commonStock": 1188490000, "retainedEarnings": -3742982000, "treasuryStock": 305847000, "capitalSurplus": 2700019000, "otherStockholderEquity": 305847000, "totalStockholderEquity": 451374000, "netTangibleAssets": 451374000}, {"maxAge": 1, "endDate": "2018-03-31", "cash": 149523000, "shortTermInvestments": 87025000, "netReceivables": 1193485000, "inventory": 1084977000, "otherCurrentAssets": 2504741000, "totalCurrentAssets": 5056545000, "longTermInvestments": 107238000, "propertyPlantEquipment": 12710095000, "otherAssets": 716297000, "totalAssets": 18590175000, "accountsPayable": 2503719000, "shortLongTermDebt": 3481737000, "otherCurrentLiab": 653203000, "longTermDebt": 4549544000, "otherLiab": 695329000, "totalCurrentLiabilities": 10760505000, "totalLiab": 16006294000, "commonStock": 1188490000, "retainedEarnings": -1602840000, "treasuryStock": 298212000, "capitalSurplus": 2700019000, "otherStockholderEquity": 298212000, "totalStockholderEquity": 2583881000, "netTangibleAssets": 2583881000}, {"maxAge": 1, "endDate": "2017-03-31", "cash": 178542000, "shortTermInvestments": 265609000, "netReceivables": 507956000, "inventory": 1089479000, "otherCurrentAssets": 428975000, "totalCurrentAssets": 2498112000, "longTermInvestments": 802402000, "propertyPlantEquipment": 13859384000, "otherAssets": 1195688000, "totalAssets": 18355586000, "accountsPayable": 2480842000, "shortLongTermDebt": 2476681000, "otherCurrentLiab": 842366000, "longTermDebt": 5606476000, "otherLiab": 1437458000, "totalCurrentLiabilities": 8561251000, "totalLiab": 15607768000, "commonStock": 1188490000, "retainedEarnings": -1435244000, "treasuryStock": 294553000, "capitalSurplus": 2700019000, "otherStockholderEquity": 294553000, "totalStockholderEquity": 2747818000, "netTangibleAssets": 2747818000}], "maxAge": 86400}, "earningsTrend": {"trend": [{"maxAge": 1, "period": "0q", "endDate": null, "growth": {}, "earningsEstimate": {"avg": 0.0, "low": 0.0, "high": 0.0, "yearAgoEps": {}, "numberOfAnalysts": 0, "growth": {}}, "revenueEstimate": {"avg": 0, "low": 0, "high": 0, "numberOfAnalysts": 0, "yearAgoRevenue": {}, "growth": {}}, "epsTrend": {"current": 0.0, "7daysAgo": 0.0, "30daysAgo": 0.0, "60daysAgo": 0.0, "90daysAgo": 0.0}, "epsRevisions": {"upLast7days": 0, "upLast30days": 0, "downLast30days": 0, "downLast90days": {}}}, {"maxAge": 1, "period": "+1q", "endDate": null, "growth": {}, "earningsEstimate": {"avg": 0.0, "low": 0.0, "high": 0.0, "yearAgoEps": {}, "numberOfAnalysts": 0, "growth": {}}, "revenueEstimate": {"avg": 0, "low": 0, "high": 0, "numberOfAnalysts": 0, "yearAgoRevenue": {}, "growth": {}}, "epsTrend": {"current": 0.0, "7daysAgo": 0.0, "30daysAgo": 0.0, "60daysAgo": 0.0, "90daysAgo": 0.0}, "epsRevisions": {"upLast7days": 0, "upLast30days": 0, "downLast30days": 0, "downLast90days": {}}}, {"maxAge": 1, "period": "0y", "endDate": null, "growth": {}, "earningsEstimate": {"avg": 0.0, "low": 0.0, "high": 0.0, "yearAgoEps": {}, "numberOfAnalysts": 0, "growth": {}}, "revenueEstimate": {"avg": 0, "low": 0, "high": 0, "numberOfAnalysts": 0, "yearAgoRevenue": {}, "growth": {}}, "epsTrend": {"current": 0.0, "7daysAgo": 0.0, "30daysAgo": 0.0, "60daysAgo": 0.0, "90daysAgo": 0.0}, "epsRevisions": {"upLast7days": 0, "upLast30days": 0, "downLast30days": 0, "downLast90days": {}}}, {"maxAge": 1, "period": "+1y", "endDate": null, "growth": {}, "earningsEstimate": {"avg": 0.0, "low": 0.0, "high": 0.0, "yearAgoEps": {}, "numberOfAnalysts": 0, "growth": {}}, "revenueEstimate": {"avg": 0, "low": 0, "high": 0, "numberOfAnalysts": 0, "yearAgoRevenue": {}, "growth": {}}, "epsTrend": {"current": 0.0, "7daysAgo": 0.0, "30daysAgo": 0.0, "60daysAgo": 0.0, "90daysAgo": 0.0}, "epsRevisions": {"upLast7days": 0, "upLast30days": 0, "downLast30days": 0, "downLast90days": {}}}, {"maxAge": 1, "period": "+5y", "endDate": null, "growth": {}, "earningsEstimate": {"avg": {}, "low": {}, "high": {}, "yearAgoEps": {}, "numberOfAnalysts": {}, "growth": {}}, "revenueEstimate": {"avg": {}, "low": {}, "high": {}, "numberOfAnalysts": {}, "yearAgoRevenue": {}, "growth": {}}, "epsTrend": {"current": {}, "7daysAgo": {}, "30daysAgo": {}, "60daysAgo": {}, "90daysAgo": {}}, "epsRevisions": {"upLast7days": {}, "upLast30days": {}, "downLast30days": {}, "downLast90days": {}}}, {"maxAge": 1, "period": "-5y", "endDate": null, "growth": {}, "earningsEstimate": {"avg": {}, "low": {}, "high": {}, "yearAgoEps": {}, "numberOfAnalysts": {}, "growth": {}}, "revenueEstimate": {"avg": {}, "low": {}, "high": {}, "numberOfAnalysts": {}, "yearAgoRevenue": {}, "growth": {}}, "epsTrend": {"current": {}, "7daysAgo": {}, "30daysAgo": {}, "60daysAgo": {}, "90daysAgo": {}}, "epsRevisions": {"upLast7days": {}, "upLast30days": {}, "downLast30days": {}, "downLast90days": {}}}], "maxAge": 1}, "financialData": {"maxAge": 86400, "currentPrice": 10.89, "recommendationKey": "none", "grossProfits": 1808055000, "financialCurrency": "INR"}}}