{"SAKTHIFIN.BO": {"cashflowStatementHistory": {"cashflowStatements": [{"maxAge": 1, "endDate": "2020-03-31", "netIncome": 111794000, "depreciation": 46561000, "changeToNetincome": 58062000, "changeToLiabilities": -1793000, "changeToOperatingActivities": -1572628000, "totalCashFromOperatingActivities": -1358004000, "capitalExpenditures": -10039000, "investments": 9812000, "otherCashflowsFromInvestingActivities": 45806000, "totalCashflowsFromInvestingActivities": 45669000, "dividendsPaid": -60278000, "netBorrowings": 933767000, "otherCashflowsFromFinancingActivities": -35851000, "totalCashFromFinancingActivities": 1087638000, "changeInCash": -224698000, "issuanceOfStock": 250000000}, {"maxAge": 1, "endDate": "2019-03-31", "netIncome": 119635000, "depreciation": 23159000, "changeToNetincome": -42714000, "changeToLiabilities": 0, "changeToOperatingActivities": 38517000, "totalCashFromOperatingActivities": 150689000, "capitalExpenditures": -36800000, "investments": -25361000, "otherCashflowsFromInvestingActivities": 72971000, "totalCashflowsFromInvestingActivities": 11065000, "dividendsPaid": -63770000, "netBorrowings": -161623000, "otherCashflowsFromFinancingActivities": -13109000, "totalCashFromFinancingActivities": -202247000, "changeInCash": -40493000, "issuanceOfStock": 250000000}, {"maxAge": 1, "endDate": "2018-03-31", "netIncome": 119263000, "depreciation": 21870000, "changeToNetincome": -35755000, "changeToLiabilities": 0, "changeToOperatingActivities": 803540000, "totalCashFromOperatingActivities": 920240000, "capitalExpenditures": -21128000, "investments": -9785000, "otherCashflowsFromInvestingActivities": 79591000, "totalCashflowsFromInvestingActivities": 48781000, "dividendsPaid": -61061000, "netBorrowings": -839314000, "otherCashflowsFromFinancingActivities": -12431000, "totalCashFromFinancingActivities": -904061000, "changeInCash": 64960000, "issuanceOfStock": 250000000}, {"maxAge": 1, "endDate": "2017-03-31", "netIncome": 167556000, "depreciation": 20728000, "changeToNetincome": -35250000, "changeToLiabilities": 0, "changeToOperatingActivities": -414736000, "totalCashFromOperatingActivities": -250259000, "capitalExpenditures": -16058000, "investments": -25756000, "otherCashflowsFromInvestingActivities": 59680000, "totalCashflowsFromInvestingActivities": 17866000, "dividendsPaid": -72817000, "netBorrowings": 419232000, "otherCashflowsFromFinancingActivities": -75342000, "totalCashFromFinancingActivities": 271073000, "changeInCash": 38680000, "issuanceOfStock": 250000000}], "maxAge": 86400}, "institutionOwnership": {"maxAge": 1, "ownershipList": []}, "balanceSheetHistoryQuarterly": {"balanceSheetStatements": [{"maxAge": 1, "endDate": "2020-06-30", "totalStockholderEquity": 1864753000, "netTangibleAssets": 1851751000}, {"maxAge": 1, "endDate": "2020-03-31", "cash": 158218000, "netReceivables": 10732903000, "totalCurrentAssets": 10891121000, "longTermInvestments": 470407000, "propertyPlantEquipment": 764773000, "intangibleAssets": 13002000, "otherAssets": 60819000, "totalAssets": 12200122000, "accountsPayable": 1921401000, "otherCurrentLiab": 12173000, "longTermDebt": 8188765000, "otherLiab": 213030000, "totalCurrentLiabilities": 1933574000, "totalLiab": 10335369000, "commonStock": 647058000, "treasuryStock": 1217695000, "otherStockholderEquity": 1217695000, "totalStockholderEquity": 1864753000, "netTangibleAssets": 1851751000}, {"maxAge": 1, "endDate": "2019-12-31", "cash": 346942000, "netReceivables": 10072541000, "totalCurrentAssets": 10419483000, "longTermInvestments": 603342000, "propertyPlantEquipment": 551345000, "intangibleAssets": 24827000, "otherAssets": 68495000, "deferredLongTermAssetCharges": 1179000, "totalAssets": 11667492000, "accountsPayable": 1883026000, "otherCurrentLiab": 8099000, "longTermDebt": 7576483000, "otherLiab": 643909000, "totalCurrentLiabilities": 1891125000, "totalLiab": 10111517000, "commonStock": 500000000, "treasuryStock": 1055975000, "otherStockholderEquity": 1055975000, "totalStockholderEquity": 1555975000, "netTangibleAssets": 1531148000}, {"maxAge": 1, "endDate": "2019-09-30", "cash": 476758000, "netReceivables": 9663938000, "totalCurrentAssets": 10140696000, "longTermInvestments": 612348000, "propertyPlantEquipment": 596735000, "intangibleAssets": 28037000, "otherAssets": 27537000, "totalAssets": 11405353000, "accountsPayable": 1739939000, "otherCurrentLiab": 7662000, "longTermDebt": 7339617000, "otherLiab": 797493000, "totalCurrentLiabilities": 1747601000, "totalLiab": 9884711000, "commonStock": 500000000, "treasuryStock": 1020642000, "otherStockholderEquity": 1020642000, "totalStockholderEquity": 1520642000, "netTangibleAssets": 1492605000}], "maxAge": 86400}, "indexTrend": {"maxAge": 1, "symbol": "SP5", "peRatio": 19.7411, "pegRatio": 1.34172, "estimates": [{"period": "0q", "growth": 0.549}, {"period": "+1q", "growth": 0.431}, {"period": "0y", "growth": 0.305}, {"period": "+1y", "growth": 0.109}, {"period": "+5y", "growth": 0.120859005}, {"period": "-5y"}]}, "quoteType": {"exchange": "BSE", "quoteType": "EQUITY", "symbol": "SAKTHIFIN.BO", "underlyingSymbol": "SAKTHIFIN.BO", "shortName": "SAKTHI FINANCE LTD.", "longName": "Sakthi Finance Limited", "firstTradeDateEpochUtc": "2002-04-26 09:15:00", "timeZoneFullName": "Asia/Kolkata", "timeZoneShortName": "IST", "uuid": "d72223e9-437a-30ff-ac27-5e4b957e9317", "messageBoardId": null, "gmtOffSetMilliseconds": 19800000, "maxAge": 1}, "incomeStatementHistory": {"incomeStatementHistory": [{"maxAge": 1, "endDate": "2020-03-31", "totalRevenue": 691321000, "costOfRevenue": 17425000, "grossProfit": 673896000, "researchDevelopment": {}, "sellingGeneralAdministrative": 414328000, "nonRecurring": {}, "otherOperatingExpenses": {}, "totalOperatingExpenses": 478314000, "operatingIncome": 213007000, "totalOtherIncomeExpenseNet": -72904000, "ebit": 0, "interestExpense": {}, "incomeBeforeTax": 140103000, "incomeTaxExpense": 28309000, "minorityInterest": {}, "netIncomeFromContinuingOps": 111794000, "discontinuedOperations": {}, "extraordinaryItems": {}, "effectOfAccountingCharges": {}, "otherItems": {}, "netIncome": 111794000, "netIncomeApplicableToCommonShares": 111794000}, {"maxAge": 1, "endDate": "2019-03-31", "totalRevenue": 644606000, "costOfRevenue": 25830000, "grossProfit": 618776000, "researchDevelopment": {}, "sellingGeneralAdministrative": 264834000, "nonRecurring": {}, "otherOperatingExpenses": 151515000, "totalOperatingExpenses": 477430000, "operatingIncome": 167176000, "totalOtherIncomeExpenseNet": 295000, "ebit": 0, "interestExpense": {}, "incomeBeforeTax": 167471000, "incomeTaxExpense": 47836000, "minorityInterest": {}, "netIncomeFromContinuingOps": 119635000, "discontinuedOperations": {}, "extraordinaryItems": {}, "effectOfAccountingCharges": {}, "otherItems": {}, "netIncome": 119635000, "netIncomeApplicableToCommonShares": 103033000}, {"maxAge": 1, "endDate": "2018-03-31", "totalRevenue": 637675000, "costOfRevenue": 25007000, "grossProfit": 612668000, "researchDevelopment": {}, "sellingGeneralAdministrative": 252333000, "nonRecurring": {}, "otherOperatingExpenses": 137147000, "totalOperatingExpenses": 447679000, "operatingIncome": 189996000, "totalOtherIncomeExpenseNet": -4601000, "ebit": 0, "interestExpense": {}, "incomeBeforeTax": 185395000, "incomeTaxExpense": 66132000, "minorityInterest": {}, "netIncomeFromContinuingOps": 119263000, "discontinuedOperations": {}, "extraordinaryItems": {}, "effectOfAccountingCharges": {}, "otherItems": {}, "netIncome": 119263000, "netIncomeApplicableToCommonShares": 105951000}, {"maxAge": 1, "endDate": "2017-03-31", "totalRevenue": 622026000, "costOfRevenue": 26875000, "grossProfit": 595151000, "researchDevelopment": {}, "sellingGeneralAdministrative": 224290000, "nonRecurring": {}, "otherOperatingExpenses": 129882000, "totalOperatingExpenses": 413218000, "operatingIncome": 208808000, "totalOtherIncomeExpenseNet": 2346000, "ebit": 0, "interestExpense": {}, "incomeBeforeTax": 211154000, "incomeTaxExpense": 43598000, "minorityInterest": {}, "netIncomeFromContinuingOps": 167556000, "discontinuedOperations": {}, "extraordinaryItems": {}, "effectOfAccountingCharges": {}, "otherItems": {}, "netIncome": 167556000, "netIncomeApplicableToCommonShares": 154918000}], "maxAge": 86400}, "fundOwnership": {"maxAge": 1, "ownershipList": []}, "summaryDetail": {"maxAge": 1, "priceHint": 2, "previousClose": 14.45, "open": 15.2, "dayLow": 13.9, "dayHigh": 15.2, "regularMarketPreviousClose": 14.45, "regularMarketOpen": 15.2, "regularMarketDayLow": 13.9, "regularMarketDayHigh": 15.2, "trailingPE": 6.4665127, "volume": 20199, "regularMarketVolume": 20199, "averageVolume": 6166, "averageVolume10days": 6964, "averageDailyVolume10Day": 6964, "bid": 14.0, "ask": 0.0, "bidSize": 0, "askSize": 0, "marketCap": 905882624, "fiftyTwoWeekLow": 10.02, "fiftyTwoWeekHigh": 18.25, "fiftyDayAverage": 15.420571, "twoHundredDayAverage": 14.844671, "trailingAnnualDividendRate": 0.6, "trailingAnnualDividendYield": 0.04152249, "currency": "INR", "fromCurrency": null, "toCurrency": null, "lastMarket": null, "algorithm": null, "tradeable": false}, "incomeStatementHistoryQuarterly": {"incomeStatementHistory": [{"maxAge": 1, "endDate": "2020-06-30", "totalRevenue": 147040000, "costOfRevenue": 4613000, "grossProfit": 142427000, "researchDevelopment": {}, "sellingGeneralAdministrative": 81006000, "nonRecurring": {}, "otherOperatingExpenses": {}, "totalOperatingExpenses": 96234000, "operatingIncome": 50806000, "totalOtherIncomeExpenseNet": -18669000, "ebit": 0, "interestExpense": {}, "incomeBeforeTax": 32137000, "incomeTaxExpense": 8161000, "minorityInterest": {}, "netIncomeFromContinuingOps": 23976000, "discontinuedOperations": {}, "extraordinaryItems": {}, "effectOfAccountingCharges": {}, "otherItems": {}, "netIncome": 23976000, "netIncomeApplicableToCommonShares": 23976000}, {"maxAge": 1, "endDate": "2020-03-31", "totalRevenue": 188447000, "costOfRevenue": 4431000, "grossProfit": 184016000, "researchDevelopment": {}, "sellingGeneralAdministrative": 106944000, "nonRecurring": {}, "otherOperatingExpenses": {}, "totalOperatingExpenses": 130153000, "operatingIncome": 58294000, "totalOtherIncomeExpenseNet": -24110000, "ebit": 0, "interestExpense": {}, "incomeBeforeTax": 34184000, "incomeTaxExpense": 8926000, "minorityInterest": {}, "netIncomeFromContinuingOps": 25258000, "discontinuedOperations": {}, "extraordinaryItems": {}, "effectOfAccountingCharges": {}, "otherItems": {}, "netIncome": 25258000, "netIncomeApplicableToCommonShares": 25258000}, {"maxAge": 1, "endDate": "2019-12-31", "totalRevenue": 178076000, "costOfRevenue": 2941000, "grossProfit": 175135000, "researchDevelopment": {}, "sellingGeneralAdministrative": 106819000, "nonRecurring": {}, "otherOperatingExpenses": 33677000, "totalOperatingExpenses": 158753000, "operatingIncome": 19323000, "totalOtherIncomeExpenseNet": 21016000, "ebit": 0, "interestExpense": {}, "incomeBeforeTax": 40339000, "incomeTaxExpense": 5506000, "minorityInterest": {}, "netIncomeFromContinuingOps": 34833000, "discontinuedOperations": {}, "extraordinaryItems": {}, "effectOfAccountingCharges": {}, "otherItems": {}, "netIncome": 34833000, "netIncomeApplicableToCommonShares": 34833000}, {"maxAge": 1, "endDate": "2019-09-30", "totalRevenue": 167931000, "costOfRevenue": 6302000, "grossProfit": 161629000, "researchDevelopment": {}, "sellingGeneralAdministrative": 103196000, "nonRecurring": {}, "otherOperatingExpenses": 33677000, "totalOperatingExpenses": 124555000, "operatingIncome": 43376000, "totalOtherIncomeExpenseNet": -10450000, "ebit": 0, "interestExpense": {}, "incomeBeforeTax": 32926000, "incomeTaxExpense": 2165000, "minorityInterest": {}, "netIncomeFromContinuingOps": 30761000, "discontinuedOperations": {}, "extraordinaryItems": {}, "effectOfAccountingCharges": {}, "otherItems": {}, "netIncome": 30761000, "netIncomeApplicableToCommonShares": 30761000}], "maxAge": 86400}, "cashflowStatementHistoryQuarterly": {"cashflowStatements": [{"maxAge": 1, "endDate": "2020-06-30", "netIncome": 23976000, "changeToLiabilities": 0}, {"maxAge": 1, "endDate": "2020-03-31", "netIncome": 25258000, "depreciation": 18778000, "changeToNetincome": -749272000, "changeToLiabilities": -1793000, "changeToOperatingActivities": -528828000, "totalCashFromOperatingActivities": -1235858000, "capitalExpenditures": -984000, "investments": 9812000, "otherCashflowsFromInvestingActivities": 45806000, "totalCashflowsFromInvestingActivities": 54158000, "netBorrowings": 130321000, "otherCashflowsFromFinancingActivities": 598766000, "totalCashFromFinancingActivities": 979087000, "changeInCash": -202614000, "issuanceOfStock": 250000000}, {"maxAge": 1, "endDate": "2019-12-31", "netIncome": 34833000, "depreciation": 9332000, "changeToNetincome": 284619000, "changeToLiabilities": 0, "changeToOperatingActivities": -587000000, "totalCashFromOperatingActivities": -258216000, "capitalExpenditures": -1698000, "investments": 9812000, "otherCashflowsFromInvestingActivities": 45806000, "totalCashflowsFromInvestingActivities": -1698000, "netBorrowings": 298023000, "otherCashflowsFromFinancingActivities": -118081000, "totalCashFromFinancingActivities": 179942000, "changeInCash": -79972000, "issuanceOfStock": 250000000}, {"maxAge": 1, "endDate": "2019-09-30", "netIncome": 30761000, "depreciation": 9332000, "changeToNetincome": 284619000, "changeToLiabilities": 0, "changeToOperatingActivities": -587000000, "totalCashFromOperatingActivities": -258216000, "capitalExpenditures": -1698000, "investments": 9812000, "otherCashflowsFromInvestingActivities": 45806000, "totalCashflowsFromInvestingActivities": -1698000, "netBorrowings": 298023000, "otherCashflowsFromFinancingActivities": -118081000, "totalCashFromFinancingActivities": 179942000, "changeInCash": -79972000, "issuanceOfStock": 250000000}], "maxAge": 86400}, "insiderHolders": {"holders": [], "maxAge": 1}, "calendarEvents": {"maxAge": 1, "earnings": {"earningsDate": []}}, "price": {"maxAge": 1, "regularMarketChangePercent": -0.031141855, "regularMarketChange": -0.4499998, "regularMarketTime": "2021-04-30 15:55:35", "priceHint": 2, "regularMarketPrice": 14.0, "regularMarketDayHigh": 15.2, "regularMarketDayLow": 13.9, "regularMarketVolume": 20199, "averageDailyVolume10Day": 6964, "averageDailyVolume3Month": 6166, "regularMarketPreviousClose": 14.45, "regularMarketSource": "FREE_REALTIME", "regularMarketOpen": 15.2, "exchange": "BSE", "exchangeName": "BSE", "exchangeDataDelayedBy": 0, "marketState": "CLOSED", "quoteType": "EQUITY", "symbol": "SAKTHIFIN.BO", "underlyingSymbol": null, "shortName": "SAKTHI FINANCE LTD.", "longName": "Sakthi Finance Limited", "currency": "INR", "quoteSourceName": "Delayed Quote", "currencySymbol": "\u20b9", "fromCurrency": null, "toCurrency": null, "lastMarket": null, "marketCap": 905882624}, "balanceSheetHistory": {"balanceSheetStatements": [{"maxAge": 1, "endDate": "2020-03-31", "cash": 158218000, "netReceivables": 10732903000, "totalCurrentAssets": 10891121000, "longTermInvestments": 470407000, "propertyPlantEquipment": 764773000, "intangibleAssets": 13002000, "otherAssets": 60819000, "totalAssets": 12200122000, "accountsPayable": 1921401000, "otherCurrentLiab": 12173000, "longTermDebt": 8188765000, "otherLiab": 213030000, "totalCurrentLiabilities": 1933574000, "totalLiab": 10335369000, "commonStock": 647058000, "treasuryStock": 1217695000, "otherStockholderEquity": 1217695000, "totalStockholderEquity": 1864753000, "netTangibleAssets": 1851751000}, {"maxAge": 1, "endDate": "2019-03-31", "cash": 409055000, "netReceivables": 9746721000, "otherCurrentAssets": 38161000, "totalCurrentAssets": 10193937000, "longTermInvestments": 26455000, "propertyPlantEquipment": 602344000, "intangibleAssets": 34230000, "otherAssets": 376739000, "totalAssets": 11233705000, "accountsPayable": 36271000, "shortLongTermDebt": 2303870000, "otherCurrentLiab": 308043000, "longTermDebt": 4462789000, "otherLiab": 13962000, "totalCurrentLiabilities": 4983985000, "totalLiab": 9460736000, "commonStock": 500000000, "retainedEarnings": 536430000, "treasuryStock": 505232000, "capitalSurplus": 80107000, "otherStockholderEquity": 505232000, "totalStockholderEquity": 1621769000, "netTangibleAssets": 1587539000}, {"maxAge": 1, "endDate": "2018-03-31", "cash": 520288000, "netReceivables": 9377171000, "otherCurrentAssets": 38685000, "totalCurrentAssets": 9936144000, "longTermInvestments": 26455000, "propertyPlantEquipment": 599233000, "intangibleAssets": 35900000, "otherAssets": 337286000, "totalAssets": 10935018000, "accountsPayable": 31893000, "shortLongTermDebt": 2269236000, "otherCurrentLiab": 264762000, "longTermDebt": 4574987000, "otherLiab": 24456000, "totalCurrentLiabilities": 4621441000, "totalLiab": 9220884000, "commonStock": 500000000, "retainedEarnings": 422126000, "treasuryStock": 576781000, "capitalSurplus": 80107000, "otherStockholderEquity": 576781000, "totalStockholderEquity": 1579014000, "netTangibleAssets": 1543114000}, {"maxAge": 1, "endDate": "2017-03-31", "cash": 356642000, "netReceivables": 9387675000, "otherCurrentAssets": 37413000, "totalCurrentAssets": 9781730000, "longTermInvestments": 26455000, "propertyPlantEquipment": 601054000, "intangibleAssets": 46283000, "otherAssets": 335824000, "totalAssets": 10791346000, "accountsPayable": 58505000, "shortLongTermDebt": 1344348000, "otherCurrentLiab": 247633000, "longTermDebt": 5922237000, "otherLiab": 42479000, "totalCurrentLiabilities": 3182982000, "totalLiab": 9147698000, "commonStock": 500000000, "retainedEarnings": 505331000, "treasuryStock": 447805000, "capitalSurplus": 80107000, "otherStockholderEquity": 447805000, "totalStockholderEquity": 1533243000, "netTangibleAssets": 1486960000}], "maxAge": 86400}, "financialData": {"maxAge": 86400, "currentPrice": 14.0, "recommendationKey": "none", "grossProfits": 673896000, "financialCurrency": "INR"}}}