{"SALASAR.BO": {"recommendationTrend": {"trend": [{"period": "0m", "strongBuy": 0, "buy": 0, "hold": 0, "sell": 0, "strongSell": 0}, {"period": "-1m", "strongBuy": 0, "buy": 0, "hold": 0, "sell": 0, "strongSell": 0}, {"period": "-2m", "strongBuy": 0, "buy": 0, "hold": 0, "sell": 0, "strongSell": 0}, {"period": "-3m", "strongBuy": 0, "buy": 0, "hold": 0, "sell": 0, "strongSell": 0}], "maxAge": 86400}, "cashflowStatementHistory": {"cashflowStatements": [{"maxAge": 1, "endDate": "2020-03-31", "netIncome": 223769000, "depreciation": 49919000, "changeToNetincome": 174143000, "changeToAccountReceivables": 31442000, "changeToLiabilities": -368205000, "changeToInventory": 243906000, "changeToOperatingActivities": -44304000, "totalCashFromOperatingActivities": 310670000, "capitalExpenditures": -192591000, "otherCashflowsFromInvestingActivities": -25471000, "totalCashflowsFromInvestingActivities": -216615000, "dividendsPaid": -33213000, "netBorrowings": 139955000, "otherCashflowsFromFinancingActivities": -212510000, "totalCashFromFinancingActivities": -105768000, "changeInCash": -11713000}, {"maxAge": 1, "endDate": "2019-03-31", "netIncome": 332713000, "depreciation": 46019000, "changeToNetincome": 176975000, "changeToAccountReceivables": -656214000, "changeToLiabilities": 262563000, "changeToInventory": -289177000, "changeToOperatingActivities": 8116000, "totalCashFromOperatingActivities": -119005000, "capitalExpenditures": -91070000, "investments": -16484000, "otherCashflowsFromInvestingActivities": -34018000, "totalCashflowsFromInvestingActivities": -141572000, "dividendsPaid": -26571000, "netBorrowings": 412545000, "otherCashflowsFromFinancingActivities": -168654000, "totalCashFromFinancingActivities": 217320000, "changeInCash": -43257000}, {"maxAge": 1, "endDate": "2018-03-31", "netIncome": 296210000, "depreciation": 38609000, "changeToNetincome": 66486000, "changeToAccountReceivables": -721740000, "changeToLiabilities": -20918000, "changeToInventory": -201971000, "changeToOperatingActivities": 117786000, "totalCashFromOperatingActivities": -425538000, "capitalExpenditures": -151422000, "investments": 10559000, "otherCashflowsFromInvestingActivities": -22537000, "totalCashflowsFromInvestingActivities": -162415000, "dividendsPaid": -13285000, "netBorrowings": 403695000, "otherCashflowsFromFinancingActivities": -86873000, "totalCashFromFinancingActivities": 647199000, "changeInCash": 59247000, "issuanceOfStock": 343662000}, {"maxAge": 1, "endDate": "2017-03-31", "netIncome": 186940000, "depreciation": 32885000, "changeToNetincome": 77277000, "changeToAccountReceivables": -187311000, "changeToLiabilities": 184075000, "changeToInventory": -239105000, "changeToOperatingActivities": 64590000, "totalCashFromOperatingActivities": 119351000, "capitalExpenditures": -98421000, "investments": 9988000, "otherCashflowsFromInvestingActivities": -86812000, "totalCashflowsFromInvestingActivities": -175245000, "dividendsPaid": -13285000, "netBorrowings": 127435000, "otherCashflowsFromFinancingActivities": -74499000, "totalCashFromFinancingActivities": 52936000, "changeInCash": -2958000, "issuanceOfStock": 343662000}], "maxAge": 86400}, "institutionOwnership": {"ownershipList": [], "maxAge": 1}, "balanceSheetHistoryQuarterly": {"balanceSheetStatements": [{"maxAge": 1, "endDate": "2020-06-30", "totalStockholderEquity": 2071476000, "netTangibleAssets": 2071476000}, {"maxAge": 1, "endDate": "2020-03-31", "cash": 6548000, "netReceivables": 2169565000, "inventory": 935393000, "otherCurrentAssets": 338989000, "totalCurrentAssets": 3479266000, "propertyPlantEquipment": 914246000, "otherAssets": 141738000, "totalAssets": 4535250000, "accountsPayable": 214483000, "otherCurrentLiab": 474913000, "longTermDebt": 43992000, "otherLiab": 55089000, "totalCurrentLiabilities": 2356525000, "totalLiab": 2463774000, "commonStock": 132853000, "retainedEarnings": 1391682000, "treasuryStock": -1948000, "capitalSurplus": 548889000, "otherStockholderEquity": -1948000, "totalStockholderEquity": 2071476000, "netTangibleAssets": 2071476000}, {"maxAge": 1, "endDate": "2019-12-31", "totalStockholderEquity": 2035222000, "netTangibleAssets": 2035222000}, {"maxAge": 1, "endDate": "2019-09-30", "cash": 186753000, "shortTermInvestments": 112868000, "netReceivables": 2376915000, "inventory": 990343000, "otherCurrentAssets": 246305000, "totalCurrentAssets": 3913184000, "longTermInvestments": 83862000, "propertyPlantEquipment": 820852000, "otherAssets": 83861000, "totalAssets": 4817897000, "accountsPayable": 264984000, "otherCurrentLiab": 618022000, "longTermDebt": 44439000, "otherLiab": 149265000, "totalCurrentLiabilities": 2588971000, "totalLiab": 2782675000, "commonStock": 132853000, "treasuryStock": 1902369000, "otherStockholderEquity": 1902369000, "totalStockholderEquity": 2035222000, "netTangibleAssets": 2035222000}], "maxAge": 86400}, "earningsHistory": {"history": [{"maxAge": 1, "epsActual": {}, "epsEstimate": {}, "epsDifference": {}, "surprisePercent": {}, "quarter": {}, "period": "-4q"}, {"maxAge": 1, "epsActual": {}, "epsEstimate": {}, "epsDifference": {}, "surprisePercent": {}, "quarter": {}, "period": "-3q"}, {"maxAge": 1, "epsActual": 7.47, "epsEstimate": 7.49, "epsDifference": -0.02, "surprisePercent": -0.003, "quarter": "2018-03-31", "period": "-2q"}, {"maxAge": 1, "epsActual": 5.97, "epsEstimate": 6.28, "epsDifference": -0.31, "surprisePercent": -0.049000002, "quarter": "2018-09-30", "period": "-1q"}], "maxAge": 86400}, "indexTrend": {"maxAge": 1, "symbol": "SP5", "peRatio": 19.7411, "pegRatio": 1.34172, "estimates": [{"period": "0q", "growth": 0.549}, {"period": "+1q", "growth": 0.431}, {"period": "0y", "growth": 0.305}, {"period": "+1y", "growth": 0.109}, {"period": "+5y", "growth": 0.120865}, {"period": "-5y"}]}, "industryTrend": {"maxAge": 1, "symbol": null, "estimates": []}, "quoteType": {"exchange": "BSE", "quoteType": "EQUITY", "symbol": "SALASAR.BO", "underlyingSymbol": "SALASAR.BO", "shortName": "Salasar Techno Engineering Lim", "longName": "Salasar Techno Engineering Limited", "firstTradeDateEpochUtc": "2017-07-25 09:15:00", "timeZoneFullName": "Asia/Kolkata", "timeZoneShortName": "IST", "uuid": "372140f5-44d8-3ae8-9dc6-af0f9b7a6a3b", "gmtOffSetMilliseconds": 19800000, "maxAge": 1}, "incomeStatementHistory": {"incomeStatementHistory": [{"maxAge": 1, "endDate": "2020-03-31", "totalRevenue": 5262513000, "costOfRevenue": 4181823000, "grossProfit": 1080690000, "researchDevelopment": {}, "sellingGeneralAdministrative": 319330000, "nonRecurring": {}, "otherOperatingExpenses": 237669000, "totalOperatingExpenses": 4788741000, "operatingIncome": 473772000, "totalOtherIncomeExpenseNet": -194287000, "ebit": 473772000, "interestExpense": -175129000, "incomeBeforeTax": 279485000, "incomeTaxExpense": 55716000, "minorityInterest": {}, "netIncomeFromContinuingOps": 223769000, "discontinuedOperations": {}, "extraordinaryItems": {}, "effectOfAccountingCharges": {}, "otherItems": {}, "netIncome": 223769000, "netIncomeApplicableToCommonShares": 223769000}, {"maxAge": 1, "endDate": "2019-03-31", "totalRevenue": 6548808000, "costOfRevenue": 5294788000, "grossProfit": 1254020000, "researchDevelopment": {}, "sellingGeneralAdministrative": 285069000, "nonRecurring": {}, "otherOperatingExpenses": 230985000, "totalOperatingExpenses": 5856861000, "operatingIncome": 691947000, "totalOtherIncomeExpenseNet": -158937000, "ebit": 691947000, "interestExpense": -138505000, "incomeBeforeTax": 533010000, "incomeTaxExpense": 200297000, "minorityInterest": {}, "netIncomeFromContinuingOps": 332713000, "discontinuedOperations": {}, "extraordinaryItems": {}, "effectOfAccountingCharges": {}, "otherItems": {}, "netIncome": 332713000, "netIncomeApplicableToCommonShares": 332713000}, {"maxAge": 1, "endDate": "2018-03-31", "totalRevenue": 4947407000, "costOfRevenue": 3900475000, "grossProfit": 1046932000, "researchDevelopment": {}, "sellingGeneralAdministrative": 238484000, "nonRecurring": {}, "otherOperatingExpenses": 267412000, "totalOperatingExpenses": 4445755000, "operatingIncome": 501652000, "totalOtherIncomeExpenseNet": -69371000, "ebit": 501652000, "interestExpense": -77888000, "incomeBeforeTax": 432281000, "incomeTaxExpense": 136071000, "minorityInterest": {}, "netIncomeFromContinuingOps": 296210000, "discontinuedOperations": {}, "extraordinaryItems": {}, "effectOfAccountingCharges": {}, "otherItems": {}, "netIncome": 296210000, "netIncomeApplicableToCommonShares": 296210000}, {"maxAge": 1, "endDate": "2017-03-31", "totalRevenue": 3842857000, "costOfRevenue": 2441001000, "grossProfit": 1401856000, "researchDevelopment": {}, "sellingGeneralAdministrative": 145239000, "nonRecurring": {}, "otherOperatingExpenses": 864841000, "totalOperatingExpenses": 3487819000, "operatingIncome": 355038000, "totalOtherIncomeExpenseNet": -67024000, "ebit": 355038000, "interestExpense": -64016000, "incomeBeforeTax": 288014000, "incomeTaxExpense": 101074000, "minorityInterest": {}, "netIncomeFromContinuingOps": 186940000, "discontinuedOperations": {}, "extraordinaryItems": {}, "effectOfAccountingCharges": {}, "otherItems": {}, "netIncome": 186940000, "netIncomeApplicableToCommonShares": 186940000}], "maxAge": 86400}, "fundOwnership": {"ownershipList": [], "maxAge": 1}, "summaryDetail": {"maxAge": 1, "priceHint": 2, "previousClose": 482.15, "open": 483.65, "dayLow": 469.0, "dayHigh": 492.0, "regularMarketPreviousClose": 482.15, "regularMarketOpen": 483.65, "regularMarketDayLow": 469.0, "regularMarketDayHigh": 492.0, "trailingPE": 42.00707, "forwardPE": 15.38668, "volume": 852, "regularMarketVolume": 852, "averageVolume": 3695, "averageVolume10days": 3823, "averageDailyVolume10Day": 3823, "bid": 480.25, "ask": 487.45, "bidSize": 0, "askSize": 0, "marketCap": 6475919872, "fiftyTwoWeekLow": 68.8, "fiftyTwoWeekHigh": 492.0, "fiftyDayAverage": 257.6197, "twoHundredDayAverage": 211.70625, "trailingAnnualDividendRate": 2.0, "trailingAnnualDividendYield": 0.0041480865, "currency": "INR", "fromCurrency": null, "lastMarket": null, "algorithm": null, "tradeable": false}, "sectorTrend": {"maxAge": 1, "symbol": null, "estimates": []}, "incomeStatementHistoryQuarterly": {"incomeStatementHistory": [{"maxAge": 1, "endDate": "2020-06-30", "totalRevenue": 631733000, "costOfRevenue": 498111000, "grossProfit": 133622000, "researchDevelopment": {}, "sellingGeneralAdministrative": 53790000, "nonRecurring": {}, "otherOperatingExpenses": 31558000, "totalOperatingExpenses": 597102000, "operatingIncome": 34631000, "totalOtherIncomeExpenseNet": -29758000, "ebit": 34631000, "interestExpense": -35894000, "incomeBeforeTax": 4873000, "incomeTaxExpense": 2876000, "minorityInterest": {}, "netIncomeFromContinuingOps": 1997000, "discontinuedOperations": {}, "extraordinaryItems": {}, "effectOfAccountingCharges": {}, "otherItems": {}, "netIncome": 1997000, "netIncomeApplicableToCommonShares": 1997000}, {"maxAge": 1, "endDate": "2020-03-31", "totalRevenue": 1086196000, "costOfRevenue": 838013000, "grossProfit": 248183000, "researchDevelopment": {}, "sellingGeneralAdministrative": 107381000, "nonRecurring": {}, "otherOperatingExpenses": 38787000, "totalOperatingExpenses": 996987000, "operatingIncome": 89209000, "totalOtherIncomeExpenseNet": -42684000, "ebit": 89209000, "interestExpense": -15867000, "incomeBeforeTax": 46525000, "incomeTaxExpense": 9083000, "minorityInterest": {}, "netIncomeFromContinuingOps": 37442000, "discontinuedOperations": {}, "extraordinaryItems": {}, "effectOfAccountingCharges": {}, "otherItems": {}, "netIncome": 37442000, "netIncomeApplicableToCommonShares": 37442000}, {"maxAge": 1, "endDate": "2019-12-31", "totalRevenue": 1009717000, "costOfRevenue": 806895000, "grossProfit": 202822000, "researchDevelopment": {}, "sellingGeneralAdministrative": 62754000, "nonRecurring": {}, "otherOperatingExpenses": 44594000, "totalOperatingExpenses": 926895000, "operatingIncome": 82822000, "totalOtherIncomeExpenseNet": -53311000, "ebit": 82822000, "interestExpense": -56754000, "incomeBeforeTax": 29511000, "incomeTaxExpense": 7937000, "minorityInterest": {}, "netIncomeFromContinuingOps": 21574000, "discontinuedOperations": {}, "extraordinaryItems": {}, "effectOfAccountingCharges": {}, "otherItems": {}, "netIncome": 21574000, "netIncomeApplicableToCommonShares": 21574000}, {"maxAge": 1, "endDate": "2019-09-30", "totalRevenue": 1531467000, "costOfRevenue": 1220227000, "grossProfit": 311240000, "researchDevelopment": {}, "sellingGeneralAdministrative": 77067000, "nonRecurring": {}, "otherOperatingExpenses": 75166000, "totalOperatingExpenses": 1384892000, "operatingIncome": 146575000, "totalOtherIncomeExpenseNet": -55071000, "ebit": 146575000, "interestExpense": -56773000, "incomeBeforeTax": 91504000, "incomeTaxExpense": -1734000, "minorityInterest": {}, "netIncomeFromContinuingOps": 93238000, "discontinuedOperations": {}, "extraordinaryItems": {}, "effectOfAccountingCharges": {}, "otherItems": {}, "netIncome": 93238000, "netIncomeApplicableToCommonShares": 93238000}], "maxAge": 86400}, "cashflowStatementHistoryQuarterly": {"cashflowStatements": [{"maxAge": 1, "endDate": "2020-06-30", "netIncome": 1997000, "changeToLiabilities": 0}, {"maxAge": 1, "endDate": "2020-03-31", "netIncome": 37442000, "changeToLiabilities": 0}, {"maxAge": 1, "endDate": "2019-12-31", "netIncome": 21574000, "changeToLiabilities": 0}, {"maxAge": 1, "endDate": "2019-09-30", "netIncome": 93238000, "changeToLiabilities": 0}], "maxAge": 86400}, "insiderHolders": {"holders": [], "maxAge": 1}, "earnings": {"maxAge": 86400, "earningsChart": {"quarterly": [{"date": "1Q2018", "actual": 7.47, "estimate": 7.49}, {"date": "3Q2018", "actual": 5.97, "estimate": 6.28}], "currentQuarterEstimateDate": "4Q", "currentQuarterEstimateYear": 2018, "earningsDate": ["2020-02-10 05:30:S", "2020-02-11 05:30:S"]}, "financialsChart": {"yearly": [{"date": 2017, "revenue": 3842857000, "earnings": 186940000}, {"date": 2018, "revenue": 4947407000, "earnings": 296210000}, {"date": 2019, "revenue": 6548808000, "earnings": 332713000}, {"date": 2020, "revenue": 5262513000, "earnings": 223769000}], "quarterly": [{"date": "3Q2019", "revenue": 1531467000, "earnings": 93238000}, {"date": "4Q2019", "revenue": 1009717000, "earnings": 21574000}, {"date": "1Q2020", "revenue": 1086196000, "earnings": 37442000}, {"date": "2Q2020", "revenue": 631733000, "earnings": 1997000}]}, "financialCurrency": "INR"}, "calendarEvents": {"maxAge": 1, "earnings": {"earningsDate": ["2020-02-10 05:30:S", "2020-02-11 05:30:S"]}}, "upgradeDowngradeHistory": {"history": [], "maxAge": 86400}, "price": {"maxAge": 1, "regularMarketChangePercent": 0.010992467, "regularMarketChange": 5.3000183, "regularMarketTime": "2021-04-30 15:25:22", "priceHint": 2, "regularMarketPrice": 487.45, "regularMarketDayHigh": 492.0, "regularMarketDayLow": 469.0, "regularMarketVolume": 852, "averageDailyVolume10Day": 3823, "averageDailyVolume3Month": 3695, "regularMarketPreviousClose": 482.15, "regularMarketSource": "FREE_REALTIME", "regularMarketOpen": 483.65, "exchange": "BSE", "exchangeName": "BSE", "exchangeDataDelayedBy": 0, "marketState": "CLOSED", "quoteType": "EQUITY", "symbol": "SALASAR.BO", "underlyingSymbol": null, "shortName": "Salasar Techno Engineering Lim", "longName": "Salasar Techno Engineering Limited", "currency": "INR", "quoteSourceName": "Delayed Quote", "currencySymbol": "\u20b9", "fromCurrency": null, "lastMarket": null, "marketCap": 6475919872}, "balanceSheetHistory": {"balanceSheetStatements": [{"maxAge": 1, "endDate": "2020-03-31", "cash": 6548000, "netReceivables": 2169565000, "inventory": 935393000, "otherCurrentAssets": 338989000, "totalCurrentAssets": 3479266000, "propertyPlantEquipment": 914246000, "otherAssets": 141738000, "totalAssets": 4535250000, "accountsPayable": 214483000, "otherCurrentLiab": 474913000, "longTermDebt": 43992000, "otherLiab": 55089000, "totalCurrentLiabilities": 2356525000, "totalLiab": 2463774000, "commonStock": 132853000, "retainedEarnings": 1391682000, "treasuryStock": -1948000, "capitalSurplus": 548889000, "otherStockholderEquity": -1948000, "totalStockholderEquity": 2071476000, "netTangibleAssets": 2071476000}, {"maxAge": 1, "endDate": "2019-03-31", "cash": 18261000, "netReceivables": 2190827000, "inventory": 1179300000, "otherCurrentAssets": 446831000, "totalCurrentAssets": 3866284000, "propertyPlantEquipment": 772971000, "otherAssets": 82045000, "totalAssets": 4721300000, "accountsPayable": 582688000, "shortLongTermDebt": 2584000, "otherCurrentLiab": 510931000, "longTermDebt": 44043000, "otherLiab": 162744000, "totalCurrentLiabilities": 2615272000, "totalLiab": 2826939000, "commonStock": 132853000, "retainedEarnings": 1207904000, "treasuryStock": 4715000, "capitalSurplus": 548889000, "otherStockholderEquity": 4715000, "totalStockholderEquity": 1894361000, "netTangibleAssets": 1894361000}, {"maxAge": 1, "endDate": "2018-03-31", "cash": 61519000, "netReceivables": 1531439000, "inventory": 890123000, "otherCurrentAssets": 391962000, "totalCurrentAssets": 2892302000, "propertyPlantEquipment": 727919000, "otherAssets": 63080000, "totalAssets": 3683301000, "accountsPayable": 320126000, "shortLongTermDebt": 1982000, "otherCurrentLiab": 548530000, "longTermDebt": 41642000, "otherLiab": 129632000, "totalCurrentLiabilities": 1915984000, "totalLiab": 2093363000, "commonStock": 132853000, "retainedEarnings": 907223000, "treasuryStock": 973000, "capitalSurplus": 548889000, "otherStockholderEquity": 973000, "totalStockholderEquity": 1589938000, "netTangibleAssets": 1589938000}, {"maxAge": 1, "endDate": "2017-03-31", "cash": 2273000, "netReceivables": 804604000, "inventory": 688152000, "otherCurrentAssets": 355727000, "totalCurrentAssets": 1881671000, "propertyPlantEquipment": 615777000, "intangibleAssets": 42000, "otherAssets": 56298000, "totalAssets": 2553788000, "accountsPayable": 341044000, "shortLongTermDebt": 1227000, "otherCurrentLiab": 389968000, "longTermDebt": 70495000, "otherLiab": 127881000, "totalCurrentLiabilities": 1389830000, "totalLiab": 1588206000, "commonStock": 99563000, "retainedEarnings": 627502000, "capitalSurplus": 238517000, "totalStockholderEquity": 965582000, "netTangibleAssets": 965540000}], "maxAge": 86400}, "earningsTrend": {"trend": [{"maxAge": 1, "period": "0q", "endDate": "2018-12-31", "growth": {}, "earningsEstimate": {"avg": 0.0, "low": 0.0, "high": 0.0, "yearAgoEps": {}, "numberOfAnalysts": 0, "growth": {}}, "revenueEstimate": {"avg": 0, "low": 0, "high": 0, "numberOfAnalysts": 0, "yearAgoRevenue": {}, "growth": {}}, "epsTrend": {"current": 0.0, "7daysAgo": 0.0, "30daysAgo": 0.0, "60daysAgo": 0.0, "90daysAgo": 0.0}, "epsRevisions": {"upLast7days": 0, "upLast30days": 0, "downLast30days": 0, "downLast90days": {}}}, {"maxAge": 1, "period": "+1q", "endDate": "2019-03-31", "growth": {}, "earningsEstimate": {"avg": 0.0, "low": 0.0, "high": 0.0, "yearAgoEps": {}, "numberOfAnalysts": 0, "growth": {}}, "revenueEstimate": {"avg": 0, "low": 0, "high": 0, "numberOfAnalysts": 0, "yearAgoRevenue": {}, "growth": {}}, "epsTrend": {"current": 0.0, "7daysAgo": 0.0, "30daysAgo": 0.0, "60daysAgo": 0.0, "90daysAgo": 0.0}, "epsRevisions": {"upLast7days": 0, "upLast30days": 0, "downLast30days": 0, "downLast90days": {}}}, {"maxAge": 1, "period": "0y", "endDate": "2019-03-31", "growth": {}, "earningsEstimate": {"avg": 0.0, "low": 0.0, "high": 0.0, "yearAgoEps": {}, "numberOfAnalysts": 0, "growth": {}}, "revenueEstimate": {"avg": 6082510000, "low": 6082510000, "high": 6082510000, "numberOfAnalysts": 1, "yearAgoRevenue": 4947410000, "growth": 0.229}, "epsTrend": {"current": 0.0, "7daysAgo": 27.1, "30daysAgo": 27.1, "60daysAgo": 27.1, "90daysAgo": 27.1}, "epsRevisions": {"upLast7days": 0, "upLast30days": 0, "downLast30days": 0, "downLast90days": {}}}, {"maxAge": 1, "period": "+1y", "endDate": "2020-03-31", "growth": {}, "earningsEstimate": {"avg": 0.0, "low": 0.0, "high": 0.0, "yearAgoEps": {}, "numberOfAnalysts": 0, "growth": {}}, "revenueEstimate": {"avg": 7177370000, "low": 7177370000, "high": 7177370000, "numberOfAnalysts": 1, "yearAgoRevenue": 6082510000, "growth": 0.18}, "epsTrend": {"current": 0.0, "7daysAgo": 31.68, "30daysAgo": 31.68, "60daysAgo": 31.68, "90daysAgo": 31.68}, "epsRevisions": {"upLast7days": 0, "upLast30days": 0, "downLast30days": 0, "downLast90days": {}}}, {"maxAge": 1, "period": "+5y", "endDate": null, "growth": {}, "earningsEstimate": {"avg": {}, "low": {}, "high": {}, "yearAgoEps": {}, "numberOfAnalysts": {}, "growth": {}}, "revenueEstimate": {"avg": {}, "low": {}, "high": {}, "numberOfAnalysts": {}, "yearAgoRevenue": {}, "growth": {}}, "epsTrend": {"current": {}, "7daysAgo": {}, "30daysAgo": {}, "60daysAgo": {}, "90daysAgo": {}}, "epsRevisions": {"upLast7days": {}, "upLast30days": {}, "downLast30days": {}, "downLast90days": {}}}, {"maxAge": 1, "period": "-5y", "endDate": null, "growth": {}, "earningsEstimate": {"avg": {}, "low": {}, "high": {}, "yearAgoEps": {}, "numberOfAnalysts": {}, "growth": {}}, "revenueEstimate": {"avg": {}, "low": {}, "high": {}, "numberOfAnalysts": {}, "yearAgoRevenue": {}, "growth": {}}, "epsTrend": {"current": {}, "7daysAgo": {}, "30daysAgo": {}, "60daysAgo": {}, "90daysAgo": {}}, "epsRevisions": {"upLast7days": {}, "upLast30days": {}, "downLast30days": {}, "downLast90days": {}}}], "maxAge": 1}, "financialData": {"maxAge": 86400, "currentPrice": 487.45, "recommendationKey": "none", "grossProfits": 1080690000, "financialCurrency": "INR"}}}