{"SALEM.BO": {"cashflowStatementHistory": {"cashflowStatements": [{"maxAge": 1, "endDate": "2020-03-31", "netIncome": -1200229, "changeToNetincome": 12853940, "changeToAccountReceivables": -8171842, "changeToLiabilities": -358376, "changeToOperatingActivities": -6095571, "totalCashFromOperatingActivities": -2972078, "investments": 76627, "totalCashflowsFromInvestingActivities": 76627, "dividendsPaid": -41622, "totalCashFromFinancingActivities": -41622, "changeInCash": -2937073}, {"maxAge": 1, "endDate": "2019-03-31", "netIncome": -701459, "depreciation": 160436, "changeToNetincome": -7491395, "changeToAccountReceivables": -2018863, "changeToLiabilities": 269394, "changeToOperatingActivities": -81400000, "totalCashFromOperatingActivities": -91181887, "investments": 82580038, "totalCashflowsFromInvestingActivities": 83635797, "dividendsPaid": -35430, "totalCashFromFinancingActivities": -35430, "changeInCash": -7581521}, {"maxAge": 1, "endDate": "2018-03-31", "netIncome": 8345686, "depreciation": 557505, "changeToNetincome": -886704, "changeToAccountReceivables": -2018863, "changeToLiabilities": -13400, "changeToInventory": 11087, "changeToOperatingActivities": 69778, "totalCashFromOperatingActivities": 8083952, "investments": -32213180, "totalCashflowsFromInvestingActivities": -10123375, "dividendsPaid": -36606, "totalCashFromFinancingActivities": -36606, "changeInCash": -2076030}, {"maxAge": 1, "endDate": "2017-03-31", "netIncome": 4136738, "depreciation": 835241, "changeToNetincome": -1122036, "changeToAccountReceivables": -2018863, "changeToLiabilities": -18000, "changeToInventory": 36525, "changeToOperatingActivities": 204949, "totalCashFromOperatingActivities": 4073417, "capitalExpenditures": -3360, "investments": 1829157, "otherCashflowsFromInvestingActivities": 12625226, "totalCashflowsFromInvestingActivities": -29667181, "dividendsPaid": -37497, "totalCashFromFinancingActivities": -37497, "changeInCash": -25631261}], "maxAge": 86400}, "institutionOwnership": {"ownershipList": [], "maxAge": 1}, "balanceSheetHistoryQuarterly": {"balanceSheetStatements": [{"maxAge": 1, "endDate": "2020-06-30", "totalStockholderEquity": 239076181, "netTangibleAssets": 239076181}, {"maxAge": 1, "endDate": "2020-03-31", "cash": 173715, "netReceivables": 208595571, "otherCurrentAssets": 16797624, "totalCurrentAssets": 230786932, "otherAssets": 21299633, "deferredLongTermAssetCharges": 21299633, "totalAssets": 252086565, "otherCurrentLiab": 12908355, "otherLiab": -1, "totalCurrentLiabilities": 13010385, "totalLiab": 13010384, "commonStock": 11465520, "retainedEarnings": 225290806, "treasuryStock": 2319855, "otherStockholderEquity": 2319855, "totalStockholderEquity": 239076181, "netTangibleAssets": 239076181}, {"maxAge": 1, "endDate": "2019-12-31", "totalStockholderEquity": 237714000, "netTangibleAssets": 237714000}, {"maxAge": 1, "endDate": "2019-09-30", "cash": 213479000, "netReceivables": 1502000, "totalCurrentAssets": 214981000, "longTermInvestments": 7137000, "otherAssets": 15691000, "deferredLongTermAssetCharges": 15691000, "totalAssets": 237809000, "otherLiab": 95000, "totalLiab": 95000, "commonStock": 11466000, "treasuryStock": 226248000, "otherStockholderEquity": 226248000, "totalStockholderEquity": 237714000, "netTangibleAssets": 237714000}], "maxAge": 86400}, "indexTrend": {"maxAge": 1, "symbol": "SP5", "peRatio": 19.7411, "pegRatio": 1.34172, "estimates": [{"period": "0q", "growth": 0.549}, {"period": "+1q", "growth": 0.431}, {"period": "0y", "growth": 0.305}, {"period": "+1y", "growth": 0.109}, {"period": "+5y", "growth": 0.120859005}, {"period": "-5y"}]}, "insiderTransactions": {"transactions": [{"maxAge": 1, "shares": 252346, "filerUrl": "", "transactionText": "", "filerName": "Rosy Bhawan Pvt. Ltd.", "filerRelation": "Promoter", "moneyText": "", "startDate": "2020-03-09", "ownership": "D"}, {"maxAge": 1, "shares": 215700, "filerUrl": "", "transactionText": "", "filerName": "Rosy Bhawan Pvt. Ltd.", "filerRelation": "Promoter", "moneyText": "", "startDate": "2020-03-06", "ownership": "D"}, {"maxAge": 1, "shares": 8515240, "filerUrl": "", "transactionText": "", "filerName": "ICL Fincorp Ltd", "filerRelation": "Promoter", "moneyText": "", "startDate": "2020-02-18", "ownership": "D"}, {"maxAge": 1, "shares": 3827120, "filerUrl": "", "transactionText": "", "filerName": "Kanoria (Kusum)", "filerRelation": "Promoter", "moneyText": "", "startDate": "2020-02-18", "ownership": "D"}, {"maxAge": 1, "shares": 2591000, "filerUrl": "", "transactionText": "", "filerName": "Kanoria (Padma)", "filerRelation": "Promoter", "moneyText": "", "startDate": "2020-02-18", "ownership": "D"}, {"maxAge": 1, "shares": 2097120, "filerUrl": "", "transactionText": "", "filerName": "Tara Investments, Ltd.", "filerRelation": "Promoter", "moneyText": "", "startDate": "2020-02-18", "ownership": "D"}], "maxAge": 1}, "quoteType": {"exchange": "BSE", "quoteType": "EQUITY", "symbol": "SALEM.BO", "underlyingSymbol": "SALEM.BO", "shortName": "Salem Erode Investments Ltd.", "longName": "Salem Erode Investments Limited", "firstTradeDateEpochUtc": "2016-11-17 09:15:00", "timeZoneFullName": "Asia/Kolkata", "timeZoneShortName": "IST", "uuid": "7f654339-5e6b-33af-a3e1-de062fa76ea7", "gmtOffSetMilliseconds": 19800000, "maxAge": 1}, "incomeStatementHistory": {"incomeStatementHistory": [{"maxAge": 1, "endDate": "2020-03-31", "totalRevenue": 12118025, "costOfRevenue": 0, "grossProfit": 12118025, "researchDevelopment": {}, "sellingGeneralAdministrative": 10628722, "nonRecurring": {}, "otherOperatingExpenses": {}, "totalOperatingExpenses": 10628722, "operatingIncome": 1489303, "totalOtherIncomeExpenseNet": -2001179, "ebit": 1489303, "interestExpense": {}, "incomeBeforeTax": -511876, "incomeTaxExpense": 688353, "minorityInterest": {}, "netIncomeFromContinuingOps": -1200229, "discontinuedOperations": {}, "extraordinaryItems": {}, "effectOfAccountingCharges": {}, "otherItems": {}, "netIncome": -1200229, "netIncomeApplicableToCommonShares": -1200229}, {"maxAge": 1, "endDate": "2019-03-31", "totalRevenue": 13421380, "costOfRevenue": 5211, "grossProfit": 13416169, "researchDevelopment": {}, "sellingGeneralAdministrative": 5876639, "nonRecurring": {}, "otherOperatingExpenses": {}, "totalOperatingExpenses": 6042286, "operatingIncome": 7379094, "totalOtherIncomeExpenseNet": -1167892, "ebit": 7379094, "interestExpense": {}, "incomeBeforeTax": 6211202, "incomeTaxExpense": 6912661, "minorityInterest": {}, "netIncomeFromContinuingOps": -701459, "discontinuedOperations": {}, "extraordinaryItems": {}, "effectOfAccountingCharges": {}, "otherItems": {}, "netIncome": -701459, "netIncomeApplicableToCommonShares": -701459}, {"maxAge": 1, "endDate": "2018-03-31", "totalRevenue": 14150689, "costOfRevenue": 11087, "grossProfit": 14139602, "researchDevelopment": {}, "sellingGeneralAdministrative": 2904348, "nonRecurring": {}, "otherOperatingExpenses": 23683, "totalOperatingExpenses": 3496623, "operatingIncome": 10654066, "totalOtherIncomeExpenseNet": 1, "ebit": 10654066, "interestExpense": {}, "incomeBeforeTax": 10654067, "incomeTaxExpense": 2308381, "minorityInterest": {}, "netIncomeFromContinuingOps": 8345686, "discontinuedOperations": {}, "extraordinaryItems": {}, "effectOfAccountingCharges": {}, "otherItems": {}, "netIncome": 8345686, "netIncomeApplicableToCommonShares": 8345686}, {"maxAge": 1, "endDate": "2017-03-31", "totalRevenue": 13876857, "costOfRevenue": 36525, "grossProfit": 13840332, "researchDevelopment": {}, "sellingGeneralAdministrative": 7723492, "nonRecurring": {}, "otherOperatingExpenses": 14564, "totalOperatingExpenses": 8609822, "operatingIncome": 5267035, "totalOtherIncomeExpenseNet": 417501, "ebit": 5267035, "interestExpense": {}, "incomeBeforeTax": 5267035, "incomeTaxExpense": 1130297, "minorityInterest": {}, "netIncomeFromContinuingOps": 4136738, "discontinuedOperations": {}, "extraordinaryItems": {}, "effectOfAccountingCharges": {}, "otherItems": {}, "netIncome": 4136738, "netIncomeApplicableToCommonShares": 4136738}], "maxAge": 86400}, "fundOwnership": {"ownershipList": [], "maxAge": 1}, "summaryDetail": {"maxAge": 1, "priceHint": 4, "previousClose": 3.47, "open": 3.47, "dayLow": 3.47, "dayHigh": 3.47, "regularMarketPreviousClose": 3.47, "regularMarketOpen": 3.47, "regularMarketDayLow": 3.47, "regularMarketDayHigh": 3.47, "volume": 2, "regularMarketVolume": 2, "fiftyTwoWeekLow": 3.47, "fiftyTwoWeekHigh": 3.47, "currency": "INR", "fromCurrency": null, "lastMarket": null, "algorithm": null, "tradeable": false}, "incomeStatementHistoryQuarterly": {"incomeStatementHistory": [{"maxAge": 1, "endDate": "2020-06-30", "totalRevenue": 6225000, "costOfRevenue": 312000, "grossProfit": 5913000, "researchDevelopment": {}, "sellingGeneralAdministrative": 467000, "nonRecurring": {}, "otherOperatingExpenses": {}, "totalOperatingExpenses": 809000, "operatingIncome": 5416000, "totalOtherIncomeExpenseNet": -7000, "ebit": 5416000, "interestExpense": -7000, "incomeBeforeTax": 5409000, "incomeTaxExpense": 2784000, "minorityInterest": {}, "netIncomeFromContinuingOps": 2625000, "discontinuedOperations": {}, "extraordinaryItems": {}, "effectOfAccountingCharges": {}, "otherItems": {}, "netIncome": 2625000, "netIncomeApplicableToCommonShares": 2625000}, {"maxAge": 1, "endDate": "2020-03-31", "totalRevenue": 3010025, "costOfRevenue": 0, "grossProfit": 3010025, "researchDevelopment": {}, "sellingGeneralAdministrative": 7732722, "nonRecurring": {}, "otherOperatingExpenses": -6580000, "totalOperatingExpenses": 1152722, "operatingIncome": 1857303, "totalOtherIncomeExpenseNet": -2001179, "ebit": 1857303, "interestExpense": -7000, "incomeBeforeTax": -143876, "incomeTaxExpense": -102647, "minorityInterest": {}, "netIncomeFromContinuingOps": -41229, "discontinuedOperations": {}, "extraordinaryItems": {}, "effectOfAccountingCharges": {}, "otherItems": {}, "netIncome": -41229, "netIncomeApplicableToCommonShares": -41229}, {"maxAge": 1, "endDate": "2019-12-31", "totalRevenue": 1450000, "costOfRevenue": 0, "grossProfit": 1450000, "researchDevelopment": {}, "sellingGeneralAdministrative": 400000, "nonRecurring": {}, "otherOperatingExpenses": 6580000, "totalOperatingExpenses": 6980000, "operatingIncome": -5530000, "totalOtherIncomeExpenseNet": 0, "ebit": -5530000, "interestExpense": -7000, "incomeBeforeTax": -5530000, "incomeTaxExpense": -1290000, "minorityInterest": {}, "netIncomeFromContinuingOps": -4240000, "discontinuedOperations": {}, "extraordinaryItems": {}, "effectOfAccountingCharges": {}, "otherItems": {}, "netIncome": -4240000, "netIncomeApplicableToCommonShares": -4240000}, {"maxAge": 1, "endDate": "2019-09-30", "totalRevenue": 4766000, "costOfRevenue": 0, "grossProfit": 4766000, "researchDevelopment": {}, "sellingGeneralAdministrative": 1549000, "nonRecurring": {}, "otherOperatingExpenses": 6580000, "totalOperatingExpenses": 1549000, "operatingIncome": 3217000, "totalOtherIncomeExpenseNet": 1000, "ebit": 3217000, "interestExpense": -7000, "incomeBeforeTax": 3218000, "incomeTaxExpense": 982000, "minorityInterest": {}, "netIncomeFromContinuingOps": 2236000, "discontinuedOperations": {}, "extraordinaryItems": {}, "effectOfAccountingCharges": {}, "otherItems": {}, "netIncome": 2236000, "netIncomeApplicableToCommonShares": 2236000}], "maxAge": 86400}, "cashflowStatementHistoryQuarterly": {"cashflowStatements": [{"maxAge": 1, "endDate": "2020-06-30", "netIncome": 2625000, "changeToLiabilities": 0}, {"maxAge": 1, "endDate": "2020-03-31", "netIncome": -41229, "changeToLiabilities": 0}, {"maxAge": 1, "endDate": "2019-12-31", "netIncome": -4240000, "changeToLiabilities": 0}, {"maxAge": 1, "endDate": "2019-09-30", "netIncome": 2236000, "changeToLiabilities": 0}], "maxAge": 86400}, "insiderHolders": {"holders": [{"maxAge": 1, "name": "ICL Fincorp Ltd", "relation": "Promoter", "url": "", "transactionDescription": "Purchase", "latestTransDate": "2020-02-18", "positionDirect": 8717790, "positionDirectDate": "2020-02-18"}, {"maxAge": 1, "name": "Kanoria (Kusum)", "relation": "Promoter", "url": "", "transactionDescription": "Sale", "latestTransDate": "2020-02-18", "positionDirect": 0, "positionDirectDate": "2020-02-18"}, {"maxAge": 1, "name": "Kanoria (Padma)", "relation": "Promoter", "url": "", "transactionDescription": "Sale", "latestTransDate": "2020-02-18", "positionDirect": 0, "positionDirectDate": "2020-02-18"}, {"maxAge": 1, "name": "Rosy Bhawan Pvt. Ltd.", "relation": "Promoter", "url": "", "transactionDescription": "Sale", "latestTransDate": "2020-03-09", "positionDirect": 0, "positionDirectDate": "2020-03-09"}, {"maxAge": 1, "name": "Tara Investments, Ltd.", "relation": "Promoter", "url": "", "transactionDescription": "Sale", "latestTransDate": "2020-02-18", "positionDirect": 0, "positionDirectDate": "2020-02-18"}], "maxAge": 1}, "calendarEvents": {"maxAge": 1, "earnings": {"earningsDate": []}}, "upgradeDowngradeHistory": {"history": [], "maxAge": 86400}, "price": {"maxAge": 1, "regularMarketChangePercent": 0.0, "regularMarketChange": 0.0, "regularMarketTime": "2021-04-29 13:26:40", "priceHint": 4, "regularMarketPrice": 3.47, "regularMarketDayHigh": 3.47, "regularMarketDayLow": 3.47, "regularMarketVolume": 2, "regularMarketPreviousClose": 3.47, "regularMarketSource": "FREE_REALTIME", "regularMarketOpen": 3.47, "exchange": "BSE", "exchangeName": "BSE", "exchangeDataDelayedBy": 0, "marketState": "CLOSED", "quoteType": "EQUITY", "symbol": "SALEM.BO", "underlyingSymbol": null, "shortName": "Salem Erode Investments Ltd.", "longName": "Salem Erode Investments Limited", "currency": "INR", "quoteSourceName": "Delayed Quote", "currencySymbol": "\u20b9", "fromCurrency": null, "lastMarket": null}, "balanceSheetHistory": {"balanceSheetStatements": [{"maxAge": 1, "endDate": "2020-03-31", "cash": 173715, "netReceivables": 208595571, "otherCurrentAssets": 16797624, "totalCurrentAssets": 230786932, "otherAssets": 21299633, "deferredLongTermAssetCharges": 21299633, "totalAssets": 252086565, "otherCurrentLiab": 12908355, "otherLiab": -1, "totalCurrentLiabilities": 13010385, "totalLiab": 13010384, "commonStock": 11465520, "retainedEarnings": 225290806, "treasuryStock": 2319855, "otherStockholderEquity": 2319855, "totalStockholderEquity": 239076181, "netTangibleAssets": 239076181}, {"maxAge": 1, "endDate": "2019-03-31", "cash": 3110788, "shortTermInvestments": 202500000, "netReceivables": 4060594, "otherCurrentAssets": 4565188, "totalCurrentAssets": 221330213, "otherAssets": 16428322, "deferredLongTermAssetCharges": 16428323, "totalAssets": 237758535, "otherCurrentLiab": 2381736, "otherLiab": -1, "totalCurrentLiabilities": 2808082, "totalLiab": 2808081, "commonStock": 11465520, "retainedEarnings": 221165079, "treasuryStock": 2319855, "otherStockholderEquity": 2319855, "totalStockholderEquity": 234950454, "netTangibleAssets": 234950454}, {"maxAge": 1, "endDate": "2018-03-31", "cash": 10692308, "shortTermInvestments": 6494778, "netReceivables": 225205, "otherCurrentAssets": 5730674, "totalCurrentAssets": 23187195, "longTermInvestments": 73037340, "propertyPlantEquipment": 1216195, "otherAssets": 82123589, "totalAssets": 179564319, "otherCurrentLiab": 6869801, "totalCurrentLiabilities": 7056913, "totalLiab": 7056913, "commonStock": 11465520, "retainedEarnings": 158722031, "treasuryStock": 2319855, "otherStockholderEquity": 2319855, "totalStockholderEquity": 172507406, "netTangibleAssets": 172507406}, {"maxAge": 1, "endDate": "2017-03-31", "cash": 12768338, "shortTermInvestments": 6535986, "netReceivables": 260008, "otherCurrentAssets": 5412970, "totalCurrentAssets": 25035342, "longTermInvestments": 39700257, "propertyPlantEquipment": 1773700, "otherAssets": 104318020, "totalAssets": 170827319, "accountsPayable": 13400, "otherCurrentLiab": 6858529, "totalCurrentLiabilities": 6990811, "totalLiab": 6990811, "commonStock": 11465520, "retainedEarnings": 150388216, "treasuryStock": 1982772, "otherStockholderEquity": 1982772, "totalStockholderEquity": 163836508, "netTangibleAssets": 163836508}], "maxAge": 86400}, "financialData": {"maxAge": 86400, "currentPrice": 3.47, "recommendationKey": "none", "grossProfits": 12118025, "financialCurrency": null}}}