{"SALONA.NS": {"assetProfile": {"address1": "No. 9, Ramalinga Nagar", "address2": "IV Cross Saibaba Colony", "city": "Coimbatore", "zip": "641011", "country": "India", "phone": "91 42 2245 4415", "website": "http://www.salonagroup.com", "industry": "Textile Manufacturing", "sector": "Consumer Cyclical", "longBusinessSummary": "Salona Cotspin Limited produces and sells cotton textile products in India. The company offers cotton, blended, ring spin, open end, slub, hank, and compact yarn products, as well as knitted fabrics and apparels. It also provides grey, dyed, and printed fabrics. The company also exports its yarns and fabrics to Sri Lanka, Bangladesh, Hong Kong, South Korea, Germany, Mexico, South America, Russia, etc. Salona Cotspin Limited was incorporated in 1994 and is based in Coimbatore, India.", "fullTimeEmployees": 237, "companyOfficers": [{"maxAge": 1, "name": "Mr. Shyamlal  Agarwala", "title": "Chairman, CEO & MD", "fiscalYear": 2020, "totalPay": 2599385, "exercisedValue": 0, "unexercisedValue": 0}, {"maxAge": 1, "name": "Mr. Manoj Kumar Jhajharia", "title": "Joint MD & Exec. Director", "fiscalYear": 2020, "totalPay": 1970538, "exercisedValue": 0, "unexercisedValue": 0}, {"maxAge": 1, "name": "Mr. M. S. Selvaraj", "title": "CFO & Gen. Mang. of Accounts", "exercisedValue": 0, "unexercisedValue": 0}, {"maxAge": 1, "name": "Mr. K. B. Sajith", "title": "Compliance Officer & Company Sec.", "exercisedValue": 0, "unexercisedValue": 0}, {"maxAge": 1, "name": "Mr. Arun Kumar Jhajharia", "age": 48, "title": "Exec. & Non-Independent Director", "yearBorn": 1972, "fiscalYear": 2020, "totalPay": 1200000, "exercisedValue": 0, "unexercisedValue": 0}, {"maxAge": 1, "name": "Mr. Pramod Kumar Jhajharia", "title": "Chief Exec.", "exercisedValue": 0, "unexercisedValue": 0}], "compensationAsOfEpochDate": "2020-12-31 05:30:00", "maxAge": 86400}, "cashflowStatementHistory": {"cashflowStatements": [{"maxAge": 1, "endDate": "2020-03-31", "netIncome": 11734967, "depreciation": 25969026, "changeToNetincome": 40588000, "changeToAccountReceivables": 46964015, "changeToLiabilities": 27143830, "changeToInventory": 4457963, "changeToOperatingActivities": -17650966, "totalCashFromOperatingActivities": 142953937, "capitalExpenditures": -2719479, "investments": 2313929, "otherCashflowsFromInvestingActivities": 777366, "totalCashflowsFromInvestingActivities": 781570, "dividendsPaid": -3157440, "netBorrowings": -98020076, "otherCashflowsFromFinancingActivities": -41400568, "totalCashFromFinancingActivities": -142578084, "changeInCash": 1157422}, {"maxAge": 1, "endDate": "2019-03-31", "netIncome": 16303589, "depreciation": 38145724, "changeToNetincome": 35703256, "changeToAccountReceivables": 9345681, "changeToLiabilities": -27467126, "changeToInventory": -6377972, "changeToOperatingActivities": -7609331, "totalCashFromOperatingActivities": 64214538, "capitalExpenditures": -112900551, "investments": 675243, "otherCashflowsFromInvestingActivities": 616582, "totalCashflowsFromInvestingActivities": -100434389, "dividendsPaid": -3157440, "netBorrowings": 80423599, "otherCashflowsFromFinancingActivities": -40760035, "totalCashFromFinancingActivities": 36506124, "changeInCash": 286293}, {"maxAge": 1, "endDate": "2018-03-31", "netIncome": 21304329, "depreciation": 37154071, "changeToNetincome": 29536654, "changeToAccountReceivables": 24749637, "changeToLiabilities": 27689317, "changeToInventory": -93292471, "changeToOperatingActivities": -11233472, "totalCashFromOperatingActivities": 39872681, "capitalExpenditures": -73457276, "investments": 43064, "otherCashflowsFromInvestingActivities": 786046, "totalCashflowsFromInvestingActivities": -71585557, "dividendsPaid": -3157440, "netBorrowings": 69932431, "otherCashflowsFromFinancingActivities": -35311834, "totalCashFromFinancingActivities": 31463157, "changeInCash": -249718}, {"maxAge": 1, "endDate": "2017-03-31", "netIncome": 33427570, "depreciation": 36301891, "changeToNetincome": 8318410, "changeToAccountReceivables": -90191654, "changeToLiabilities": -1196093, "changeToInventory": -1145592, "changeToOperatingActivities": -17052386, "totalCashFromOperatingActivities": -29783621, "capitalExpenditures": -18723754, "investments": -752008, "otherCashflowsFromInvestingActivities": 1022538, "totalCashflowsFromInvestingActivities": -18304838, "dividendsPaid": -3157440, "netBorrowings": 55319403, "otherCashflowsFromFinancingActivities": -23067722, "totalCashFromFinancingActivities": 32251681, "changeInCash": -15836778}], "maxAge": 86400}, "institutionOwnership": {"ownershipList": [], "maxAge": 1}, "majorHoldersBreakdown": {"maxAge": 1, "insidersPercentHeld": 0.78179, "institutionsPercentHeld": 0.0, "institutionsFloatPercentHeld": 0.0, "institutionsCount": 0}, "balanceSheetHistoryQuarterly": {"balanceSheetStatements": [{"maxAge": 1, "endDate": "2020-12-31", "totalStockholderEquity": 335305000, "netTangibleAssets": 334502000}, {"maxAge": 1, "endDate": "2020-09-30", "cash": 27430000, "shortTermInvestments": 39442000, "netReceivables": 275964000, "inventory": 229147000, "otherCurrentAssets": 51551000, "totalCurrentAssets": 623534000, "longTermInvestments": 72000, "propertyPlantEquipment": 226385000, "intangibleAssets": 803000, "otherAssets": 19253000, "totalAssets": 870047000, "accountsPayable": 68454000, "otherCurrentLiab": 53394000, "longTermDebt": 109325000, "otherLiab": 19150000, "totalCurrentLiabilities": 406267000, "totalLiab": 534742000, "commonStock": 52624000, "retainedEarnings": 282016000, "treasuryStock": 665000, "otherStockholderEquity": 665000, "totalStockholderEquity": 335305000, "netTangibleAssets": 334502000}, {"maxAge": 1, "endDate": "2020-06-30", "totalStockholderEquity": 320884000, "netTangibleAssets": 319899000}, {"maxAge": 1, "endDate": "2020-03-31", "cash": 5669805, "netReceivables": 191363935, "inventory": 366639792, "otherCurrentAssets": 6608565, "totalCurrentAssets": 570282097, "longTermInvestments": 72020, "propertyPlantEquipment": 238260259, "intangibleAssets": 984775, "otherAssets": 23513160, "totalAssets": 833112311, "accountsPayable": 66766854, "shortLongTermDebt": 22166668, "otherCurrentLiab": 777082, "longTermDebt": 64721127, "otherLiab": 18439427, "totalCurrentLiabilities": 428672081, "totalLiab": 512228628, "commonStock": 52624000, "retainedEarnings": 267594756, "treasuryStock": 664927, "otherStockholderEquity": 664927, "totalStockholderEquity": 320883683, "netTangibleAssets": 319898908}], "maxAge": 86400}, "indexTrend": {"maxAge": 1, "symbol": "SP5", "peRatio": 19.7411, "pegRatio": 1.34172, "estimates": [{"period": "0q", "growth": 0.549}, {"period": "+1q", "growth": 0.431}, {"period": "0y", "growth": 0.305}, {"period": "+1y", "growth": 0.109}, {"period": "+5y", "growth": 0.120865}, {"period": "-5y"}]}, "defaultKeyStatistics": {"maxAge": 1, "priceHint": 2, "enterpriseValue": 794690112, "profitMargins": 0.02178, "floatShares": 998214, "sharesOutstanding": 5262400, "heldPercentInsiders": 0.78179, "heldPercentInstitutions": 0.0, "beta": 1.286432, "category": null, "bookValue": 63.763, "priceToBook": 1.4020671, "fundFamily": null, "legalType": null, "lastFiscalYearEnd": "2020-03-31 05:30:00", "nextFiscalYearEnd": "2022-03-31 05:30:00", "mostRecentQuarter": "2020-12-31 05:30:00", "earningsQuarterlyGrowth": 8.676, "netIncomeToCommon": 40490968, "trailingEps": 7.682, "lastSplitFactor": null, "enterpriseToRevenue": 0.427, "enterpriseToEbitda": 7.684}, "summaryProfile": {"address1": "No. 9, Ramalinga Nagar", "address2": "IV Cross Saibaba Colony", "city": "Coimbatore", "zip": "641011", "country": "India", "phone": "91 42 2245 4415", "website": "http://www.salonagroup.com", "industry": "Textile Manufacturing", "sector": "Consumer Cyclical", "longBusinessSummary": "Salona Cotspin Limited produces and sells cotton textile products in India. The company offers cotton, blended, ring spin, open end, slub, hank, and compact yarn products, as well as knitted fabrics and apparels. It also provides grey, dyed, and printed fabrics. The company also exports its yarns and fabrics to Sri Lanka, Bangladesh, Hong Kong, South Korea, Germany, Mexico, South America, Russia, etc. Salona Cotspin Limited was incorporated in 1994 and is based in Coimbatore, India.", "fullTimeEmployees": 237, "companyOfficers": [], "maxAge": 86400}, "netSharePurchaseActivity": {"maxAge": 1, "period": "6m", "buyInfoCount": 0, "buyInfoShares": 0, "sellInfoCount": 0, "netInfoCount": 0, "netInfoShares": 0, "netPercentInsiderShares": 0.0, "totalInsiderShares": 4113178}, "insiderTransactions": {"transactions": [{"maxAge": 1, "shares": 23500, "filerUrl": "", "transactionText": "", "filerName": "Agarwal (Saloni)", "filerRelation": "Promoter", "moneyText": "", "startDate": "2011-11-23", "ownership": "D"}, {"maxAge": 1, "shares": 61400, "filerUrl": "", "transactionText": "", "filerName": "Agarwal (Shyamlal)", "filerRelation": "Executive Chairman", "moneyText": "", "startDate": "2011-11-16", "ownership": "D"}], "maxAge": 1}, "quoteType": {"exchange": "NSI", "quoteType": "EQUITY", "symbol": "SALONA.NS", "underlyingSymbol": "SALONA.NS", "shortName": "SALONA COTSPIN", "longName": "Salona Cotspin Limited", "firstTradeDateEpochUtc": "2010-08-09 09:15:00", "timeZoneFullName": "Asia/Kolkata", "timeZoneShortName": "IST", "uuid": "1a65d1cf-51fb-368e-89c8-ed8bf80a2382", "gmtOffSetMilliseconds": 19800000, "maxAge": 1}, "incomeStatementHistory": {"incomeStatementHistory": [{"maxAge": 1, "endDate": "2020-03-31", "totalRevenue": 1218467429, "costOfRevenue": 881951522, "grossProfit": 336515907, "researchDevelopment": {}, "sellingGeneralAdministrative": 74760851, "nonRecurring": {}, "otherOperatingExpenses": 176313736, "totalOperatingExpenses": 1159488255, "operatingIncome": 58979174, "totalOtherIncomeExpenseNet": -39981957, "ebit": 58979174, "interestExpense": -37959301, "incomeBeforeTax": 18997217, "incomeTaxExpense": 7262250, "minorityInterest": {}, "netIncomeFromContinuingOps": 11734967, "discontinuedOperations": {}, "extraordinaryItems": {}, "effectOfAccountingCharges": {}, "otherItems": {}, "netIncome": 11734967, "netIncomeApplicableToCommonShares": 11734967}, {"maxAge": 1, "endDate": "2019-03-31", "totalRevenue": 1328700607, "costOfRevenue": 965415260, "grossProfit": 363285347, "researchDevelopment": {}, "sellingGeneralAdministrative": 75408917, "nonRecurring": {}, "otherOperatingExpenses": 187288141, "totalOperatingExpenses": 1266610529, "operatingIncome": 62090078, "totalOtherIncomeExpenseNet": -39078459, "ebit": 62090078, "interestExpense": -36263044, "incomeBeforeTax": 23011619, "incomeTaxExpense": 6708030, "minorityInterest": {}, "netIncomeFromContinuingOps": 16303589, "discontinuedOperations": {}, "extraordinaryItems": {}, "effectOfAccountingCharges": {}, "otherItems": {}, "netIncome": 16303589, "netIncomeApplicableToCommonShares": 16303589}, {"maxAge": 1, "endDate": "2018-03-31", "totalRevenue": 1068191391, "costOfRevenue": 759517100, "grossProfit": 308674291, "researchDevelopment": {}, "sellingGeneralAdministrative": 66641625, "nonRecurring": {}, "otherOperatingExpenses": 148884600, "totalOperatingExpenses": 1012390026, "operatingIncome": 55801365, "totalOtherIncomeExpenseNet": -33702036, "ebit": 55801365, "interestExpense": -32250185, "incomeBeforeTax": 22099329, "incomeTaxExpense": 795000, "minorityInterest": {}, "netIncomeFromContinuingOps": 21304329, "discontinuedOperations": {}, "extraordinaryItems": {}, "effectOfAccountingCharges": {}, "otherItems": {}, "netIncome": 21304329, "netIncomeApplicableToCommonShares": 21304329}, {"maxAge": 1, "endDate": "2017-03-31", "totalRevenue": 1214088441, "costOfRevenue": 895949513, "grossProfit": 318138928, "researchDevelopment": {}, "sellingGeneralAdministrative": 57772302, "nonRecurring": {}, "otherOperatingExpenses": 174471012, "totalOperatingExpenses": 1164514589, "operatingIncome": 49573852, "totalOtherIncomeExpenseNet": -21845182, "ebit": 49573852, "interestExpense": -20176536, "incomeBeforeTax": 27728670, "incomeTaxExpense": -5698900, "minorityInterest": {}, "netIncomeFromContinuingOps": 33427570, "discontinuedOperations": {}, "extraordinaryItems": {}, "effectOfAccountingCharges": {}, "otherItems": {}, "netIncome": 33427570, "netIncomeApplicableToCommonShares": 33427570}], "maxAge": 86400}, "fundOwnership": {"ownershipList": [], "maxAge": 1}, "summaryDetail": {"maxAge": 1, "priceHint": 2, "previousClose": 89.15, "open": 91.55, "dayLow": 85.4, "dayHigh": 91.55, "regularMarketPreviousClose": 89.15, "regularMarketOpen": 91.55, "regularMarketDayLow": 85.4, "regularMarketDayHigh": 91.55, "exDividendDate": "2019-09-04 05:30:00", "payoutRatio": 0.0, "beta": 1.286432, "trailingPE": 11.637594, "volume": 243, "regularMarketVolume": 243, "averageVolume": 2279, "averageVolume10days": 394, "averageDailyVolume10Day": 394, "bid": 0.0, "ask": 0.0, "bidSize": 0, "askSize": 0, "marketCap": 443280960, "fiftyTwoWeekLow": 35.4, "fiftyTwoWeekHigh": 101.4, "priceToSalesTrailing12Months": 0.23842187, "fiftyDayAverage": 91.374245, "twoHundredDayAverage": 71.167854, "trailingAnnualDividendRate": 0.6, "trailingAnnualDividendYield": 0.00673023, "currency": "INR", "fromCurrency": null, "lastMarket": null, "algorithm": null, "tradeable": false}, "incomeStatementHistoryQuarterly": {"incomeStatementHistory": [{"maxAge": 1, "endDate": "2020-12-31", "totalRevenue": 709729000, "costOfRevenue": 573665000, "grossProfit": 136064000, "researchDevelopment": {}, "sellingGeneralAdministrative": 19312000, "nonRecurring": {}, "otherOperatingExpenses": 68466000, "totalOperatingExpenses": 668322000, "operatingIncome": 41407000, "totalOtherIncomeExpenseNet": -9641000, "ebit": 41407000, "interestExpense": -10094000, "incomeBeforeTax": 31766000, "incomeTaxExpense": 5302000, "minorityInterest": {}, "netIncomeFromContinuingOps": 26464000, "discontinuedOperations": {}, "extraordinaryItems": {}, "effectOfAccountingCharges": {}, "otherItems": {}, "netIncome": 26464000, "netIncomeApplicableToCommonShares": 26464000}, {"maxAge": 1, "endDate": "2020-09-30", "totalRevenue": 529409000, "costOfRevenue": 406147000, "grossProfit": 123262000, "researchDevelopment": {}, "sellingGeneralAdministrative": 16001000, "nonRecurring": {}, "otherOperatingExpenses": 78916000, "totalOperatingExpenses": 507943000, "operatingIncome": 21466000, "totalOtherIncomeExpenseNet": -6472000, "ebit": 21466000, "interestExpense": -6472000, "incomeBeforeTax": 14994000, "incomeTaxExpense": 2531000, "minorityInterest": {}, "netIncomeFromContinuingOps": 12463000, "discontinuedOperations": {}, "extraordinaryItems": {}, "effectOfAccountingCharges": {}, "otherItems": {}, "netIncome": 12463000, "netIncomeApplicableToCommonShares": 12463000}, {"maxAge": 1, "endDate": "2020-06-30", "totalRevenue": 249392000, "costOfRevenue": 191652000, "grossProfit": 57740000, "researchDevelopment": {}, "sellingGeneralAdministrative": 9358000, "nonRecurring": {}, "otherOperatingExpenses": 30181000, "totalOperatingExpenses": 238071000, "operatingIncome": 11321000, "totalOtherIncomeExpenseNet": -8969000, "ebit": 11321000, "interestExpense": -8983000, "incomeBeforeTax": 2352000, "incomeTaxExpense": 393000, "minorityInterest": {}, "netIncomeFromContinuingOps": 1959000, "discontinuedOperations": {}, "extraordinaryItems": {}, "effectOfAccountingCharges": {}, "otherItems": {}, "netIncome": 1959000, "netIncomeApplicableToCommonShares": 1959000}, {"maxAge": 1, "endDate": "2020-03-31", "totalRevenue": 370699429, "costOfRevenue": 311975522, "grossProfit": 58723907, "researchDevelopment": {}, "sellingGeneralAdministrative": 21231851, "nonRecurring": {}, "otherOperatingExpenses": 21840736, "totalOperatingExpenses": 358311255, "operatingIncome": 12388174, "totalOtherIncomeExpenseNet": -8660957, "ebit": 12388174, "interestExpense": -6555301, "incomeBeforeTax": 3727217, "incomeTaxExpense": 4122250, "minorityInterest": {}, "netIncomeFromContinuingOps": -395033, "discontinuedOperations": {}, "extraordinaryItems": {}, "effectOfAccountingCharges": {}, "otherItems": {}, "netIncome": -395033, "netIncomeApplicableToCommonShares": -395033}], "maxAge": 86400}, "cashflowStatementHistoryQuarterly": {"cashflowStatements": [{"maxAge": 1, "endDate": "2020-12-31", "netIncome": 26464000, "changeToLiabilities": 0}, {"maxAge": 1, "endDate": "2020-09-30", "netIncome": 12463000, "changeToLiabilities": 0}, {"maxAge": 1, "endDate": "2020-06-30", "netIncome": 1959000, "changeToLiabilities": 0}, {"maxAge": 1, "endDate": "2020-03-31", "netIncome": -395033, "changeToLiabilities": 0}], "maxAge": 86400}, "insiderHolders": {"holders": [{"maxAge": 1, "name": "Agarwal (Saloni)", "relation": "Promoter", "url": "", "transactionDescription": "Acquisition", "latestTransDate": "2011-11-23", "positionDirect": 42000, "positionDirectDate": "2011-11-23"}, {"maxAge": 1, "name": "Agarwal (Shyamlal)", "relation": "Executive Chairman", "url": "", "transactionDescription": "Acquisition", "latestTransDate": "2011-11-16", "positionDirect": 407393, "positionDirectDate": "2011-11-16"}], "maxAge": 1}, "calendarEvents": {"maxAge": 1, "earnings": {"earningsDate": []}, "exDividendDate": "2019-09-04 05:30:00"}, "upgradeDowngradeHistory": {"history": [], "maxAge": 86400}, "price": {"maxAge": 1, "regularMarketChangePercent": 0.0028042623, "regularMarketChange": 0.25, "regularMarketTime": "2021-04-30 15:29:30", "priceHint": 2, "regularMarketPrice": 89.4, "regularMarketDayHigh": 91.55, "regularMarketDayLow": 85.4, "regularMarketVolume": 243, "averageDailyVolume10Day": 394, "averageDailyVolume3Month": 2279, "regularMarketPreviousClose": 89.15, "regularMarketSource": "FREE_REALTIME", "regularMarketOpen": 91.55, "exchange": "NSI", "exchangeName": "NSE", "exchangeDataDelayedBy": 15, "marketState": "CLOSED", "quoteType": "EQUITY", "symbol": "SALONA.NS", "underlyingSymbol": null, "shortName": "SALONA COTSPIN", "longName": "Salona Cotspin Limited", "currency": "INR", "quoteSourceName": "Delayed Quote", "currencySymbol": "\u20b9", "fromCurrency": null, "lastMarket": null, "marketCap": 443280960}, "balanceSheetHistory": {"balanceSheetStatements": [{"maxAge": 1, "endDate": "2020-03-31", "cash": 5669805, "netReceivables": 191363935, "inventory": 366639792, "otherCurrentAssets": 6608565, "totalCurrentAssets": 570282097, "longTermInvestments": 72020, "propertyPlantEquipment": 238260259, "intangibleAssets": 984775, "otherAssets": 23513160, "totalAssets": 833112311, "accountsPayable": 66766854, "shortLongTermDebt": 22166668, "otherCurrentLiab": 777082, "longTermDebt": 64721127, "otherLiab": 18439427, "totalCurrentLiabilities": 428672081, "totalLiab": 512228628, "commonStock": 52624000, "retainedEarnings": 267594756, "treasuryStock": 664927, "otherStockholderEquity": 664927, "totalStockholderEquity": 320883683, "netTangibleAssets": 319898908}, {"maxAge": 1, "endDate": "2019-03-31", "cash": 1670661, "netReceivables": 242177074, "inventory": 371097755, "otherCurrentAssets": 2187857, "totalCurrentAssets": 617133347, "longTermInvestments": 2385949, "propertyPlantEquipment": 262129760, "intangibleAssets": 1267695, "otherAssets": 16089379, "totalAssets": 899006130, "accountsPayable": 39623025, "shortLongTermDebt": 29766668, "otherCurrentLiab": 696878, "longTermDebt": 86336571, "otherLiab": 13702805, "totalCurrentLiabilities": 485326755, "totalLiab": 585782754, "commonStock": 52624000, "retainedEarnings": 259934449, "treasuryStock": 664927, "otherStockholderEquity": 664927, "totalStockholderEquity": 313223376, "netTangibleAssets": 311955681}, {"maxAge": 1, "endDate": "2018-03-31", "cash": 6038056, "netReceivables": 241393720, "inventory": 364719783, "otherCurrentAssets": -1, "totalCurrentAssets": 612151558, "longTermInvestments": 3061192, "propertyPlantEquipment": 198639387, "intangibleAssets": 1530064, "otherAssets": 18438406, "totalAssets": 833820607, "accountsPayable": 67090151, "shortLongTermDebt": 35083332, "otherCurrentLiab": 2053713, "longTermDebt": 52458217, "otherLiab": 12081402, "totalCurrentLiabilities": 468012703, "totalLiab": 533554212, "commonStock": 52624000, "retainedEarnings": 246977468, "treasuryStock": 664927, "otherStockholderEquity": 664927, "totalStockholderEquity": 300266395, "netTangibleAssets": 298736331}, {"maxAge": 1, "endDate": "2017-03-31", "cash": 2068646, "netReceivables": 246833901, "inventory": 271427312, "otherCurrentAssets": 4330, "totalCurrentAssets": 520334189, "longTermInvestments": 3069346, "propertyPlantEquipment": 164644943, "intangibleAssets": 607862, "otherAssets": 19154433, "totalAssets": 707810773, "accountsPayable": 39400834, "shortLongTermDebt": 24000000, "otherCurrentLiab": 915962, "longTermDebt": 55300000, "otherLiab": 18979609, "totalCurrentLiabilities": 353383275, "totalLiab": 428672711, "commonStock": 52624000, "retainedEarnings": 225849135, "treasuryStock": 664927, "otherStockholderEquity": 664927, "totalStockholderEquity": 279138062, "netTangibleAssets": 278530200}], "maxAge": 86400}, "financialData": {"maxAge": 86400, "currentPrice": 89.4, "recommendationKey": "none", "totalCash": 66872000, "totalCashPerShare": 12.71, "ebitda": 103418680, "totalDebt": 391208000, "totalRevenue": 1859229440, "debtToEquity": 116.672, "revenuePerShare": 352.754, "grossProfits": 336515907, "earningsGrowth": 8.673, "revenueGrowth": 1.789, "grossMargins": 0.20212, "ebitdaMargins": 0.05562, "operatingMargins": 0.04657, "profitMargins": 0.02178, "financialCurrency": "INR"}}}