{"SALSTEEL.BO": {"cashflowStatementHistory": {"cashflowStatements": [{"maxAge": 1, "endDate": "2020-03-31", "netIncome": 158800000, "depreciation": 75200000, "changeToNetincome": 26300000, "changeToAccountReceivables": -147500000, "changeToLiabilities": 304300000, "changeToInventory": 119500000, "totalCashFromOperatingActivities": 536600000, "capitalExpenditures": -352900000, "otherCashflowsFromInvestingActivities": 600000, "totalCashflowsFromInvestingActivities": -352300000, "netBorrowings": -165600000, "otherCashflowsFromFinancingActivities": -15100000, "totalCashFromFinancingActivities": -180700000, "changeInCash": 3600000}, {"maxAge": 1, "endDate": "2019-03-31", "netIncome": -215973000, "depreciation": 77962000, "changeToNetincome": 43697000, "changeToAccountReceivables": -634734000, "changeToLiabilities": 246847000, "changeToInventory": 443261000, "totalCashFromOperatingActivities": -38940000, "capitalExpenditures": -117320000, "otherCashflowsFromInvestingActivities": 200850000, "totalCashflowsFromInvestingActivities": 84169000, "netBorrowings": -49575000, "otherCashflowsFromFinancingActivities": -17282000, "totalCashFromFinancingActivities": -66857000, "changeInCash": -21628000}, {"maxAge": 1, "endDate": "2018-03-31", "netIncome": 423908000, "depreciation": 77500000, "changeToNetincome": 229224000, "changeToAccountReceivables": 195727000, "changeToLiabilities": -699186000, "changeToInventory": -158301000, "totalCashFromOperatingActivities": 68872000, "capitalExpenditures": -27079000, "otherCashflowsFromInvestingActivities": 492000, "totalCashflowsFromInvestingActivities": -26587000, "netBorrowings": -16633000, "otherCashflowsFromFinancingActivities": -13833000, "totalCashFromFinancingActivities": -30466000, "changeInCash": 11819000}, {"maxAge": 1, "endDate": "2017-03-31", "netIncome": 8769000, "depreciation": 76423000, "changeToNetincome": 28419000, "changeToAccountReceivables": -152159000, "changeToLiabilities": 290232000, "changeToInventory": -310018000, "totalCashFromOperatingActivities": -58334000, "capitalExpenditures": -6386000, "otherCashflowsFromInvestingActivities": 105000, "totalCashflowsFromInvestingActivities": -6281000, "netBorrowings": 75428000, "otherCashflowsFromFinancingActivities": -9569000, "totalCashFromFinancingActivities": 65859000, "changeInCash": 1244000}], "maxAge": 86400}, "institutionOwnership": {"ownershipList": [], "maxAge": 1}, "balanceSheetHistoryQuarterly": {"balanceSheetStatements": [{"maxAge": 1, "endDate": "2020-06-30", "totalStockholderEquity": 145600000, "netTangibleAssets": 145000000}, {"maxAge": 1, "endDate": "2020-03-31", "cash": 6200000, "netReceivables": 1197300000, "inventory": 197600000, "otherCurrentAssets": 18300000, "totalCurrentAssets": 1419400000, "propertyPlantEquipment": 1640500000, "intangibleAssets": 600000, "otherAssets": 77700000, "totalAssets": 3138200000, "accountsPayable": 668200000, "shortLongTermDebt": 155700000, "otherCurrentLiab": 374200000, "longTermDebt": 1456300000, "otherLiab": 234000000, "totalCurrentLiabilities": 1302300000, "totalLiab": 2992600000, "commonStock": 849700000, "treasuryStock": -704100000, "otherStockholderEquity": -704100000, "totalStockholderEquity": 145600000, "netTangibleAssets": 145000000}, {"maxAge": 1, "endDate": "2019-12-31", "totalStockholderEquity": 141500000, "netTangibleAssets": 140900000}, {"maxAge": 1, "endDate": "2019-09-30", "cash": 6000000, "netReceivables": 1136400000, "inventory": 105900000, "otherCurrentAssets": 202300000, "totalCurrentAssets": 1450600000, "propertyPlantEquipment": 1518700000, "intangibleAssets": 600000, "otherAssets": 82900000, "totalAssets": 3052800000, "accountsPayable": 504000000, "shortLongTermDebt": 238100000, "otherCurrentLiab": 304400000, "longTermDebt": 1564600000, "otherLiab": 229200000, "totalCurrentLiabilities": 1117500000, "totalLiab": 2911300000, "commonStock": 849700000, "treasuryStock": -708200000, "otherStockholderEquity": -708200000, "totalStockholderEquity": 141500000, "netTangibleAssets": 140900000}], "maxAge": 86400}, "indexTrend": {"maxAge": 1, "symbol": "SP5", "peRatio": 19.7411, "pegRatio": 1.34172, "estimates": [{"period": "0q", "growth": 0.549}, {"period": "+1q", "growth": 0.431}, {"period": "0y", "growth": 0.305}, {"period": "+1y", "growth": 0.109}, {"period": "+5y", "growth": 0.120865}, {"period": "-5y"}]}, "insiderTransactions": {"transactions": [{"maxAge": 1, "shares": 2958400, "filerUrl": "", "transactionText": "", "filerName": "SAL Care Pvt Ltd", "filerRelation": "Institution- Corporation", "moneyText": "", "startDate": "2011-12-09", "ownership": "D"}, {"maxAge": 1, "shares": 2958400, "filerUrl": "", "transactionText": "", "filerName": "Shah (Rajendrabhai V) HUF", "filerRelation": "Promoter", "moneyText": "", "startDate": "2011-12-09", "ownership": "D"}, {"maxAge": 1, "shares": 438700, "filerUrl": "", "transactionText": "", "filerName": "Shah (Ragini Rajendrabhai)", "filerRelation": "Promoter", "moneyText": "", "startDate": "2011-12-08", "ownership": "D"}, {"maxAge": 1, "shares": 9305800, "filerUrl": "", "transactionText": "", "filerName": "Shah (Rajendrabhai V)", "filerRelation": "Non Executive Chairman", "moneyText": "", "startDate": "2011-12-07", "ownership": "D"}, {"maxAge": 1, "shares": 438700, "filerUrl": "", "transactionText": "", "filerName": "SAL Care Pvt Ltd", "filerRelation": "Institution- Corporation", "moneyText": "", "startDate": "2011-07-08", "ownership": "D"}], "maxAge": 1}, "quoteType": {"exchange": "BSE", "quoteType": "EQUITY", "symbol": "SALSTEEL.BO", "underlyingSymbol": "SALSTEEL.BO", "shortName": "S.A.L.STEEL LTD.", "longName": "S.A.L. Steel Limited", "firstTradeDateEpochUtc": "2004-11-24 09:15:00", "timeZoneFullName": "Asia/Kolkata", "timeZoneShortName": "IST", "uuid": "e29dcc0c-1c9e-3e7e-82ae-afdcc5cc52fe", "gmtOffSetMilliseconds": 19800000, "maxAge": 1}, "incomeStatementHistory": {"incomeStatementHistory": [{"maxAge": 1, "endDate": "2020-03-31", "totalRevenue": 4078400000, "costOfRevenue": 3965600000, "grossProfit": 112800000, "researchDevelopment": {}, "sellingGeneralAdministrative": 100900000, "nonRecurring": {}, "otherOperatingExpenses": 193900000, "totalOperatingExpenses": 4335600000, "operatingIncome": -257200000, "totalOtherIncomeExpenseNet": 427900000, "ebit": -257200000, "interestExpense": -15100000, "incomeBeforeTax": 170700000, "incomeTaxExpense": 11900000, "minorityInterest": {}, "netIncomeFromContinuingOps": 158800000, "discontinuedOperations": {}, "extraordinaryItems": {}, "effectOfAccountingCharges": {}, "otherItems": {}, "netIncome": 158800000, "netIncomeApplicableToCommonShares": 158800000}, {"maxAge": 1, "endDate": "2019-03-31", "totalRevenue": 5743505000, "costOfRevenue": 4171716000, "grossProfit": 1571789000, "researchDevelopment": {}, "sellingGeneralAdministrative": 159311000, "nonRecurring": {}, "otherOperatingExpenses": 1318185000, "totalOperatingExpenses": 5727174000, "operatingIncome": 16331000, "totalOtherIncomeExpenseNet": -202783000, "ebit": 16331000, "interestExpense": -15019000, "incomeBeforeTax": -186452000, "incomeTaxExpense": 29521000, "minorityInterest": {}, "netIncomeFromContinuingOps": -215973000, "discontinuedOperations": {}, "extraordinaryItems": {}, "effectOfAccountingCharges": {}, "otherItems": {}, "netIncome": -215973000, "netIncomeApplicableToCommonShares": -215973000}, {"maxAge": 1, "endDate": "2018-03-31", "totalRevenue": 4460784000, "costOfRevenue": 3291704000, "grossProfit": 1169080000, "researchDevelopment": {}, "sellingGeneralAdministrative": 139929000, "nonRecurring": {}, "otherOperatingExpenses": 958434000, "totalOperatingExpenses": 4467567000, "operatingIncome": -6783000, "totalOtherIncomeExpenseNet": 646386000, "ebit": -6783000, "interestExpense": -11570000, "incomeBeforeTax": 639603000, "incomeTaxExpense": 215695000, "minorityInterest": {}, "netIncomeFromContinuingOps": 423908000, "discontinuedOperations": {}, "extraordinaryItems": {}, "effectOfAccountingCharges": {}, "otherItems": {}, "netIncome": 423908000, "netIncomeApplicableToCommonShares": 423908000}, {"maxAge": 1, "endDate": "2017-03-31", "totalRevenue": 3606116000, "costOfRevenue": 2387904000, "grossProfit": 1218212000, "researchDevelopment": {}, "sellingGeneralAdministrative": 127843000, "nonRecurring": {}, "otherOperatingExpenses": 983862000, "totalOperatingExpenses": 3576032000, "operatingIncome": 30084000, "totalOtherIncomeExpenseNet": 5645000, "ebit": 30084000, "interestExpense": -7306000, "incomeBeforeTax": 35729000, "incomeTaxExpense": 26960000, "minorityInterest": {}, "netIncomeFromContinuingOps": 8769000, "discontinuedOperations": {}, "extraordinaryItems": {}, "effectOfAccountingCharges": {}, "otherItems": {}, "netIncome": 8769000, "netIncomeApplicableToCommonShares": 8769000}], "maxAge": 86400}, "fundOwnership": {"ownershipList": [], "maxAge": 1}, "summaryDetail": {"maxAge": 1, "priceHint": 4, "previousClose": 4.75, "open": 4.75, "dayLow": 4.52, "dayHigh": 4.94, "regularMarketPreviousClose": 4.75, "regularMarketOpen": 4.75, "regularMarketDayLow": 4.52, "regularMarketDayHigh": 4.94, "trailingPE": 2.713483, "volume": 15609, "regularMarketVolume": 15609, "averageVolume": 35533, "averageVolume10days": 11358, "averageDailyVolume10Day": 11358, "bid": 4.83, "ask": 4.85, "bidSize": 0, "askSize": 0, "marketCap": 410389184, "fiftyTwoWeekLow": 1.6, "fiftyTwoWeekHigh": 5.3, "fiftyDayAverage": 4.16697, "twoHundredDayAverage": 3.2280147, "currency": "INR", "fromCurrency": null, "lastMarket": null, "algorithm": null, "tradeable": false}, "incomeStatementHistoryQuarterly": {"incomeStatementHistory": [{"maxAge": 1, "endDate": "2020-06-30", "totalRevenue": 334400000, "costOfRevenue": 291600000, "grossProfit": 42800000, "researchDevelopment": {}, "sellingGeneralAdministrative": 30000000, "nonRecurring": {}, "otherOperatingExpenses": 23900000, "totalOperatingExpenses": 364500000, "operatingIncome": -30100000, "totalOtherIncomeExpenseNet": -900000, "ebit": -30100000, "interestExpense": -900000, "incomeBeforeTax": -31000000, "incomeTaxExpense": -27400000, "minorityInterest": {}, "netIncomeFromContinuingOps": -3600000, "discontinuedOperations": {}, "extraordinaryItems": {}, "effectOfAccountingCharges": {}, "otherItems": {}, "netIncome": -3600000, "netIncomeApplicableToCommonShares": -3600000}, {"maxAge": 1, "endDate": "2020-03-31", "totalRevenue": 978800000, "costOfRevenue": 968200000, "grossProfit": 10600000, "researchDevelopment": {}, "sellingGeneralAdministrative": 34300000, "nonRecurring": {}, "otherOperatingExpenses": 63300000, "totalOperatingExpenses": 1084600000, "operatingIncome": -105800000, "totalOtherIncomeExpenseNet": 102900000, "ebit": -105800000, "interestExpense": -4600000, "incomeBeforeTax": -2900000, "incomeTaxExpense": 4300000, "minorityInterest": {}, "netIncomeFromContinuingOps": -7200000, "discontinuedOperations": {}, "extraordinaryItems": {}, "effectOfAccountingCharges": {}, "otherItems": {}, "netIncome": -7200000, "netIncomeApplicableToCommonShares": -7200000}, {"maxAge": 1, "endDate": "2019-12-31", "totalRevenue": 952100000, "costOfRevenue": 965500000, "grossProfit": -13400000, "researchDevelopment": {}, "sellingGeneralAdministrative": 20800000, "nonRecurring": {}, "otherOperatingExpenses": 38500000, "totalOperatingExpenses": 1043600000, "operatingIncome": -91500000, "totalOtherIncomeExpenseNet": 108200000, "ebit": -91500000, "interestExpense": -2900000, "incomeBeforeTax": 16700000, "incomeTaxExpense": 4400000, "minorityInterest": {}, "netIncomeFromContinuingOps": 12300000, "discontinuedOperations": {}, "extraordinaryItems": {}, "effectOfAccountingCharges": {}, "otherItems": {}, "netIncome": 12300000, "netIncomeApplicableToCommonShares": 12300000}, {"maxAge": 1, "endDate": "2019-09-30", "totalRevenue": 889100000, "costOfRevenue": 872700000, "grossProfit": 16400000, "researchDevelopment": {}, "sellingGeneralAdministrative": 22700000, "nonRecurring": {}, "otherOperatingExpenses": 39500000, "totalOperatingExpenses": 953700000, "operatingIncome": -64600000, "totalOtherIncomeExpenseNet": 217000000, "ebit": -64600000, "interestExpense": -3700000, "incomeBeforeTax": 152400000, "incomeTaxExpense": 1100000, "minorityInterest": {}, "netIncomeFromContinuingOps": 151300000, "discontinuedOperations": {}, "extraordinaryItems": {}, "effectOfAccountingCharges": {}, "otherItems": {}, "netIncome": 151300000, "netIncomeApplicableToCommonShares": 151300000}], "maxAge": 86400}, "cashflowStatementHistoryQuarterly": {"cashflowStatements": [{"maxAge": 1, "endDate": "2020-06-30", "netIncome": -3600000, "changeToLiabilities": 0}, {"maxAge": 1, "endDate": "2020-03-31", "netIncome": -7200000, "changeToLiabilities": 0}, {"maxAge": 1, "endDate": "2019-12-31", "netIncome": 12300000, "changeToLiabilities": 0}, {"maxAge": 1, "endDate": "2019-09-30", "netIncome": 151300000, "changeToLiabilities": 0}], "maxAge": 86400}, "insiderHolders": {"holders": [{"maxAge": 1, "name": "SAL Care Pvt Ltd", "relation": "Institution- Corporation", "url": "", "transactionDescription": "Acquisition", "latestTransDate": "2011-12-09", "positionDirect": 12702900, "positionDirectDate": "2011-12-09"}, {"maxAge": 1, "name": "Shah (Ragini Rajendrabhai)", "relation": "Promoter", "url": "", "transactionDescription": "Sale", "latestTransDate": "2011-12-08", "positionDirect": 0, "positionDirectDate": "2011-12-08"}, {"maxAge": 1, "name": "Shah (Rajendrabhai V)", "relation": "Non Executive Chairman", "url": "", "transactionDescription": "Sale", "latestTransDate": "2011-12-07", "positionDirect": 0, "positionDirectDate": "2011-12-07"}, {"maxAge": 1, "name": "Shah (Rajendrabhai V) HUF", "relation": "Promoter", "url": "", "transactionDescription": "Acquisition", "latestTransDate": "2011-12-09", "positionDirect": 0, "positionDirectDate": "2011-12-09"}], "maxAge": 1}, "calendarEvents": {"maxAge": 1, "earnings": {"earningsDate": []}}, "upgradeDowngradeHistory": {"history": [], "maxAge": 86400}, "price": {"maxAge": 1, "regularMarketChangePercent": 0.01684209, "regularMarketChange": 0.07999992, "regularMarketTime": "2021-04-30 15:28:01", "priceHint": 4, "regularMarketPrice": 4.83, "regularMarketDayHigh": 4.94, "regularMarketDayLow": 4.52, "regularMarketVolume": 15609, "averageDailyVolume10Day": 11358, "averageDailyVolume3Month": 35533, "regularMarketPreviousClose": 4.75, "regularMarketSource": "FREE_REALTIME", "regularMarketOpen": 4.75, "exchange": "BSE", "exchangeName": "BSE", "exchangeDataDelayedBy": 0, "marketState": "CLOSED", "quoteType": "EQUITY", "symbol": "SALSTEEL.BO", "underlyingSymbol": null, "shortName": "S.A.L.STEEL LTD.", "longName": "S.A.L. Steel Limited", "currency": "INR", "quoteSourceName": "Delayed Quote", "currencySymbol": "\u20b9", "fromCurrency": null, "lastMarket": null, "marketCap": 410389184}, "balanceSheetHistory": {"balanceSheetStatements": [{"maxAge": 1, "endDate": "2020-03-31", "cash": 6200000, "netReceivables": 1197300000, "inventory": 197600000, "otherCurrentAssets": 18300000, "totalCurrentAssets": 1419400000, "propertyPlantEquipment": 1640500000, "intangibleAssets": 600000, "otherAssets": 77700000, "totalAssets": 3138200000, "accountsPayable": 668200000, "shortLongTermDebt": 155700000, "otherCurrentLiab": 374200000, "longTermDebt": 1456300000, "otherLiab": 234000000, "totalCurrentLiabilities": 1302300000, "totalLiab": 2992600000, "commonStock": 849700000, "treasuryStock": -704100000, "otherStockholderEquity": -704100000, "totalStockholderEquity": 145600000, "netTangibleAssets": 145000000}, {"maxAge": 1, "endDate": "2019-03-31", "cash": 2558000, "netReceivables": 911849000, "inventory": 317072000, "otherCurrentAssets": 158868000, "totalCurrentAssets": 1390347000, "propertyPlantEquipment": 1362740000, "intangibleAssets": 577000, "otherAssets": 74830000, "totalAssets": 2828494000, "accountsPayable": 489456000, "shortLongTermDebt": 74469000, "otherCurrentLiab": 12489000, "longTermDebt": 1600738000, "otherLiab": 218806000, "totalCurrentLiabilities": 1021532000, "totalLiab": 2841076000, "commonStock": 849667000, "retainedEarnings": -1230069000, "treasuryStock": 80000000, "capitalSurplus": 287820000, "otherStockholderEquity": 80000000, "totalStockholderEquity": -12582000, "netTangibleAssets": -13159000}, {"maxAge": 1, "endDate": "2018-03-31", "cash": 24186000, "netReceivables": 346964000, "inventory": 760333000, "otherCurrentAssets": 40284000, "totalCurrentAssets": 1172268000, "propertyPlantEquipment": 1524028000, "intangibleAssets": 577000, "otherAssets": 123064000, "totalAssets": 2819937000, "accountsPayable": 269172000, "shortLongTermDebt": 74469000, "otherCurrentLiab": 19190000, "longTermDebt": 1672944000, "otherLiab": 227227000, "totalCurrentLiabilities": 716999000, "totalLiab": 2617170000, "commonStock": 849667000, "retainedEarnings": -1014720000, "treasuryStock": 80000000, "capitalSurplus": 287820000, "otherStockholderEquity": 80000000, "totalStockholderEquity": 202767000, "netTangibleAssets": 202190000}, {"maxAge": 1, "endDate": "2017-03-31", "cash": 12367000, "netReceivables": 502903000, "inventory": 602033000, "otherCurrentAssets": 67604000, "totalCurrentAssets": 1185684000, "propertyPlantEquipment": 1574450000, "intangibleAssets": 577000, "otherAssets": 194485000, "deferredLongTermAssetCharges": 59230000, "totalAssets": 2955196000, "accountsPayable": 288009000, "shortLongTermDebt": 33435000, "otherCurrentLiab": 21013000, "longTermDebt": 1689577000, "otherLiab": 53880000, "totalCurrentLiabilities": 1599324000, "totalLiab": 3342781000, "commonStock": 849667000, "retainedEarnings": -1605563000, "treasuryStock": 80491000, "capitalSurplus": 287820000, "otherStockholderEquity": 80491000, "totalStockholderEquity": -387585000, "netTangibleAssets": -388162000}], "maxAge": 86400}, "financialData": {"maxAge": 86400, "currentPrice": 4.83, "recommendationKey": "none", "grossProfits": 112800000, "financialCurrency": "INR"}}}