{"SALSTEEL.NS": {"assetProfile": {"address1": "Shah Alloys Corporate House", "address2": "Sola-Kalol Road Village Santej Ta.Kalol", "city": "Gandhinagar", "zip": "382721", "country": "India", "phone": "91 27 6466 1100", "fax": "91 17 6466 1110", "website": "http://www.salsteel.co.in", "industry": "Steel", "sector": "Basic Materials", "longBusinessSummary": "S.A.L. Steel Limited manufactures and sells sponge iron and ferro alloys in India and internationally. It operates through Iron & Steel and Power segments. The company also offers iron ore pellets and finished steel products. Its products are primarily used in iron and steel industries. In addition, it generates and sells 40 MW power from waste heat recovery boiler and fluidized bed combustion boiler. S.A.L. Steel Limited was incorporated in 2003 and is based in Gandhinagar, India.", "fullTimeEmployees": 379, "companyOfficers": [{"maxAge": 1, "name": "Mr. Babulal M. Singhal", "age": 63, "title": "CFO & Whole Time Director", "yearBorn": 1957, "fiscalYear": 2020, "totalPay": 486481, "exercisedValue": 0, "unexercisedValue": 0}, {"maxAge": 1, "name": "Mr. Manish Ramchand Daulani", "title": "Company Sec. & Compliance Officer", "fiscalYear": 2020, "totalPay": 503031, "exercisedValue": 0, "unexercisedValue": 0}, {"maxAge": 1, "name": "Mr. Sujalakumar Ashokkumar Shah", "age": 54, "title": "Director of Purchase & Whole Time Director", "yearBorn": 1966, "fiscalYear": 2020, "totalPay": 432000, "exercisedValue": 0, "unexercisedValue": 0}, {"maxAge": 1, "name": "Mr. Jai Prakash Goyal", "age": 62, "title": "Whole Time Director", "yearBorn": 1958, "exercisedValue": 0, "unexercisedValue": 0}, {"maxAge": 1, "name": "Mr. Kiritkumar R. Shah", "age": 67, "title": "Assistant Gen. Mang. of Marketing", "yearBorn": 1953, "exercisedValue": 0, "unexercisedValue": 0}, {"maxAge": 1, "name": "Mr. Rati Nath Mishra", "age": 67, "title": "Head of Project & Production", "yearBorn": 1953, "exercisedValue": 0, "unexercisedValue": 0}, {"maxAge": 1, "name": "Mr. Suresh Dipak Shah", "title": "Director of Steel Mill & Personnel", "fiscalYear": 2010, "exercisedValue": 0, "unexercisedValue": 0}], "compensationAsOfEpochDate": "2020-12-31 05:30:00", "maxAge": 86400}, "cashflowStatementHistory": {"cashflowStatements": [{"maxAge": 1, "endDate": "2020-03-31", "netIncome": 158700000, "depreciation": 75197000, "changeToNetincome": 26491000, "changeToAccountReceivables": -147521000, "changeToLiabilities": 304328000, "changeToInventory": 119450000, "totalCashFromOperatingActivities": 536645000, "capitalExpenditures": -352906000, "otherCashflowsFromInvestingActivities": 590000, "totalCashflowsFromInvestingActivities": -352316000, "netBorrowings": -165587000, "otherCashflowsFromFinancingActivities": -15140000, "totalCashFromFinancingActivities": -180727000, "changeInCash": 3601000}, {"maxAge": 1, "endDate": "2019-03-31", "netIncome": -215973000, "depreciation": 77962000, "changeToNetincome": 43696000, "changeToAccountReceivables": -634150000, "changeToLiabilities": 244001000, "changeToInventory": 443261000, "totalCashFromOperatingActivities": -41203000, "capitalExpenditures": -117320000, "otherCashflowsFromInvestingActivities": 200850000, "totalCashflowsFromInvestingActivities": 84169000, "netBorrowings": -49575000, "otherCashflowsFromFinancingActivities": -15019000, "totalCashFromFinancingActivities": -64594000, "changeInCash": -21628000}, {"maxAge": 1, "endDate": "2018-03-31", "netIncome": 423908000, "depreciation": 77500000, "changeToNetincome": 229224000, "changeToAccountReceivables": 195727000, "changeToLiabilities": -699186000, "changeToInventory": -158301000, "totalCashFromOperatingActivities": 68872000, "capitalExpenditures": -27079000, "otherCashflowsFromInvestingActivities": 492000, "totalCashflowsFromInvestingActivities": -26587000, "netBorrowings": -16633000, "otherCashflowsFromFinancingActivities": -13833000, "totalCashFromFinancingActivities": -30466000, "changeInCash": 11819000}, {"maxAge": 1, "endDate": "2017-03-31", "netIncome": 8769000, "depreciation": 76423000, "changeToNetincome": 28419000, "changeToAccountReceivables": -152159000, "changeToLiabilities": 290232000, "changeToInventory": -310018000, "totalCashFromOperatingActivities": -58334000, "capitalExpenditures": -6386000, "otherCashflowsFromInvestingActivities": 105000, "totalCashflowsFromInvestingActivities": -6281000, "netBorrowings": 75428000, "otherCashflowsFromFinancingActivities": -9569000, "totalCashFromFinancingActivities": 65859000, "changeInCash": 1244000}], "maxAge": 86400}, "institutionOwnership": {"ownershipList": [], "maxAge": 1}, "majorHoldersBreakdown": {"maxAge": 1, "insidersPercentHeld": 0.59656, "institutionsPercentHeld": 0.0, "institutionsFloatPercentHeld": 0.0, "institutionsCount": 0}, "balanceSheetHistoryQuarterly": {"balanceSheetStatements": [{"maxAge": 1, "endDate": "2020-12-31", "totalStockholderEquity": 103000000, "netTangibleAssets": 102400000}, {"maxAge": 1, "endDate": "2020-09-30", "cash": 8100000, "netReceivables": 982700000, "inventory": 136300000, "otherCurrentAssets": 115900000, "totalCurrentAssets": 1243000000, "propertyPlantEquipment": 1609600000, "intangibleAssets": 600000, "otherAssets": 70900000, "totalAssets": 2924100000, "accountsPayable": 558100000, "shortLongTermDebt": 227900000, "otherCurrentLiab": 384700000, "longTermDebt": 1348000000, "otherLiab": 202400000, "totalCurrentLiabilities": 1270700000, "totalLiab": 2821100000, "commonStock": 849700000, "treasuryStock": -746700000, "otherStockholderEquity": -746700000, "totalStockholderEquity": 103000000, "netTangibleAssets": 102400000}, {"maxAge": 1, "endDate": "2020-06-30", "totalStockholderEquity": 145600000, "netTangibleAssets": 145000000}, {"maxAge": 1, "endDate": "2020-03-31", "cash": 1865000, "netReceivables": 1197291000, "inventory": 197621000, "otherCurrentAssets": 22566000, "totalCurrentAssets": 1419343000, "propertyPlantEquipment": 1640449000, "intangibleAssets": 577000, "otherAssets": 77641000, "totalAssets": 3138010000, "accountsPayable": 668156000, "shortLongTermDebt": 146675000, "otherCurrentLiab": 66539000, "longTermDebt": 1456326000, "otherLiab": 233941000, "totalCurrentLiabilities": 1302208000, "totalLiab": 2992475000, "commonStock": 849667000, "retainedEarnings": -1071952000, "treasuryStock": 80000000, "capitalSurplus": 287820000, "otherStockholderEquity": 80000000, "totalStockholderEquity": 145535000, "netTangibleAssets": 144958000}], "maxAge": 86400}, "indexTrend": {"maxAge": 1, "symbol": "SP5", "peRatio": 19.7411, "pegRatio": 1.34172, "estimates": [{"period": "0q", "growth": 0.549}, {"period": "+1q", "growth": 0.431}, {"period": "0y", "growth": 0.305}, {"period": "+1y", "growth": 0.109}, {"period": "+5y", "growth": 0.120865}, {"period": "-5y"}]}, "defaultKeyStatistics": {"maxAge": 1, "priceHint": 4, "enterpriseValue": 2017191808, "profitMargins": -0.01669, "floatShares": 36137187, "sharesOutstanding": 84966704, "heldPercentInsiders": 0.59656, "heldPercentInstitutions": 0.0, "beta": 1.574234, "category": null, "bookValue": 1.224, "priceToBook": 3.880719, "fundFamily": null, "legalType": null, "lastFiscalYearEnd": "2020-03-31 05:30:00", "nextFiscalYearEnd": "2022-03-31 05:30:00", "mostRecentQuarter": "2020-12-31 05:30:00", "earningsQuarterlyGrowth": -0.821, "netIncomeToCommon": -47200000, "trailingEps": -0.555, "lastSplitFactor": null, "enterpriseToRevenue": 0.713, "enterpriseToEbitda": 136.655}, "summaryProfile": {"address1": "Shah Alloys Corporate House", "address2": "Sola-Kalol Road Village Santej Ta.Kalol", "city": "Gandhinagar", "zip": "382721", "country": "India", "phone": "91 27 6466 1100", "fax": "91 17 6466 1110", "website": "http://www.salsteel.co.in", "industry": "Steel", "sector": "Basic Materials", "longBusinessSummary": "S.A.L. Steel Limited manufactures and sells sponge iron and ferro alloys in India and internationally. It operates through Iron & Steel and Power segments. The company also offers iron ore pellets and finished steel products. Its products are primarily used in iron and steel industries. In addition, it generates and sells 40 MW power from waste heat recovery boiler and fluidized bed combustion boiler. S.A.L. Steel Limited was incorporated in 2003 and is based in Gandhinagar, India.", "fullTimeEmployees": 379, "companyOfficers": [], "maxAge": 86400}, "netSharePurchaseActivity": {"maxAge": 1, "period": "6m", "buyInfoCount": 0, "buyInfoShares": 0, "sellInfoCount": 0, "netInfoCount": 0, "netInfoShares": 0, "netPercentInsiderShares": 0.0, "totalInsiderShares": 50687736}, "insiderTransactions": {"transactions": [{"maxAge": 1, "shares": 2958400, "filerUrl": "", "transactionText": "", "filerName": "SAL Care Pvt Ltd", "filerRelation": "Institution- Corporation", "moneyText": "", "startDate": "2011-12-09", "ownership": "D"}, {"maxAge": 1, "shares": 2958400, "filerUrl": "", "transactionText": "", "filerName": "Shah (Rajendrabhai V) HUF", "filerRelation": "Promoter", "moneyText": "", "startDate": "2011-12-09", "ownership": "D"}, {"maxAge": 1, "shares": 438700, "filerUrl": "", "transactionText": "", "filerName": "Shah (Ragini Rajendrabhai)", "filerRelation": "Promoter", "moneyText": "", "startDate": "2011-12-08", "ownership": "D"}, {"maxAge": 1, "shares": 9305800, "filerUrl": "", "transactionText": "", "filerName": "Shah (Rajendrabhai V)", "filerRelation": "Non Executive Chairman", "moneyText": "", "startDate": "2011-12-07", "ownership": "D"}, {"maxAge": 1, "shares": 438700, "filerUrl": "", "transactionText": "", "filerName": "SAL Care Pvt Ltd", "filerRelation": "Institution- Corporation", "moneyText": "", "startDate": "2011-07-08", "ownership": "D"}], "maxAge": 1}, "quoteType": {"exchange": "NSI", "quoteType": "EQUITY", "symbol": "SALSTEEL.NS", "underlyingSymbol": "SALSTEEL.NS", "shortName": "SAL STEEL LTD", "longName": "S.A.L. Steel Limited", "firstTradeDateEpochUtc": "2004-11-24 09:15:00", "timeZoneFullName": "Asia/Kolkata", "timeZoneShortName": "IST", "uuid": "608d1214-d976-343a-9dfa-c347b8dbccc7", "gmtOffSetMilliseconds": 19800000, "maxAge": 1}, "incomeStatementHistory": {"incomeStatementHistory": [{"maxAge": 1, "endDate": "2020-03-31", "totalRevenue": 4078391000, "costOfRevenue": 3268924000, "grossProfit": 809467000, "researchDevelopment": {}, "sellingGeneralAdministrative": 100882000, "nonRecurring": {}, "otherOperatingExpenses": 456750000, "totalOperatingExpenses": 3901753000, "operatingIncome": 176638000, "totalOtherIncomeExpenseNet": -5996000, "ebit": 176638000, "interestExpense": -15139000, "incomeBeforeTax": 170642000, "incomeTaxExpense": 11942000, "minorityInterest": {}, "netIncomeFromContinuingOps": 158700000, "discontinuedOperations": {}, "extraordinaryItems": {}, "effectOfAccountingCharges": {}, "otherItems": {}, "netIncome": 158700000, "netIncomeApplicableToCommonShares": 158700000}, {"maxAge": 1, "endDate": "2019-03-31", "totalRevenue": 5743505000, "costOfRevenue": 4171717000, "grossProfit": 1571788000, "researchDevelopment": {}, "sellingGeneralAdministrative": 159311000, "nonRecurring": {}, "otherOperatingExpenses": 1318185000, "totalOperatingExpenses": 5727175000, "operatingIncome": 16330000, "totalOtherIncomeExpenseNet": -202782000, "ebit": 16330000, "interestExpense": -15019000, "incomeBeforeTax": -186452000, "incomeTaxExpense": 29521000, "minorityInterest": {}, "netIncomeFromContinuingOps": -215973000, "discontinuedOperations": {}, "extraordinaryItems": {}, "effectOfAccountingCharges": {}, "otherItems": {}, "netIncome": -215973000, "netIncomeApplicableToCommonShares": -215973000}, {"maxAge": 1, "endDate": "2018-03-31", "totalRevenue": 4460784000, "costOfRevenue": 3291704000, "grossProfit": 1169080000, "researchDevelopment": {}, "sellingGeneralAdministrative": 139929000, "nonRecurring": {}, "otherOperatingExpenses": 958434000, "totalOperatingExpenses": 4467567000, "operatingIncome": -6783000, "totalOtherIncomeExpenseNet": 646386000, "ebit": -6783000, "interestExpense": -11570000, "incomeBeforeTax": 639603000, "incomeTaxExpense": 215695000, "minorityInterest": {}, "netIncomeFromContinuingOps": 423908000, "discontinuedOperations": {}, "extraordinaryItems": {}, "effectOfAccountingCharges": {}, "otherItems": {}, "netIncome": 423908000, "netIncomeApplicableToCommonShares": 423908000}, {"maxAge": 1, "endDate": "2017-03-31", "totalRevenue": 3606116000, "costOfRevenue": 2387904000, "grossProfit": 1218212000, "researchDevelopment": {}, "sellingGeneralAdministrative": 127843000, "nonRecurring": {}, "otherOperatingExpenses": 983862000, "totalOperatingExpenses": 3576032000, "operatingIncome": 30084000, "totalOtherIncomeExpenseNet": 5645000, "ebit": 30084000, "interestExpense": -7306000, "incomeBeforeTax": 35729000, "incomeTaxExpense": 26960000, "minorityInterest": {}, "netIncomeFromContinuingOps": 8769000, "discontinuedOperations": {}, "extraordinaryItems": {}, "effectOfAccountingCharges": {}, "otherItems": {}, "netIncome": 8769000, "netIncomeApplicableToCommonShares": 8769000}], "maxAge": 86400}, "fundOwnership": {"ownershipList": [], "maxAge": 1}, "summaryDetail": {"maxAge": 1, "priceHint": 4, "previousClose": 4.75, "open": 4.6, "dayLow": 4.55, "dayHigh": 4.95, "regularMarketPreviousClose": 4.75, "regularMarketOpen": 4.6, "regularMarketDayLow": 4.55, "regularMarketDayHigh": 4.95, "payoutRatio": 0.0, "beta": 1.574234, "volume": 79705, "regularMarketVolume": 79705, "averageVolume": 74296, "averageVolume10days": 197286, "averageDailyVolume10Day": 197286, "bid": 0.0, "ask": 0.0, "bidSize": 0, "askSize": 0, "marketCap": 403591840, "fiftyTwoWeekLow": 1.7, "fiftyTwoWeekHigh": 5.3, "priceToSalesTrailing12Months": 0.1427385, "fiftyDayAverage": 3.521212, "twoHundredDayAverage": 3.3867857, "currency": "INR", "fromCurrency": null, "lastMarket": null, "algorithm": null, "tradeable": false}, "incomeStatementHistoryQuarterly": {"incomeStatementHistory": [{"maxAge": 1, "endDate": "2020-12-31", "totalRevenue": 722800000, "costOfRevenue": 643100000, "grossProfit": 79700000, "researchDevelopment": {}, "sellingGeneralAdministrative": 39600000, "nonRecurring": {}, "otherOperatingExpenses": -6800000, "totalOperatingExpenses": 702900000, "operatingIncome": 19900000, "totalOtherIncomeExpenseNet": 0, "ebit": 19900000, "interestExpense": {}, "incomeBeforeTax": 19900000, "incomeTaxExpense": 17700000, "minorityInterest": {}, "netIncomeFromContinuingOps": 2200000, "discontinuedOperations": {}, "extraordinaryItems": {}, "effectOfAccountingCharges": {}, "otherItems": {}, "netIncome": 2200000, "netIncomeApplicableToCommonShares": 2200000}, {"maxAge": 1, "endDate": "2020-09-30", "totalRevenue": 791500000, "costOfRevenue": 725100000, "grossProfit": 66400000, "researchDevelopment": {}, "sellingGeneralAdministrative": 39300000, "nonRecurring": {}, "otherOperatingExpenses": 49100000, "totalOperatingExpenses": 832400000, "operatingIncome": -40900000, "totalOtherIncomeExpenseNet": -500000, "ebit": -40900000, "interestExpense": -500000, "incomeBeforeTax": -41400000, "incomeTaxExpense": -2700000, "minorityInterest": {}, "netIncomeFromContinuingOps": -38700000, "discontinuedOperations": {}, "extraordinaryItems": {}, "effectOfAccountingCharges": {}, "otherItems": {}, "netIncome": -38700000, "netIncomeApplicableToCommonShares": -38700000}, {"maxAge": 1, "endDate": "2020-06-30", "totalRevenue": 334400000, "costOfRevenue": 291600000, "grossProfit": 42800000, "researchDevelopment": {}, "sellingGeneralAdministrative": 30000000, "nonRecurring": {}, "otherOperatingExpenses": 23900000, "totalOperatingExpenses": 364500000, "operatingIncome": -30100000, "totalOtherIncomeExpenseNet": -900000, "ebit": -30100000, "interestExpense": -900000, "incomeBeforeTax": -31000000, "incomeTaxExpense": -27400000, "minorityInterest": {}, "netIncomeFromContinuingOps": -3600000, "discontinuedOperations": {}, "extraordinaryItems": {}, "effectOfAccountingCharges": {}, "otherItems": {}, "netIncome": -3600000, "netIncomeApplicableToCommonShares": -3600000}, {"maxAge": 1, "endDate": "2020-03-31", "totalRevenue": 978791000, "costOfRevenue": 271524000, "grossProfit": 707267000, "researchDevelopment": {}, "sellingGeneralAdministrative": 34282000, "nonRecurring": {}, "otherOperatingExpenses": 661650000, "totalOperatingExpenses": 986253000, "operatingIncome": -7462000, "totalOtherIncomeExpenseNet": 4604000, "ebit": -7462000, "interestExpense": -4639000, "incomeBeforeTax": -2858000, "incomeTaxExpense": 4342000, "minorityInterest": {}, "netIncomeFromContinuingOps": -7200000, "discontinuedOperations": {}, "extraordinaryItems": {}, "effectOfAccountingCharges": {}, "otherItems": {}, "netIncome": -7200000, "netIncomeApplicableToCommonShares": -7200000}], "maxAge": 86400}, "cashflowStatementHistoryQuarterly": {"cashflowStatements": [{"maxAge": 1, "endDate": "2020-12-31", "netIncome": 2200000, "changeToLiabilities": 0}, {"maxAge": 1, "endDate": "2020-09-30", "netIncome": -38700000, "changeToLiabilities": 0}, {"maxAge": 1, "endDate": "2020-06-30", "netIncome": -3600000, "changeToLiabilities": 0}, {"maxAge": 1, "endDate": "2020-03-31", "netIncome": -7200000, "changeToLiabilities": 0}], "maxAge": 86400}, "insiderHolders": {"holders": [{"maxAge": 1, "name": "SAL Care Pvt Ltd", "relation": "Institution- Corporation", "url": "", "transactionDescription": "Acquisition", "latestTransDate": "2011-12-09", "positionDirect": 12702900, "positionDirectDate": "2011-12-09"}, {"maxAge": 1, "name": "Shah (Ragini Rajendrabhai)", "relation": "Promoter", "url": "", "transactionDescription": "Sale", "latestTransDate": "2011-12-08", "positionDirect": 0, "positionDirectDate": "2011-12-08"}, {"maxAge": 1, "name": "Shah (Rajendrabhai V)", "relation": "Non Executive Chairman", "url": "", "transactionDescription": "Sale", "latestTransDate": "2011-12-07", "positionDirect": 0, "positionDirectDate": "2011-12-07"}, {"maxAge": 1, "name": "Shah (Rajendrabhai V) HUF", "relation": "Promoter", "url": "", "transactionDescription": "Acquisition", "latestTransDate": "2011-12-09", "positionDirect": 0, "positionDirectDate": "2011-12-09"}], "maxAge": 1}, "calendarEvents": {"maxAge": 1, "earnings": {"earningsDate": []}}, "upgradeDowngradeHistory": {"history": [], "maxAge": 86400}, "price": {"maxAge": 1, "regularMarketChangePercent": 0.0, "regularMarketChange": 0.0, "regularMarketTime": "2021-04-30 15:28:21", "priceHint": 4, "regularMarketPrice": 4.75, "regularMarketDayHigh": 4.95, "regularMarketDayLow": 4.55, "regularMarketVolume": 79705, "averageDailyVolume10Day": 197286, "averageDailyVolume3Month": 74296, "regularMarketPreviousClose": 4.75, "regularMarketSource": "FREE_REALTIME", "regularMarketOpen": 4.6, "exchange": "NSI", "exchangeName": "NSE", "exchangeDataDelayedBy": 15, "marketState": "CLOSED", "quoteType": "EQUITY", "symbol": "SALSTEEL.NS", "underlyingSymbol": null, "shortName": "SAL STEEL LTD", "longName": "S.A.L. Steel Limited", "currency": "INR", "quoteSourceName": "Delayed Quote", "currencySymbol": "\u20b9", "fromCurrency": null, "lastMarket": null, "marketCap": 403591840}, "balanceSheetHistory": {"balanceSheetStatements": [{"maxAge": 1, "endDate": "2020-03-31", "cash": 1865000, "netReceivables": 1197291000, "inventory": 197621000, "otherCurrentAssets": 22566000, "totalCurrentAssets": 1419343000, "propertyPlantEquipment": 1640449000, "intangibleAssets": 577000, "otherAssets": 77641000, "totalAssets": 3138010000, "accountsPayable": 668156000, "shortLongTermDebt": 146675000, "otherCurrentLiab": 66539000, "longTermDebt": 1456326000, "otherLiab": 233941000, "totalCurrentLiabilities": 1302208000, "totalLiab": 2992475000, "commonStock": 849667000, "retainedEarnings": -1071952000, "treasuryStock": 80000000, "capitalSurplus": 287820000, "otherStockholderEquity": 80000000, "totalStockholderEquity": 145535000, "netTangibleAssets": 144958000}, {"maxAge": 1, "endDate": "2019-03-31", "cash": 2558000, "netReceivables": 912432000, "inventory": 317072000, "otherCurrentAssets": 158868000, "totalCurrentAssets": 1390930000, "propertyPlantEquipment": 1362740000, "intangibleAssets": 577000, "otherAssets": 74247000, "totalAssets": 2828494000, "accountsPayable": 489456000, "shortLongTermDebt": 74469000, "otherCurrentLiab": 23931000, "longTermDebt": 1600738000, "otherLiab": 218807000, "totalCurrentLiabilities": 1021531000, "totalLiab": 2841076000, "commonStock": 849667000, "retainedEarnings": -1230069000, "treasuryStock": 80000000, "capitalSurplus": 287820000, "otherStockholderEquity": 80000000, "totalStockholderEquity": -12582000, "netTangibleAssets": -13159000}, {"maxAge": 1, "endDate": "2018-03-31", "cash": 24186000, "netReceivables": 346964000, "inventory": 760333000, "otherCurrentAssets": 40284000, "totalCurrentAssets": 1172268000, "propertyPlantEquipment": 1524028000, "intangibleAssets": 577000, "otherAssets": 123064000, "totalAssets": 2819937000, "accountsPayable": 269172000, "shortLongTermDebt": 74469000, "otherCurrentLiab": 19190000, "longTermDebt": 1672944000, "otherLiab": 227227000, "totalCurrentLiabilities": 716999000, "totalLiab": 2617170000, "commonStock": 849667000, "retainedEarnings": -1014720000, "treasuryStock": 80000000, "capitalSurplus": 287820000, "otherStockholderEquity": 80000000, "totalStockholderEquity": 202767000, "netTangibleAssets": 202190000}, {"maxAge": 1, "endDate": "2017-03-31", "cash": 12367000, "netReceivables": 502903000, "inventory": 602033000, "otherCurrentAssets": 67604000, "totalCurrentAssets": 1185684000, "propertyPlantEquipment": 1574450000, "intangibleAssets": 577000, "otherAssets": 194485000, "deferredLongTermAssetCharges": 59230000, "totalAssets": 2955196000, "accountsPayable": 288009000, "shortLongTermDebt": 33435000, "otherCurrentLiab": 21013000, "longTermDebt": 1689577000, "otherLiab": 53880000, "totalCurrentLiabilities": 1599324000, "totalLiab": 3342781000, "commonStock": 849667000, "retainedEarnings": -1605563000, "treasuryStock": 80491000, "capitalSurplus": 287820000, "otherStockholderEquity": 80491000, "totalStockholderEquity": -387585000, "netTangibleAssets": -388162000}], "maxAge": 86400}, "financialData": {"maxAge": 86400, "currentPrice": 4.75, "recommendationKey": "none", "totalCash": 8100000, "totalCashPerShare": 0.095, "ebitda": 14761250, "totalDebt": 1621699968, "totalRevenue": 2827491072, "debtToEquity": 1574.466, "revenuePerShare": 33.269, "grossProfits": 809467000, "earningsGrowth": -0.786, "revenueGrowth": -0.241, "grossMargins": 0.31695, "ebitdaMargins": 0.00522, "operatingMargins": -0.020639999, "profitMargins": -0.01669, "financialCurrency": "INR"}}}