{"SAMINDUS.BO": {"cashflowStatementHistory": {"cashflowStatements": [{"maxAge": 1, "endDate": "2020-03-31", "netIncome": -2857332, "depreciation": 3669753, "changeToNetincome": 14535402, "changeToAccountReceivables": 498488, "changeToLiabilities": -5732882, "changeToInventory": 1761764, "totalCashFromOperatingActivities": 11875193, "capitalExpenditures": -15875540, "investments": 5290164, "otherCashflowsFromInvestingActivities": 4764900, "totalCashflowsFromInvestingActivities": -4512826, "otherCashflowsFromFinancingActivities": -3065016, "totalCashFromFinancingActivities": -3065016, "changeInCash": 4297351}, {"maxAge": 1, "endDate": "2019-03-31", "netIncome": 2264590, "depreciation": 3921499, "changeToNetincome": -3575562, "changeToAccountReceivables": 11354707, "changeToLiabilities": 19875244, "changeToInventory": 1226249, "totalCashFromOperatingActivities": 35066727, "capitalExpenditures": -12710784, "investments": -27997745, "otherCashflowsFromInvestingActivities": 5445245, "totalCashflowsFromInvestingActivities": -33300784, "otherCashflowsFromFinancingActivities": -1692720, "totalCashFromFinancingActivities": -1692720, "changeInCash": 73223}, {"maxAge": 1, "endDate": "2018-03-31", "netIncome": 13284343, "depreciation": 4087799, "changeToNetincome": -1221580, "changeToAccountReceivables": 104521759, "changeToLiabilities": 943804, "changeToInventory": 2811965, "totalCashFromOperatingActivities": 124428090, "capitalExpenditures": -115099821, "investments": -16690344, "otherCashflowsFromInvestingActivities": 8028911, "totalCashflowsFromInvestingActivities": -123761254, "otherCashflowsFromFinancingActivities": -391616, "totalCashFromFinancingActivities": -391616, "changeInCash": 275220}, {"maxAge": 1, "endDate": "2017-03-31", "netIncome": 18101414, "depreciation": 6793814, "changeToNetincome": -9698781, "changeToAccountReceivables": -1623452, "changeToLiabilities": -5306386, "changeToInventory": 2795676, "totalCashFromOperatingActivities": 11062285, "capitalExpenditures": -151173, "investments": -20744258, "otherCashflowsFromInvestingActivities": 7304326, "totalCashflowsFromInvestingActivities": -13591105, "otherCashflowsFromFinancingActivities": -116851, "totalCashFromFinancingActivities": -116851, "changeInCash": -2645671}], "maxAge": 86400}, "institutionOwnership": {"maxAge": 1, "ownershipList": []}, "balanceSheetHistoryQuarterly": {"balanceSheetStatements": [{"maxAge": 1, "endDate": "2020-06-30", "totalStockholderEquity": 407432111, "netTangibleAssets": 407432111}, {"maxAge": 1, "endDate": "2020-03-31", "cash": 4971631, "netReceivables": 57656238, "inventory": 27730561, "otherCurrentAssets": 600364, "totalCurrentAssets": 91765291, "longTermInvestments": 69307627, "propertyPlantEquipment": 304612916, "otherAssets": 9261970, "totalAssets": 474947804, "accountsPayable": 855858, "shortLongTermDebt": 1403210, "otherCurrentLiab": 14395946, "otherLiab": 21295245, "totalCurrentLiabilities": 45244085, "totalLiab": 67515693, "commonStock": 110884700, "retainedEarnings": 134991912, "treasuryStock": 106113500, "capitalSurplus": 55441999, "otherStockholderEquity": 106113500, "totalStockholderEquity": 407432111, "netTangibleAssets": 407432111}, {"maxAge": 1, "endDate": "2019-12-31", "totalStockholderEquity": 412223000, "netTangibleAssets": 412223000}, {"maxAge": 1, "endDate": "2019-09-30", "cash": 542000, "shortTermInvestments": 2930000, "netReceivables": 53499000, "inventory": 28665000, "otherCurrentAssets": 1298000, "totalCurrentAssets": 86934000, "longTermInvestments": 75422000, "propertyPlantEquipment": 300509000, "otherAssets": 2984000, "totalAssets": 465849000, "accountsPayable": 684000, "shortLongTermDebt": 13274000, "otherCurrentLiab": 8625000, "longTermDebt": 471000, "otherLiab": 21125000, "totalCurrentLiabilities": 32030000, "totalLiab": 53626000, "commonStock": 110885000, "treasuryStock": 301338000, "otherStockholderEquity": 301338000, "totalStockholderEquity": 412223000, "netTangibleAssets": 412223000}], "maxAge": 86400}, "indexTrend": {"maxAge": 1, "symbol": "SP5", "peRatio": 19.7411, "pegRatio": 1.34172, "estimates": [{"period": "0q", "growth": 0.549}, {"period": "+1q", "growth": 0.431}, {"period": "0y", "growth": 0.305}, {"period": "+1y", "growth": 0.109}, {"period": "+5y", "growth": 0.120859005}, {"period": "-5y"}]}, "insiderTransactions": {"transactions": [{"maxAge": 1, "shares": 190000, "filerUrl": "", "transactionText": "", "filerName": "Celestial Commercial Pvt Ltd", "filerRelation": "Promoter", "moneyText": "", "startDate": "2017-07-31", "ownership": "D"}, {"maxAge": 1, "shares": 200000, "filerUrl": "", "transactionText": "", "filerName": "Sam Hoteliers & Resorts Pvt Ltd", "filerRelation": "Promoter", "moneyText": "", "startDate": "2017-07-31", "ownership": "D"}, {"maxAge": 1, "shares": 540602, "filerUrl": "", "transactionText": "", "filerName": "Dwekam Weldtech Ltd", "filerRelation": "Promoter", "moneyText": "", "startDate": "2017-03-29", "ownership": "D"}, {"maxAge": 1, "shares": 1065602, "filerUrl": "", "transactionText": "", "filerName": "Sam Exim Ltd", "filerRelation": "Promoter", "moneyText": "", "startDate": "2017-03-29", "ownership": "D"}, {"maxAge": 1, "shares": 525000, "filerUrl": "", "transactionText": "", "filerName": "Sam Farms & Foods Pvt Ltd", "filerRelation": "Promoter", "moneyText": "", "startDate": "2017-03-29", "ownership": "D"}, {"maxAge": 1, "shares": 314232, "filerUrl": "", "transactionText": "", "filerName": "Maheshwari (Gitanjali Ashtosh)", "filerRelation": "Non Executive Chairman", "moneyText": "", "startDate": "2017-03-17", "ownership": "D"}, {"maxAge": 1, "shares": 416502, "filerUrl": "", "transactionText": "", "filerName": "Maheshwari (Gitanjali Ashtosh)", "filerRelation": "Non Executive Chairman", "moneyText": "", "startDate": "2017-03-16", "ownership": "D"}], "maxAge": 1}, "quoteType": {"exchange": "BSE", "quoteType": "EQUITY", "symbol": "SAMINDUS.BO", "underlyingSymbol": "SAMINDUS.BO", "shortName": "SAM INDUSTRIES LTD.", "longName": "Sam Industries Limited", "firstTradeDateEpochUtc": "2002-01-02 09:15:00", "timeZoneFullName": "Asia/Kolkata", "timeZoneShortName": "IST", "uuid": "8259fd5e-4ccc-38ef-843f-36159bb5a481", "messageBoardId": null, "gmtOffSetMilliseconds": 19800000, "maxAge": 1}, "incomeStatementHistory": {"incomeStatementHistory": [{"maxAge": 1, "endDate": "2020-03-31", "totalRevenue": 99599394, "costOfRevenue": 2330167, "grossProfit": 97269227, "researchDevelopment": {}, "sellingGeneralAdministrative": 18532206, "nonRecurring": {}, "otherOperatingExpenses": 50556688, "totalOperatingExpenses": 75088814, "operatingIncome": 24510580, "totalOtherIncomeExpenseNet": -20259842, "ebit": 24510580, "interestExpense": -3065016, "incomeBeforeTax": 4250738, "incomeTaxExpense": 7108070, "minorityInterest": {}, "netIncomeFromContinuingOps": -2857332, "discontinuedOperations": {}, "extraordinaryItems": {}, "effectOfAccountingCharges": {}, "otherItems": {}, "netIncome": -2857332, "netIncomeApplicableToCommonShares": -2857332}, {"maxAge": 1, "endDate": "2019-03-31", "totalRevenue": 100744185, "costOfRevenue": 1959619, "grossProfit": 98784566, "researchDevelopment": {}, "sellingGeneralAdministrative": 19468733, "nonRecurring": {}, "otherOperatingExpenses": 62614163, "totalOperatingExpenses": 87964014, "operatingIncome": 12780171, "totalOtherIncomeExpenseNet": -9914386, "ebit": 12780171, "interestExpense": -1692720, "incomeBeforeTax": 2865785, "incomeTaxExpense": 601195, "minorityInterest": {}, "netIncomeFromContinuingOps": 2264590, "discontinuedOperations": {}, "extraordinaryItems": {}, "effectOfAccountingCharges": {}, "otherItems": {}, "netIncome": 2264590, "netIncomeApplicableToCommonShares": 2264590}, {"maxAge": 1, "endDate": "2018-03-31", "totalRevenue": 124177524, "costOfRevenue": 3319558, "grossProfit": 120857966, "researchDevelopment": {}, "sellingGeneralAdministrative": 19513895, "nonRecurring": {}, "otherOperatingExpenses": 69239482, "totalOperatingExpenses": 96160734, "operatingIncome": 28016790, "totalOtherIncomeExpenseNet": -6859685, "ebit": 28016790, "interestExpense": -391616, "incomeBeforeTax": 21157105, "incomeTaxExpense": 7872762, "minorityInterest": {}, "netIncomeFromContinuingOps": 13284343, "discontinuedOperations": {}, "extraordinaryItems": {}, "effectOfAccountingCharges": {}, "otherItems": {}, "netIncome": 13284343, "netIncomeApplicableToCommonShares": 13284343}, {"maxAge": 1, "endDate": "2017-03-31", "totalRevenue": 110683884, "costOfRevenue": 3309625, "grossProfit": 107374259, "researchDevelopment": {}, "sellingGeneralAdministrative": 16711945, "nonRecurring": {}, "otherOperatingExpenses": 55879956, "totalOperatingExpenses": 82695340, "operatingIncome": 27988544, "totalOtherIncomeExpenseNet": -18671, "ebit": 27988544, "interestExpense": -116851, "incomeBeforeTax": 27969873, "incomeTaxExpense": 9868459, "minorityInterest": {}, "netIncomeFromContinuingOps": 18101414, "discontinuedOperations": {}, "extraordinaryItems": {}, "effectOfAccountingCharges": {}, "otherItems": {}, "netIncome": 18101414, "netIncomeApplicableToCommonShares": 18101414}], "maxAge": 86400}, "fundOwnership": {"maxAge": 1, "ownershipList": []}, "summaryDetail": {"maxAge": 1, "priceHint": 2, "previousClose": 13.4, "open": 12.1, "dayLow": 12.1, "dayHigh": 13.29, "regularMarketPreviousClose": 13.4, "regularMarketOpen": 12.1, "regularMarketDayLow": 12.1, "regularMarketDayHigh": 13.29, "trailingPE": 148.55421, "volume": 623, "regularMarketVolume": 623, "averageVolume": 612, "averageVolume10days": 3755, "averageDailyVolume10Day": 3755, "bid": 12.12, "ask": 12.33, "bidSize": 0, "askSize": 0, "marketCap": 136721200, "fiftyTwoWeekLow": 5.39, "fiftyTwoWeekHigh": 14.22, "fiftyDayAverage": 10.538285, "twoHundredDayAverage": 8.63587, "currency": "INR", "fromCurrency": null, "toCurrency": null, "lastMarket": null, "algorithm": null, "tradeable": false}, "incomeStatementHistoryQuarterly": {"incomeStatementHistory": [{"maxAge": 1, "endDate": "2020-06-30", "totalRevenue": 10270000, "costOfRevenue": 0, "grossProfit": 10270000, "researchDevelopment": {}, "sellingGeneralAdministrative": 4064000, "nonRecurring": {}, "otherOperatingExpenses": 1733000, "totalOperatingExpenses": 6714000, "operatingIncome": 3556000, "totalOtherIncomeExpenseNet": -716000, "ebit": 3556000, "interestExpense": -716000, "incomeBeforeTax": 2840000, "incomeTaxExpense": -113000, "minorityInterest": {}, "netIncomeFromContinuingOps": 2953000, "discontinuedOperations": {}, "extraordinaryItems": {}, "effectOfAccountingCharges": {}, "otherItems": {}, "netIncome": 2953000, "netIncomeApplicableToCommonShares": 2953000}, {"maxAge": 1, "endDate": "2020-03-31", "totalRevenue": 14381394, "costOfRevenue": 779167, "grossProfit": 13602227, "researchDevelopment": {}, "sellingGeneralAdministrative": 4886206, "nonRecurring": {}, "otherOperatingExpenses": -2570312, "totalOperatingExpenses": 4038814, "operatingIncome": 10342580, "totalOtherIncomeExpenseNet": -17985842, "ebit": 10342580, "interestExpense": -806016, "incomeBeforeTax": -7643262, "incomeTaxExpense": 934070, "minorityInterest": {}, "netIncomeFromContinuingOps": -8577332, "discontinuedOperations": {}, "extraordinaryItems": {}, "effectOfAccountingCharges": {}, "otherItems": {}, "netIncome": -8577332, "netIncomeApplicableToCommonShares": -8577332}, {"maxAge": 1, "endDate": "2019-12-31", "totalRevenue": 28444000, "costOfRevenue": 496000, "grossProfit": 27948000, "researchDevelopment": {}, "sellingGeneralAdministrative": 4478000, "nonRecurring": {}, "otherOperatingExpenses": 17175000, "totalOperatingExpenses": 23058000, "operatingIncome": 5386000, "totalOtherIncomeExpenseNet": -519000, "ebit": 5386000, "interestExpense": -507000, "incomeBeforeTax": 4867000, "incomeTaxExpense": 901000, "minorityInterest": {}, "netIncomeFromContinuingOps": 3966000, "discontinuedOperations": {}, "extraordinaryItems": {}, "effectOfAccountingCharges": {}, "otherItems": {}, "netIncome": 3966000, "netIncomeApplicableToCommonShares": 3966000}, {"maxAge": 1, "endDate": "2019-09-30", "totalRevenue": 24726000, "costOfRevenue": 233000, "grossProfit": 24493000, "researchDevelopment": {}, "sellingGeneralAdministrative": 4661000, "nonRecurring": {}, "otherOperatingExpenses": 13757000, "totalOperatingExpenses": 19559000, "operatingIncome": 5167000, "totalOtherIncomeExpenseNet": -800000, "ebit": 5167000, "interestExpense": -797000, "incomeBeforeTax": 4367000, "incomeTaxExpense": 1800000, "minorityInterest": {}, "netIncomeFromContinuingOps": 2567000, "discontinuedOperations": {}, "extraordinaryItems": {}, "effectOfAccountingCharges": {}, "otherItems": {}, "netIncome": 2567000, "netIncomeApplicableToCommonShares": 2567000}], "maxAge": 86400}, "cashflowStatementHistoryQuarterly": {"cashflowStatements": [{"maxAge": 1, "endDate": "2020-06-30", "netIncome": 2953000, "changeToLiabilities": 0}, {"maxAge": 1, "endDate": "2020-03-31", "netIncome": -8577332, "changeToLiabilities": 0}, {"maxAge": 1, "endDate": "2019-12-31", "netIncome": 3966000, "changeToLiabilities": 0}, {"maxAge": 1, "endDate": "2019-09-30", "netIncome": 2567000, "changeToLiabilities": 0}], "maxAge": 86400}, "insiderHolders": {"holders": [{"maxAge": 1, "name": "Celestial Commercial Pvt Ltd", "relation": "Promoter", "url": "", "transactionDescription": "Acquisition", "latestTransDate": "2017-07-31", "positionDirect": 386500, "positionDirectDate": "2017-07-31"}, {"maxAge": 1, "name": "Dwekam Weldtech Ltd", "relation": "Promoter", "url": "", "transactionDescription": "Other", "latestTransDate": "2017-03-29", "positionDirect": 640602, "positionDirectDate": "2017-03-29"}, {"maxAge": 1, "name": "Maheshwari (Gitanjali Ashtosh)", "relation": "Non Executive Chairman", "url": "", "transactionDescription": "Acquisition", "latestTransDate": "2017-03-17", "positionDirect": 108482, "positionDirectDate": "2017-03-17"}, {"maxAge": 1, "name": "Sam Exim Ltd", "relation": "Promoter", "url": "", "transactionDescription": "Other", "latestTransDate": "2017-03-29", "positionDirect": 5322398, "positionDirectDate": "2017-03-29"}, {"maxAge": 1, "name": "Sam Farms & Foods Pvt Ltd", "relation": "Promoter", "url": "", "transactionDescription": "Other", "latestTransDate": "2017-03-29", "positionDirect": 786000, "positionDirectDate": "2017-03-29"}, {"maxAge": 1, "name": "Sam Hoteliers & Resorts Pvt Ltd", "relation": "Promoter", "url": "", "transactionDescription": "Acquisition", "latestTransDate": "2017-07-31", "positionDirect": 301000, "positionDirectDate": "2017-07-31"}], "maxAge": 1}, "calendarEvents": {"maxAge": 1, "earnings": {"earningsDate": []}}, "price": {"maxAge": 1, "regularMarketChangePercent": -0.079850726, "regularMarketChange": -1.0699997, "regularMarketTime": "2021-04-30 15:26:19", "priceHint": 2, "regularMarketPrice": 12.33, "regularMarketDayHigh": 13.29, "regularMarketDayLow": 12.1, "regularMarketVolume": 623, "averageDailyVolume10Day": 3755, "averageDailyVolume3Month": 612, "regularMarketPreviousClose": 13.4, "regularMarketSource": "FREE_REALTIME", "regularMarketOpen": 12.1, "exchange": "BSE", "exchangeName": "BSE", "exchangeDataDelayedBy": 0, "marketState": "CLOSED", "quoteType": "EQUITY", "symbol": "SAMINDUS.BO", "underlyingSymbol": null, "shortName": "SAM INDUSTRIES LTD.", "longName": "Sam Industries Limited", "currency": "INR", "quoteSourceName": "Delayed Quote", "currencySymbol": "\u20b9", "fromCurrency": null, "toCurrency": null, "lastMarket": null, "marketCap": 136721200}, "balanceSheetHistory": {"balanceSheetStatements": [{"maxAge": 1, "endDate": "2020-03-31", "cash": 4971631, "netReceivables": 57656238, "inventory": 27730561, "otherCurrentAssets": 600364, "totalCurrentAssets": 91765291, "longTermInvestments": 69307627, "propertyPlantEquipment": 304612916, "otherAssets": 9261970, "totalAssets": 474947804, "accountsPayable": 855858, "shortLongTermDebt": 1403210, "otherCurrentLiab": 14395946, "otherLiab": 21295245, "totalCurrentLiabilities": 45244085, "totalLiab": 67515693, "commonStock": 110884700, "retainedEarnings": 134991912, "treasuryStock": 106113500, "capitalSurplus": 55441999, "otherStockholderEquity": 106113500, "totalStockholderEquity": 407432111, "netTangibleAssets": 407432111}, {"maxAge": 1, "endDate": "2019-03-31", "cash": 674280, "netReceivables": 57642766, "inventory": 29948283, "otherCurrentAssets": 1527814, "totalCurrentAssets": 90331037, "longTermInvestments": 91252660, "propertyPlantEquipment": 290995203, "otherAssets": 10959993, "totalAssets": 483538893, "accountsPayable": 8644732, "shortLongTermDebt": 1756097, "otherCurrentLiab": 16017269, "longTermDebt": 1403210, "otherLiab": 21324451, "totalCurrentLiabilities": 50341176, "totalLiab": 73068837, "commonStock": 110884700, "retainedEarnings": 138029855, "treasuryStock": 106113500, "capitalSurplus": 55442001, "otherStockholderEquity": 106113500, "totalStockholderEquity": 410470056, "netTangibleAssets": 410470056}, {"maxAge": 1, "endDate": "2018-03-31", "cash": 601057, "netReceivables": 65052629, "inventory": 31630490, "otherCurrentAssets": 1166075, "totalCurrentAssets": 99057542, "longTermInvestments": 65183282, "propertyPlantEquipment": 297772806, "otherAssets": 2991540, "totalAssets": 465005170, "accountsPayable": 748504, "shortLongTermDebt": 1621348, "otherCurrentLiab": 9382147, "longTermDebt": 3159307, "otherLiab": 29817811, "totalCurrentLiabilities": 23804586, "totalLiab": 56781704, "commonStock": 110884700, "retainedEarnings": 135783265, "treasuryStock": 106113500, "capitalSurplus": 55442001, "otherStockholderEquity": 106113500, "totalStockholderEquity": 408223466, "netTangibleAssets": 408223466}, {"maxAge": 1, "endDate": "2017-03-31", "cash": 325837, "netReceivables": 74643176, "inventory": 34898413, "otherCurrentAssets": 1191346, "totalCurrentAssets": 111310152, "longTermInvestments": 55180504, "propertyPlantEquipment": 186760784, "otherAssets": 98284915, "totalAssets": 451536355, "otherCurrentLiab": 15013291, "otherLiab": 30719185, "totalCurrentLiabilities": 25878048, "totalLiab": 56597233, "commonStock": 110884700, "retainedEarnings": 122498922, "treasuryStock": 106113500, "capitalSurplus": 55442000, "otherStockholderEquity": 106113500, "totalStockholderEquity": 394939122, "netTangibleAssets": 394939122}], "maxAge": 86400}, "financialData": {"maxAge": 86400, "currentPrice": 12.33, "recommendationKey": "none", "grossProfits": 97269227, "financialCurrency": "INR"}}}