{"SAMKRG.BO": {"recommendationTrend": {"trend": [{"period": "0m", "strongBuy": 0, "buy": 0, "hold": 0, "sell": 0, "strongSell": 0}, {"period": "-1m", "strongBuy": 0, "buy": 0, "hold": 0, "sell": 0, "strongSell": 0}, {"period": "-2m", "strongBuy": 0, "buy": 0, "hold": 0, "sell": 0, "strongSell": 0}, {"period": "-3m", "strongBuy": 0, "buy": 0, "hold": 0, "sell": 0, "strongSell": 0}], "maxAge": 86400}, "cashflowStatementHistory": {"cashflowStatements": [{"maxAge": 1, "endDate": "2020-03-31", "netIncome": 195981000, "depreciation": 126804000, "changeToNetincome": -24099000, "changeToAccountReceivables": 38294000, "changeToLiabilities": -15185000, "changeToInventory": -78006000, "changeToOperatingActivities": -672000, "totalCashFromOperatingActivities": 243942000, "capitalExpenditures": -99705000, "otherCashflowsFromInvestingActivities": -1854000, "totalCashflowsFromInvestingActivities": -101559000, "dividendsPaid": -118391000, "netBorrowings": -27464000, "totalCashFromFinancingActivities": -145855000, "changeInCash": -3472000}, {"maxAge": 1, "endDate": "2019-03-31", "netIncome": 210359000, "depreciation": 120056000, "changeToNetincome": -11436000, "changeToAccountReceivables": -38700000, "changeToLiabilities": 10552000, "changeToInventory": -8631000, "changeToOperatingActivities": -10369000, "totalCashFromOperatingActivities": 272372000, "capitalExpenditures": -211331000, "otherCashflowsFromInvestingActivities": -2185000, "totalCashflowsFromInvestingActivities": -213516000, "dividendsPaid": -59673000, "netBorrowings": -5891000, "totalCashFromFinancingActivities": -65564000, "changeInCash": -6708000}, {"maxAge": 1, "endDate": "2018-03-31", "netIncome": 201546000, "depreciation": 130518000, "changeToNetincome": -6076000, "changeToAccountReceivables": 5482000, "changeToLiabilities": -47828000, "changeToInventory": -31306000, "changeToOperatingActivities": 14496000, "totalCashFromOperatingActivities": 266832000, "capitalExpenditures": -250405000, "otherCashflowsFromInvestingActivities": -1002000, "totalCashflowsFromInvestingActivities": -251407000, "dividendsPaid": -53189000, "netBorrowings": 8976000, "totalCashFromFinancingActivities": -44213000, "changeInCash": -28788000}, {"maxAge": 1, "endDate": "2017-03-31", "netIncome": 194566000, "depreciation": 128636000, "changeToNetincome": -8872000, "changeToAccountReceivables": 1995000, "changeToLiabilities": -16397000, "changeToInventory": 27675000, "changeToOperatingActivities": 5965000, "totalCashFromOperatingActivities": 333568000, "capitalExpenditures": -291106000, "otherCashflowsFromInvestingActivities": -2529000, "totalCashflowsFromInvestingActivities": -293871000, "dividendsPaid": -53189000, "netBorrowings": -2779000, "totalCashFromFinancingActivities": -2779000, "changeInCash": 36919000}], "maxAge": 86400}, "institutionOwnership": {"ownershipList": [], "maxAge": 1}, "balanceSheetHistoryQuarterly": {"balanceSheetStatements": [{"maxAge": 1, "endDate": "2020-06-30", "totalStockholderEquity": 1490465000, "netTangibleAssets": 1490465000}, {"maxAge": 1, "endDate": "2020-03-31", "cash": 3564000, "netReceivables": 383935000, "inventory": 273019000, "otherCurrentAssets": 21612000, "totalCurrentAssets": 682130000, "propertyPlantEquipment": 1407652000, "otherAssets": 32564000, "totalAssets": 2122346000, "accountsPayable": 181614000, "shortLongTermDebt": 12426000, "otherCurrentLiab": 91605000, "longTermDebt": 35722000, "otherLiab": 89471000, "totalCurrentLiabilities": 506688000, "totalLiab": 631881000, "commonStock": 98205000, "retainedEarnings": 1354744000, "treasuryStock": 21124000, "capitalSurplus": 16392000, "otherStockholderEquity": 21124000, "totalStockholderEquity": 1490465000, "netTangibleAssets": 1490465000}, {"maxAge": 1, "endDate": "2019-12-31", "totalStockholderEquity": 1520000000, "netTangibleAssets": 1520000000}, {"maxAge": 1, "endDate": "2019-09-30", "cash": 14252000, "netReceivables": 396311000, "inventory": 214066000, "otherCurrentAssets": 6027000, "totalCurrentAssets": 630656000, "propertyPlantEquipment": 1378100000, "otherAssets": 31144000, "totalAssets": 2039900000, "accountsPayable": 172065000, "shortLongTermDebt": -2988000, "otherCurrentLiab": 218593000, "longTermDebt": 35722100, "otherLiab": 96507900, "totalCurrentLiabilities": 387670000, "totalLiab": 519900000, "commonStock": 98205000, "treasuryStock": 1421795000, "otherStockholderEquity": 1421795000, "totalStockholderEquity": 1520000000, "netTangibleAssets": 1520000000}], "maxAge": 86400}, "earningsHistory": {"history": [{"maxAge": 1, "epsActual": 5.37, "epsEstimate": 5.34, "epsDifference": 0.03, "surprisePercent": 0.006, "quarter": "2016-09-30", "period": "-4q"}, {"maxAge": 1, "epsActual": 4.84, "epsEstimate": 3.8, "epsDifference": 1.04, "surprisePercent": 0.274, "quarter": "2017-03-31", "period": "-3q"}, {"maxAge": 1, "epsActual": 4.1, "epsEstimate": 5.87, "epsDifference": -1.77, "surprisePercent": -0.30200002, "quarter": "2017-06-30", "period": "-2q"}, {"maxAge": 1, "epsActual": 6.02, "epsEstimate": 5.26, "epsDifference": 0.76, "surprisePercent": 0.144, "quarter": "2017-12-31", "period": "-1q"}], "maxAge": 86400}, "indexTrend": {"maxAge": 1, "symbol": "SP5", "peRatio": 19.7411, "pegRatio": 1.34172, "estimates": [{"period": "0q", "growth": 0.549}, {"period": "+1q", "growth": 0.431}, {"period": "0y", "growth": 0.305}, {"period": "+1y", "growth": 0.109}, {"period": "+5y", "growth": 0.120859005}, {"period": "-5y"}]}, "industryTrend": {"maxAge": 1, "symbol": null, "estimates": []}, "quoteType": {"exchange": "BSE", "quoteType": "EQUITY", "symbol": "SAMKRG.BO", "underlyingSymbol": "SAMKRG.BO", "shortName": "SAMKRG PISTONS & RINGS LTD.", "longName": "Samkrg Pistons and Rings Limited", "firstTradeDateEpochUtc": "2001-11-01 09:15:00", "timeZoneFullName": "Asia/Kolkata", "timeZoneShortName": "IST", "uuid": "bd371f78-858f-3ad7-9197-7aec75f086c5", "gmtOffSetMilliseconds": 19800000, "maxAge": 1}, "incomeStatementHistory": {"incomeStatementHistory": [{"maxAge": 1, "endDate": "2020-03-31", "totalRevenue": 2321112000, "costOfRevenue": 1169127000, "grossProfit": 1151985000, "researchDevelopment": {}, "sellingGeneralAdministrative": 539432000, "nonRecurring": {}, "otherOperatingExpenses": 218921000, "totalOperatingExpenses": 2055109000, "operatingIncome": 266003000, "totalOtherIncomeExpenseNet": -6486000, "ebit": 266003000, "interestExpense": -3552000, "incomeBeforeTax": 259517000, "incomeTaxExpense": 63536000, "minorityInterest": {}, "netIncomeFromContinuingOps": 195981000, "discontinuedOperations": {}, "extraordinaryItems": {}, "effectOfAccountingCharges": {}, "otherItems": {}, "netIncome": 195981000, "netIncomeApplicableToCommonShares": 195981000}, {"maxAge": 1, "endDate": "2019-03-31", "totalRevenue": 2839653000, "costOfRevenue": 1629947000, "grossProfit": 1209706000, "researchDevelopment": {}, "sellingGeneralAdministrative": 529320000, "nonRecurring": {}, "otherOperatingExpenses": 236474000, "totalOperatingExpenses": 2516338000, "operatingIncome": 323315000, "totalOtherIncomeExpenseNet": -5795000, "ebit": 323315000, "interestExpense": -8025000, "incomeBeforeTax": 317520000, "incomeTaxExpense": 107161000, "minorityInterest": {}, "netIncomeFromContinuingOps": 210359000, "discontinuedOperations": {}, "extraordinaryItems": {}, "effectOfAccountingCharges": {}, "otherItems": {}, "netIncome": 210359000, "netIncomeApplicableToCommonShares": 210359000}, {"maxAge": 1, "endDate": "2018-03-31", "totalRevenue": 2631392000, "costOfRevenue": 1403305000, "grossProfit": 1228087000, "researchDevelopment": {}, "sellingGeneralAdministrative": 562226000, "nonRecurring": {}, "otherOperatingExpenses": 230664000, "totalOperatingExpenses": 2326713000, "operatingIncome": 304679000, "totalOtherIncomeExpenseNet": -15599000, "ebit": 304679000, "interestExpense": -8976000, "incomeBeforeTax": 292830000, "incomeTaxExpense": 91284000, "minorityInterest": {}, "netIncomeFromContinuingOps": 201546000, "discontinuedOperations": {}, "extraordinaryItems": {}, "effectOfAccountingCharges": {}, "otherItems": {}, "netIncome": 201546000, "netIncomeApplicableToCommonShares": 201546000}, {"maxAge": 1, "endDate": "2017-03-31", "totalRevenue": 2296502000, "costOfRevenue": 1316795000, "grossProfit": 979707000, "researchDevelopment": {}, "sellingGeneralAdministrative": 502361000, "nonRecurring": {}, "otherOperatingExpenses": 73118000, "totalOperatingExpenses": 2020910000, "operatingIncome": 275592000, "totalOtherIncomeExpenseNet": -8526000, "ebit": 275592000, "interestExpense": -10956000, "incomeBeforeTax": 267066000, "incomeTaxExpense": 72500000, "minorityInterest": {}, "netIncomeFromContinuingOps": 194566000, "discontinuedOperations": {}, "extraordinaryItems": {}, "effectOfAccountingCharges": {}, "otherItems": {}, "netIncome": 194566000, "netIncomeApplicableToCommonShares": 194566000}], "maxAge": 86400}, "fundOwnership": {"ownershipList": [], "maxAge": 1}, "summaryDetail": {"maxAge": 1, "priceHint": 2, "previousClose": 151.65, "open": 151.2, "dayLow": 149.05, "dayHigh": 155.0, "regularMarketPreviousClose": 151.65, "regularMarketOpen": 151.2, "regularMarketDayLow": 149.05, "regularMarketDayHigh": 155.0, "trailingPE": 12.415303, "forwardPE": 6.7497754, "volume": 6908, "regularMarketVolume": 6908, "averageVolume": 11505, "averageVolume10days": 25464, "averageDailyVolume10Day": 25464, "bid": 150.15, "ask": 151.85, "bidSize": 0, "askSize": 0, "marketCap": 1475530112, "fiftyTwoWeekLow": 70.25, "fiftyTwoWeekHigh": 162.0, "fiftyDayAverage": 137.81667, "twoHundredDayAverage": 123.0875, "trailingAnnualDividendRate": 5.0, "trailingAnnualDividendYield": 0.032970656, "currency": "INR", "fromCurrency": null, "lastMarket": null, "algorithm": null, "tradeable": false}, "sectorTrend": {"maxAge": 1, "symbol": null, "estimates": []}, "incomeStatementHistoryQuarterly": {"incomeStatementHistory": [{"maxAge": 1, "endDate": "2020-06-30", "totalRevenue": 139744000, "costOfRevenue": 96901000, "grossProfit": 42843000, "researchDevelopment": {}, "sellingGeneralAdministrative": 27905000, "nonRecurring": {}, "otherOperatingExpenses": 18779000, "totalOperatingExpenses": 171085000, "operatingIncome": -31341000, "totalOtherIncomeExpenseNet": -412000, "ebit": -31341000, "interestExpense": -412000, "incomeBeforeTax": -31753000, "incomeTaxExpense": 0, "minorityInterest": {}, "netIncomeFromContinuingOps": -31753000, "discontinuedOperations": {}, "extraordinaryItems": {}, "effectOfAccountingCharges": {}, "otherItems": {}, "netIncome": -31753000, "netIncomeApplicableToCommonShares": -31753000}, {"maxAge": 1, "endDate": "2020-03-31", "totalRevenue": 501312000, "costOfRevenue": 299126000, "grossProfit": 202186000, "researchDevelopment": {}, "sellingGeneralAdministrative": 140034000, "nonRecurring": {}, "otherOperatingExpenses": -10835000, "totalOperatingExpenses": 461054000, "operatingIncome": 40258000, "totalOtherIncomeExpenseNet": -3913000, "ebit": 40258000, "interestExpense": -412000, "incomeBeforeTax": 36345000, "incomeTaxExpense": 8661000, "minorityInterest": {}, "netIncomeFromContinuingOps": 27684000, "discontinuedOperations": {}, "extraordinaryItems": {}, "effectOfAccountingCharges": {}, "otherItems": {}, "netIncome": 27684000, "netIncomeApplicableToCommonShares": 27684000}, {"maxAge": 1, "endDate": "2019-12-31", "totalRevenue": 597429000, "costOfRevenue": 268612000, "grossProfit": 328817000, "researchDevelopment": {}, "sellingGeneralAdministrative": 133998000, "nonRecurring": {}, "otherOperatingExpenses": 83079000, "totalOperatingExpenses": 520089000, "operatingIncome": 77340000, "totalOtherIncomeExpenseNet": 1205000, "ebit": 77340000, "interestExpense": -2575000, "incomeBeforeTax": 78545000, "incomeTaxExpense": 17375000, "minorityInterest": {}, "netIncomeFromContinuingOps": 61170000, "discontinuedOperations": {}, "extraordinaryItems": {}, "effectOfAccountingCharges": {}, "otherItems": {}, "netIncome": 61170000, "netIncomeApplicableToCommonShares": 61170000}, {"maxAge": 1, "endDate": "2019-09-30", "totalRevenue": 636131000, "costOfRevenue": 317803000, "grossProfit": 318328000, "researchDevelopment": {}, "sellingGeneralAdministrative": 134000000, "nonRecurring": {}, "otherOperatingExpenses": 71279000, "totalOperatingExpenses": 556082000, "operatingIncome": 80049000, "totalOtherIncomeExpenseNet": -1806000, "ebit": 80049000, "interestExpense": -2555000, "incomeBeforeTax": 78243000, "incomeTaxExpense": 16500000, "minorityInterest": {}, "netIncomeFromContinuingOps": 61743000, "discontinuedOperations": {}, "extraordinaryItems": {}, "effectOfAccountingCharges": {}, "otherItems": {}, "netIncome": 61743000, "netIncomeApplicableToCommonShares": 61743000}], "maxAge": 86400}, "cashflowStatementHistoryQuarterly": {"cashflowStatements": [{"maxAge": 1, "endDate": "2020-06-30", "netIncome": -31753000, "changeToLiabilities": 0}, {"maxAge": 1, "endDate": "2020-03-31", "netIncome": 27684000, "changeToLiabilities": 0}, {"maxAge": 1, "endDate": "2019-12-31", "netIncome": 61170000, "changeToLiabilities": 0}, {"maxAge": 1, "endDate": "2019-09-30", "netIncome": 61743000, "changeToLiabilities": 0}], "maxAge": 86400}, "insiderHolders": {"holders": [], "maxAge": 1}, "earnings": {"maxAge": 86400, "earningsChart": {"quarterly": [{"date": "3Q2016", "actual": 5.37, "estimate": 5.34}, {"date": "1Q2017", "actual": 4.84, "estimate": 3.8}, {"date": "2Q2017", "actual": 4.1, "estimate": 5.87}, {"date": "4Q2017", "actual": 6.02, "estimate": 5.26}], "currentQuarterEstimateDate": "1Q", "currentQuarterEstimateYear": 2018, "earningsDate": ["2020-02-05 05:30:S"]}, "financialsChart": {"yearly": [{"date": 2017, "revenue": 2296502000, "earnings": 194566000}, {"date": 2018, "revenue": 2631392000, "earnings": 201546000}, {"date": 2019, "revenue": 2839653000, "earnings": 210359000}, {"date": 2020, "revenue": 2321112000, "earnings": 195981000}], "quarterly": [{"date": "3Q2019", "revenue": 636131000, "earnings": 61743000}, {"date": "4Q2019", "revenue": 597429000, "earnings": 61170000}, {"date": "1Q2020", "revenue": 501312000, "earnings": 27684000}, {"date": "2Q2020", "revenue": 139744000, "earnings": -31753000}]}, "financialCurrency": "INR"}, "calendarEvents": {"maxAge": 1, "earnings": {"earningsDate": ["2020-02-05 05:30:S"], "revenueAverage": 850032000}}, "upgradeDowngradeHistory": {"history": [], "maxAge": 86400}, "price": {"maxAge": 1, "regularMarketChangePercent": -0.009231743, "regularMarketChange": -1.3999939, "regularMarketTime": "2021-04-30 15:29:49", "priceHint": 2, "regularMarketPrice": 150.25, "regularMarketDayHigh": 155.0, "regularMarketDayLow": 149.05, "regularMarketVolume": 6908, "averageDailyVolume10Day": 25464, "averageDailyVolume3Month": 11505, "regularMarketPreviousClose": 151.65, "regularMarketSource": "FREE_REALTIME", "regularMarketOpen": 151.2, "exchange": "BSE", "exchangeName": "BSE", "exchangeDataDelayedBy": 0, "marketState": "CLOSED", "quoteType": "EQUITY", "symbol": "SAMKRG.BO", "underlyingSymbol": null, "shortName": "SAMKRG PISTONS & RINGS LTD.", "longName": "Samkrg Pistons and Rings Limited", "currency": "INR", "quoteSourceName": "Delayed Quote", "currencySymbol": "\u20b9", "fromCurrency": null, "lastMarket": null, "marketCap": 1475530112}, "balanceSheetHistory": {"balanceSheetStatements": [{"maxAge": 1, "endDate": "2020-03-31", "cash": 3564000, "netReceivables": 383935000, "inventory": 273019000, "otherCurrentAssets": 21612000, "totalCurrentAssets": 682130000, "propertyPlantEquipment": 1407652000, "otherAssets": 32564000, "totalAssets": 2122346000, "accountsPayable": 181614000, "shortLongTermDebt": 12426000, "otherCurrentLiab": 91605000, "longTermDebt": 35722000, "otherLiab": 89471000, "totalCurrentLiabilities": 506688000, "totalLiab": 631881000, "commonStock": 98205000, "retainedEarnings": 1354744000, "treasuryStock": 21124000, "capitalSurplus": 16392000, "otherStockholderEquity": 21124000, "totalStockholderEquity": 1490465000, "netTangibleAssets": 1490465000}, {"maxAge": 1, "endDate": "2019-03-31", "cash": 7036000, "netReceivables": 422229000, "inventory": 195013000, "otherCurrentAssets": 16795000, "totalCurrentAssets": 641073000, "propertyPlantEquipment": 1435575000, "otherAssets": 31144000, "totalAssets": 2107792000, "accountsPayable": 166534000, "shortLongTermDebt": 14114000, "otherCurrentLiab": 93768000, "longTermDebt": 48148000, "otherLiab": 93747000, "totalCurrentLiabilities": 553023000, "totalLiab": 694918000, "commonStock": 98205000, "retainedEarnings": 1277153000, "treasuryStock": 21124000, "capitalSurplus": 16392000, "otherStockholderEquity": 21124000, "totalStockholderEquity": 1412874000, "netTangibleAssets": 1412874000}, {"maxAge": 1, "endDate": "2018-03-31", "cash": 13744000, "netReceivables": 383552000, "inventory": 186381000, "otherCurrentAssets": 9732000, "totalCurrentAssets": 593409000, "propertyPlantEquipment": 1344842000, "otherAssets": 27816000, "totalAssets": 1966067000, "accountsPayable": 180121000, "shortLongTermDebt": 17074000, "otherCurrentLiab": 86659000, "longTermDebt": 67445000, "otherLiab": 90079000, "totalCurrentLiabilities": 548361000, "totalLiab": 705885000, "commonStock": 98205000, "retainedEarnings": 1124461000, "treasuryStock": 21124000, "capitalSurplus": 16392000, "otherStockholderEquity": 21124000, "totalStockholderEquity": 1260182000, "netTangibleAssets": 1260182000}, {"maxAge": 1, "endDate": "2017-03-31", "cash": 42531000, "netReceivables": 389122000, "inventory": 155075000, "otherCurrentAssets": 23683000, "totalCurrentAssets": 610411000, "propertyPlantEquipment": 1224955000, "otherAssets": 28273000, "totalAssets": 1863639000, "accountsPayable": 185215000, "shortLongTermDebt": 18422000, "otherCurrentLiab": 144139000, "longTermDebt": 79336000, "otherLiab": 81727000, "totalCurrentLiabilities": 589541000, "totalLiab": 750604000, "commonStock": 98205000, "retainedEarnings": 977314000, "treasuryStock": 21124000, "capitalSurplus": 16392000, "otherStockholderEquity": 21124000, "totalStockholderEquity": 1113035000, "netTangibleAssets": 1113035000}], "maxAge": 86400}, "earningsTrend": {"trend": [{"maxAge": 1, "period": "0q", "endDate": "2018-03-31", "growth": {}, "earningsEstimate": {"avg": 0.0, "low": 0.0, "high": 0.0, "yearAgoEps": 5.37, "numberOfAnalysts": 0, "growth": {}}, "revenueEstimate": {"avg": 850032000, "low": 0, "high": 0, "numberOfAnalysts": 0, "yearAgoRevenue": 649892000, "growth": 0.308}, "epsTrend": {"current": 0.0, "7daysAgo": 0.0, "30daysAgo": 0.0, "60daysAgo": 0.0, "90daysAgo": 0.0}, "epsRevisions": {"upLast7days": 0, "upLast30days": 0, "downLast30days": 0, "downLast90days": {}}}, {"maxAge": 1, "period": "+1q", "endDate": "2018-06-30", "growth": {}, "earningsEstimate": {"avg": 0.0, "low": 0.0, "high": 0.0, "yearAgoEps": 4.84, "numberOfAnalysts": 0, "growth": {}}, "revenueEstimate": {"avg": 66875800000, "low": 0, "high": 0, "numberOfAnalysts": 0, "yearAgoRevenue": 616424000, "growth": 107.49}, "epsTrend": {"current": 0.0, "7daysAgo": 0.0, "30daysAgo": 0.0, "60daysAgo": 0.0, "90daysAgo": 0.0}, "epsRevisions": {"upLast7days": 0, "upLast30days": 0, "downLast30days": 0, "downLast90days": {}}}, {"maxAge": 1, "period": "0y", "endDate": "2018-03-31", "growth": {}, "earningsEstimate": {"avg": 0.0, "low": 0.0, "high": 0.0, "yearAgoEps": {}, "numberOfAnalysts": 0, "growth": {}}, "revenueEstimate": {"avg": 2669600000, "low": 3151830000, "high": 3151830000, "numberOfAnalysts": 1, "yearAgoRevenue": 2527950000, "growth": 0.055999998}, "epsTrend": {"current": 0.0, "7daysAgo": 21.5, "30daysAgo": 21.5, "60daysAgo": 21.5, "90daysAgo": 21.5}, "epsRevisions": {"upLast7days": 0, "upLast30days": 0, "downLast30days": 0, "downLast90days": {}}}, {"maxAge": 1, "period": "+1y", "endDate": "2019-03-31", "growth": {}, "earningsEstimate": {"avg": 0.0, "low": 0.0, "high": 0.0, "yearAgoEps": {}, "numberOfAnalysts": 0, "growth": {}}, "revenueEstimate": {"avg": 3593090000, "low": 3593090000, "high": 3593090000, "numberOfAnalysts": 1, "yearAgoRevenue": 2669600000, "growth": 0.346}, "epsTrend": {"current": 0.0, "7daysAgo": 25.19, "30daysAgo": 25.19, "60daysAgo": 25.19, "90daysAgo": 25.19}, "epsRevisions": {"upLast7days": 0, "upLast30days": 0, "downLast30days": 0, "downLast90days": {}}}, {"maxAge": 1, "period": "+5y", "endDate": null, "growth": {}, "earningsEstimate": {"avg": {}, "low": {}, "high": {}, "yearAgoEps": {}, "numberOfAnalysts": {}, "growth": {}}, "revenueEstimate": {"avg": {}, "low": {}, "high": {}, "numberOfAnalysts": {}, "yearAgoRevenue": {}, "growth": {}}, "epsTrend": {"current": {}, "7daysAgo": {}, "30daysAgo": {}, "60daysAgo": {}, "90daysAgo": {}}, "epsRevisions": {"upLast7days": {}, "upLast30days": {}, "downLast30days": {}, "downLast90days": {}}}, {"maxAge": 1, "period": "-5y", "endDate": null, "growth": {}, "earningsEstimate": {"avg": {}, "low": {}, "high": {}, "yearAgoEps": {}, "numberOfAnalysts": {}, "growth": {}}, "revenueEstimate": {"avg": {}, "low": {}, "high": {}, "numberOfAnalysts": {}, "yearAgoRevenue": {}, "growth": {}}, "epsTrend": {"current": {}, "7daysAgo": {}, "30daysAgo": {}, "60daysAgo": {}, "90daysAgo": {}}, "epsRevisions": {"upLast7days": {}, "upLast30days": {}, "downLast30days": {}, "downLast90days": {}}}], "maxAge": 1}, "financialData": {"maxAge": 86400, "currentPrice": 150.25, "targetHighPrice": 210.0, "targetLowPrice": 210.0, "targetMeanPrice": 210.0, "targetMedianPrice": 210.0, "recommendationKey": "none", "numberOfAnalystOpinions": 1, "grossProfits": 1151985000, "financialCurrency": "INR"}}}