{"SAMRATPH.BO": {"cashflowStatementHistory": {"cashflowStatements": [{"maxAge": 1, "endDate": "2020-03-31", "netIncome": 42370000, "changeToLiabilities": 0}, {"maxAge": 1, "endDate": "2019-03-31", "netIncome": 15355771, "depreciation": 4176556, "changeToNetincome": -525328, "changeToAccountReceivables": 8381750, "changeToLiabilities": 17576415, "changeToInventory": -10833892, "changeToOperatingActivities": -10408883, "totalCashFromOperatingActivities": 23722389, "capitalExpenditures": -2944467, "investments": 23650000, "otherCashflowsFromInvestingActivities": 1078927, "totalCashflowsFromInvestingActivities": 21784460, "netBorrowings": -28569210, "otherCashflowsFromFinancingActivities": -10636924, "totalCashFromFinancingActivities": -39206134, "changeInCash": 6300714}, {"maxAge": 1, "endDate": "2018-03-31", "netIncome": 32168203, "depreciation": 3929699, "changeToNetincome": 15849103, "changeToAccountReceivables": -100438598, "changeToLiabilities": -17430151, "changeToInventory": 1751645, "changeToOperatingActivities": 65284448, "totalCashFromOperatingActivities": 1306279, "capitalExpenditures": -1843208, "investments": -23255000, "otherCashflowsFromInvestingActivities": 735530, "totalCashflowsFromInvestingActivities": -24362678, "netBorrowings": 24369239, "otherCashflowsFromFinancingActivities": -9107956, "totalCashFromFinancingActivities": 15261283, "changeInCash": -7795116}, {"maxAge": 1, "endDate": "2017-03-31", "netIncome": 17544212, "depreciation": 4304755, "changeToNetincome": 11576457, "changeToAccountReceivables": 42624495, "changeToLiabilities": -34033041, "changeToInventory": -13432569, "changeToOperatingActivities": -60867120, "totalCashFromOperatingActivities": -32282811, "capitalExpenditures": -6264671, "investments": 18075143, "otherCashflowsFromInvestingActivities": 520744, "totalCashflowsFromInvestingActivities": 12331216, "netBorrowings": 13939297, "otherCashflowsFromFinancingActivities": -6750073, "totalCashFromFinancingActivities": 7189224, "changeInCash": -12762371}], "maxAge": 86400}, "institutionOwnership": {"maxAge": 1, "ownershipList": []}, "balanceSheetHistoryQuarterly": {"balanceSheetStatements": [{"maxAge": 1, "endDate": "2020-06-30", "totalStockholderEquity": 243037000, "netTangibleAssets": 242998000}, {"maxAge": 1, "endDate": "2020-03-31", "cash": 11718000, "shortTermInvestments": 10000, "netReceivables": 278362000, "inventory": 187674000, "otherCurrentAssets": 19040000, "totalCurrentAssets": 496804000, "propertyPlantEquipment": 82623000, "intangibleAssets": 39000, "otherAssets": 4020000, "totalAssets": 583486000, "accountsPayable": 231461000, "shortLongTermDebt": 4389000, "otherCurrentLiab": 12184000, "otherLiab": 1448000, "totalCurrentLiabilities": 339001000, "totalLiab": 340449000, "commonStock": 30897000, "retainedEarnings": 212140000, "totalStockholderEquity": 243037000, "netTangibleAssets": 242998000}, {"maxAge": 1, "endDate": "2019-12-31", "totalStockholderEquity": 234397000, "netTangibleAssets": 234358000}, {"maxAge": 1, "endDate": "2019-09-30", "cash": 32795000, "shortTermInvestments": 10000, "netReceivables": 296496000, "inventory": 89912000, "otherCurrentAssets": 2893000, "totalCurrentAssets": 422106000, "propertyPlantEquipment": 75776000, "intangibleAssets": 39000, "otherAssets": 6699000, "totalAssets": 504620000, "accountsPayable": 140544000, "shortLongTermDebt": 6833000, "otherCurrentLiab": 11552000, "longTermDebt": 730000, "otherLiab": 4845000, "totalCurrentLiabilities": 264648000, "totalLiab": 270223000, "commonStock": 30897000, "retainedEarnings": 203500000, "totalStockholderEquity": 234397000, "netTangibleAssets": 234358000}], "maxAge": 86400}, "indexTrend": {"maxAge": 1, "symbol": "SP5", "peRatio": 19.7411, "pegRatio": 1.34172, "estimates": [{"period": "0q", "growth": 0.549}, {"period": "+1q", "growth": 0.431}, {"period": "0y", "growth": 0.305}, {"period": "+1y", "growth": 0.109}, {"period": "+5y", "growth": 0.120859005}, {"period": "-5y"}]}, "quoteType": {"exchange": "BSE", "quoteType": "EQUITY", "symbol": "SAMRATPH.BO", "underlyingSymbol": "SAMRATPH.BO", "shortName": "SAMRAT PHARMACHEM LTD.", "longName": "Samrat Pharmachem Limited", "firstTradeDateEpochUtc": "2002-01-23 09:15:00", "timeZoneFullName": "Asia/Kolkata", "timeZoneShortName": "IST", "uuid": "43a031f7-f61e-394c-b412-ae268826c2e5", "messageBoardId": null, "gmtOffSetMilliseconds": 19800000, "maxAge": 1}, "incomeStatementHistory": {"incomeStatementHistory": [{"maxAge": 1, "endDate": "2020-03-31", "totalRevenue": 1380247000, "costOfRevenue": 1278540000, "grossProfit": 101707000, "researchDevelopment": {}, "sellingGeneralAdministrative": 29689000, "nonRecurring": {}, "otherOperatingExpenses": {}, "totalOperatingExpenses": 1312492000, "operatingIncome": 67755000, "totalOtherIncomeExpenseNet": -9903000, "ebit": 67755000, "interestExpense": -9783000, "incomeBeforeTax": 57852000, "incomeTaxExpense": 15482000, "minorityInterest": {}, "netIncomeFromContinuingOps": 42370000, "discontinuedOperations": {}, "extraordinaryItems": {}, "effectOfAccountingCharges": {}, "otherItems": {}, "netIncome": 42370000, "netIncomeApplicableToCommonShares": 42370000}, {"maxAge": 1, "endDate": "2019-03-31", "totalRevenue": 1115089558, "costOfRevenue": 1026231067, "grossProfit": 88858491, "researchDevelopment": {}, "sellingGeneralAdministrative": 14775938, "nonRecurring": {}, "otherOperatingExpenses": 38546635, "totalOperatingExpenses": 1083730196, "operatingIncome": 31359362, "totalOtherIncomeExpenseNet": -9782106, "ebit": 31359362, "interestExpense": -7681669, "incomeBeforeTax": 21577256, "incomeTaxExpense": 6221485, "minorityInterest": {}, "netIncomeFromContinuingOps": 15355771, "discontinuedOperations": {}, "extraordinaryItems": {}, "effectOfAccountingCharges": {}, "otherItems": {}, "netIncome": 15355771, "netIncomeApplicableToCommonShares": 15355771}, {"maxAge": 1, "endDate": "2018-03-31", "totalRevenue": 926617110, "costOfRevenue": 819218665, "grossProfit": 107398445, "researchDevelopment": {}, "sellingGeneralAdministrative": 13910422, "nonRecurring": {}, "otherOperatingExpenses": 32549227, "totalOperatingExpenses": 869799943, "operatingIncome": 56817167, "totalOtherIncomeExpenseNet": -7613946, "ebit": 56817167, "interestExpense": -5870750, "incomeBeforeTax": 49203221, "incomeTaxExpense": 17035018, "minorityInterest": {}, "netIncomeFromContinuingOps": 32168203, "discontinuedOperations": {}, "extraordinaryItems": {}, "effectOfAccountingCharges": {}, "otherItems": {}, "netIncome": 32168203, "netIncomeApplicableToCommonShares": 32168203}, {"maxAge": 1, "endDate": "2017-03-31", "totalRevenue": 711420842, "costOfRevenue": 626738208, "grossProfit": 84682634, "researchDevelopment": {}, "sellingGeneralAdministrative": 12158223, "nonRecurring": {}, "otherOperatingExpenses": 34913122, "totalOperatingExpenses": 678114308, "operatingIncome": 33306534, "totalOtherIncomeExpenseNet": -5551940, "ebit": 33306534, "interestExpense": -4457011, "incomeBeforeTax": 27754594, "incomeTaxExpense": 10210382, "minorityInterest": {}, "netIncomeFromContinuingOps": 17544212, "discontinuedOperations": {}, "extraordinaryItems": {}, "effectOfAccountingCharges": {}, "otherItems": {}, "netIncome": 17544212, "netIncomeApplicableToCommonShares": 17544212}], "maxAge": 86400}, "fundOwnership": {"maxAge": 1, "ownershipList": []}, "summaryDetail": {"maxAge": 1, "priceHint": 2, "previousClose": 219.0, "open": 238.0, "dayLow": 227.1, "dayHigh": 262.8, "regularMarketPreviousClose": 219.0, "regularMarketOpen": 238.0, "regularMarketDayLow": 227.1, "regularMarketDayHigh": 262.8, "trailingPE": 25.666567, "volume": 93917, "regularMarketVolume": 93917, "averageVolume": 6643, "averageVolume10days": 3693, "averageDailyVolume10Day": 3693, "bid": 262.8, "ask": 0.0, "bidSize": 0, "askSize": 0, "marketCap": 811973120, "fiftyTwoWeekLow": 47.1, "fiftyTwoWeekHigh": 262.8, "fiftyDayAverage": 127.18823, "twoHundredDayAverage": 118.35625, "currency": "INR", "fromCurrency": null, "toCurrency": null, "lastMarket": null, "algorithm": null, "tradeable": false}, "incomeStatementHistoryQuarterly": {"incomeStatementHistory": [{"maxAge": 1, "endDate": "2020-06-30", "totalRevenue": 352857000, "costOfRevenue": 327305000, "grossProfit": 25552000, "researchDevelopment": {}, "sellingGeneralAdministrative": 2764000, "nonRecurring": {}, "otherOperatingExpenses": 6425000, "totalOperatingExpenses": 337614000, "operatingIncome": 15243000, "totalOtherIncomeExpenseNet": -4589000, "ebit": 15243000, "interestExpense": -4589000, "incomeBeforeTax": 10654000, "incomeTaxExpense": 2674000, "minorityInterest": {}, "netIncomeFromContinuingOps": 7980000, "discontinuedOperations": {}, "extraordinaryItems": {}, "effectOfAccountingCharges": {}, "otherItems": {}, "netIncome": 7980000, "netIncomeApplicableToCommonShares": 7980000}, {"maxAge": 1, "endDate": "2020-03-31", "totalRevenue": 303555000, "costOfRevenue": 284532000, "grossProfit": 19023000, "researchDevelopment": {}, "sellingGeneralAdministrative": 8831000, "nonRecurring": {}, "otherOperatingExpenses": 6425000, "totalOperatingExpenses": 294446000, "operatingIncome": 9109000, "totalOtherIncomeExpenseNet": -3462000, "ebit": 9109000, "interestExpense": -3342000, "incomeBeforeTax": 5647000, "incomeTaxExpense": 1713000, "minorityInterest": {}, "netIncomeFromContinuingOps": 3934000, "discontinuedOperations": {}, "extraordinaryItems": {}, "effectOfAccountingCharges": {}, "otherItems": {}, "netIncome": 3934000, "netIncomeApplicableToCommonShares": 3934000}, {"maxAge": 1, "endDate": "2019-12-31", "totalRevenue": 351909000, "costOfRevenue": 330532000, "grossProfit": 21377000, "researchDevelopment": {}, "sellingGeneralAdministrative": 3419000, "nonRecurring": {}, "otherOperatingExpenses": 9174000, "totalOperatingExpenses": 344186000, "operatingIncome": 7723000, "totalOtherIncomeExpenseNet": -2502000, "ebit": 7723000, "interestExpense": -2502000, "incomeBeforeTax": 5221000, "incomeTaxExpense": 510000, "minorityInterest": {}, "netIncomeFromContinuingOps": 4711000, "discontinuedOperations": {}, "extraordinaryItems": {}, "effectOfAccountingCharges": {}, "otherItems": {}, "netIncome": 4711000, "netIncomeApplicableToCommonShares": 4711000}, {"maxAge": 1, "endDate": "2019-09-30", "totalRevenue": 369569000, "costOfRevenue": 333075000, "grossProfit": 36494000, "researchDevelopment": {}, "sellingGeneralAdministrative": 3025000, "nonRecurring": {}, "otherOperatingExpenses": 8624000, "totalOperatingExpenses": 345790000, "operatingIncome": 23779000, "totalOtherIncomeExpenseNet": -2273000, "ebit": 23779000, "interestExpense": -2273000, "incomeBeforeTax": 21506000, "incomeTaxExpense": 6480000, "minorityInterest": {}, "netIncomeFromContinuingOps": 15026000, "discontinuedOperations": {}, "extraordinaryItems": {}, "effectOfAccountingCharges": {}, "otherItems": {}, "netIncome": 15026000, "netIncomeApplicableToCommonShares": 15026000}], "maxAge": 86400}, "cashflowStatementHistoryQuarterly": {"cashflowStatements": [{"maxAge": 1, "endDate": "2020-06-30", "netIncome": 7980000, "changeToLiabilities": 0}, {"maxAge": 1, "endDate": "2020-03-31", "netIncome": 3934000, "changeToLiabilities": 0}, {"maxAge": 1, "endDate": "2019-12-31", "netIncome": 4711000, "changeToLiabilities": 0}, {"maxAge": 1, "endDate": "2019-09-30", "netIncome": 15026000, "changeToLiabilities": 0}], "maxAge": 86400}, "insiderHolders": {"holders": [], "maxAge": 1}, "calendarEvents": {"maxAge": 1, "earnings": {"earningsDate": []}}, "price": {"maxAge": 1, "regularMarketChangePercent": 0.19999994, "regularMarketChange": 43.799988, "regularMarketTime": "2021-04-30 15:53:50", "priceHint": 2, "regularMarketPrice": 262.8, "regularMarketDayHigh": 262.8, "regularMarketDayLow": 227.1, "regularMarketVolume": 93917, "averageDailyVolume10Day": 3693, "averageDailyVolume3Month": 6643, "regularMarketPreviousClose": 219.0, "regularMarketSource": "FREE_REALTIME", "regularMarketOpen": 238.0, "exchange": "BSE", "exchangeName": "BSE", "exchangeDataDelayedBy": 0, "marketState": "CLOSED", "quoteType": "EQUITY", "symbol": "SAMRATPH.BO", "underlyingSymbol": null, "shortName": "SAMRAT PHARMACHEM LTD.", "longName": "Samrat Pharmachem Limited", "currency": "INR", "quoteSourceName": "Delayed Quote", "currencySymbol": "\u20b9", "fromCurrency": null, "toCurrency": null, "lastMarket": null, "marketCap": 811973120}, "balanceSheetHistory": {"balanceSheetStatements": [{"maxAge": 1, "endDate": "2020-03-31", "cash": 11718000, "shortTermInvestments": 10000, "netReceivables": 278362000, "inventory": 187674000, "otherCurrentAssets": 19040000, "totalCurrentAssets": 496804000, "propertyPlantEquipment": 82623000, "intangibleAssets": 39000, "otherAssets": 4020000, "totalAssets": 583486000, "accountsPayable": 231461000, "shortLongTermDebt": 4389000, "otherCurrentLiab": 12184000, "otherLiab": 1448000, "totalCurrentLiabilities": 339001000, "totalLiab": 340449000, "commonStock": 30897000, "retainedEarnings": 212140000, "totalStockholderEquity": 243037000, "netTangibleAssets": 242998000}, {"maxAge": 1, "endDate": "2019-03-31", "cash": 22462207, "shortTermInvestments": 10000, "netReceivables": 211875200, "inventory": 79296386, "otherCurrentAssets": 13773435, "totalCurrentAssets": 327586324, "propertyPlantEquipment": 68353624, "intangibleAssets": 275926, "otherAssets": 6050040, "totalAssets": 402265914, "accountsPayable": 125286966, "shortLongTermDebt": 4484409, "otherCurrentLiab": 4352390, "longTermDebt": 3127538, "otherLiab": 5179722, "deferredLongTermLiab": 959824, "totalCurrentLiabilities": 193289415, "totalLiab": 201596675, "commonStock": 30897000, "retainedEarnings": 169772239, "totalStockholderEquity": 200669239, "netTangibleAssets": 200393313}, {"maxAge": 1, "endDate": "2018-03-31", "cash": 39811493, "shortTermInvestments": 10000, "netReceivables": 222480575, "inventory": 68462494, "otherCurrentAssets": 780473, "totalCurrentAssets": 332655923, "propertyPlantEquipment": 69595714, "intangibleAssets": 265926, "otherAssets": 5759204, "totalAssets": 408276767, "accountsPayable": 103896577, "shortLongTermDebt": 4052372, "otherCurrentLiab": 15031163, "longTermDebt": 7620703, "otherLiab": 5104282, "deferredLongTermLiab": 813697, "totalCurrentLiabilities": 210238314, "totalLiab": 222963299, "commonStock": 30897000, "retainedEarnings": 154416468, "totalStockholderEquity": 185313468, "netTangibleAssets": 185047542}, {"maxAge": 1, "endDate": "2017-03-31", "cash": 24351608, "shortTermInvestments": 10000, "netReceivables": 121853075, "inventory": 70214140, "otherCurrentAssets": 65963539, "totalCurrentAssets": 282966171, "propertyPlantEquipment": 71682206, "intangibleAssets": 457856, "otherAssets": 5718178, "totalAssets": 360824411, "accountsPayable": 72134623, "shortLongTermDebt": 3645882, "otherCurrentLiab": 56150746, "longTermDebt": 11673075, "otherLiab": 4963448, "deferredLongTermLiab": 646060, "totalCurrentLiabilities": 191042623, "totalLiab": 207679146, "commonStock": 30897000, "retainedEarnings": 122248265, "totalStockholderEquity": 153145265, "netTangibleAssets": 152687409}], "maxAge": 86400}, "financialData": {"maxAge": 86400, "currentPrice": 262.8, "recommendationKey": "none", "grossProfits": 101707000, "financialCurrency": "INR"}}}