{"SAMYAKINT.BO": {"cashflowStatementHistory": {"cashflowStatements": [{"maxAge": 1, "endDate": "2019-03-31", "netIncome": -3094097, "depreciation": 22791986, "changeToNetincome": 550234042, "changeToAccountReceivables": 27092851, "changeToLiabilities": 20996163, "changeToInventory": -11004119, "changeToOperatingActivities": -1986936, "totalCashFromOperatingActivities": 612990198, "capitalExpenditures": -1594787, "investments": -26439523, "otherCashflowsFromInvestingActivities": 2365464, "totalCashflowsFromInvestingActivities": -25668846, "netBorrowings": -380017194, "otherCashflowsFromFinancingActivities": -4092085, "totalCashFromFinancingActivities": -577009279, "changeInCash": 10312073, "repurchaseOfStock": -192900000}, {"maxAge": 1, "endDate": "2018-03-31", "netIncome": 3617576, "depreciation": 1526028, "changeToNetincome": 91499, "changeToAccountReceivables": -20087123, "changeToLiabilities": -14006385, "changeToInventory": 43253651, "changeToOperatingActivities": -28062926, "totalCashFromOperatingActivities": -13205549, "capitalExpenditures": -1594787, "investments": 7588868, "otherCashflowsFromInvestingActivities": 2171312, "totalCashflowsFromInvestingActivities": 9760180, "netBorrowings": 1559069, "otherCashflowsFromFinancingActivities": -2083811, "totalCashFromFinancingActivities": -524742, "changeInCash": -3970111, "repurchaseOfStock": -192900000}, {"maxAge": 1, "endDate": "2017-03-31", "netIncome": 2957168, "depreciation": 1526717, "changeToNetincome": 761600, "changeToAccountReceivables": -14363499, "changeToLiabilities": 39800956, "changeToInventory": -48365659, "changeToOperatingActivities": 35815407, "totalCashFromOperatingActivities": 18214390, "capitalExpenditures": -456920, "investments": -23711040, "otherCashflowsFromInvestingActivities": 1004902, "totalCashflowsFromInvestingActivities": -23163058, "netBorrowings": 7935347, "otherCashflowsFromFinancingActivities": -1766502, "totalCashFromFinancingActivities": 6168845, "changeInCash": 1220177, "repurchaseOfStock": -192900000}, {"maxAge": 1, "endDate": "2016-03-31", "netIncome": 2771520, "depreciation": 1526717, "changeToNetincome": 761600, "changeToAccountReceivables": -14363499, "changeToLiabilities": 0, "changeToInventory": -48365659, "changeToOperatingActivities": 35815407, "totalCashFromOperatingActivities": 18214390, "capitalExpenditures": -456920, "investments": -23711040, "otherCashflowsFromInvestingActivities": 1004902, "totalCashflowsFromInvestingActivities": -23163058, "netBorrowings": 7935347, "otherCashflowsFromFinancingActivities": -1766502, "totalCashFromFinancingActivities": 6168845, "changeInCash": 1220177, "repurchaseOfStock": -192900000}], "maxAge": 86400}, "institutionOwnership": {"ownershipList": [], "maxAge": 1}, "balanceSheetHistoryQuarterly": {"balanceSheetStatements": [{"maxAge": 1, "endDate": "2019-12-31", "totalStockholderEquity": 741096000, "netTangibleAssets": 741076000}, {"maxAge": 1, "endDate": "2019-09-30", "cash": 4146000, "netReceivables": 97661000, "inventory": 35340000, "totalCurrentAssets": 137147000, "longTermInvestments": 359659000, "propertyPlantEquipment": 406128000, "goodWill": 20000, "otherAssets": 61646000, "deferredLongTermAssetCharges": 28000, "totalAssets": 964600000, "accountsPayable": 111995000, "shortLongTermDebt": 106291000, "otherCurrentLiab": 1711000, "longTermDebt": 2407000, "otherLiab": 452000, "totalCurrentLiabilities": 220645000, "totalLiab": 223504000, "commonStock": 62472000, "treasuryStock": 678624000, "otherStockholderEquity": 678624000, "totalStockholderEquity": 741096000, "netTangibleAssets": 741076000}, {"maxAge": 1, "endDate": "2019-06-30", "totalStockholderEquity": 743026000, "netTangibleAssets": 337156000}, {"maxAge": 1, "endDate": "2019-03-31", "cash": 18851860, "netReceivables": 121825075, "inventory": 58028339, "totalCurrentAssets": 198705274, "longTermInvestments": 359658732, "propertyPlantEquipment": 11845914, "goodWill": 20100, "intangibleAssets": 405849699, "otherAssets": 62329938, "deferredLongTermAssetCharges": 27411, "totalAssets": 1038409657, "accountsPayable": 180603769, "shortLongTermDebt": 753000, "otherCurrentLiab": 9849053, "longTermDebt": 98398933, "totalCurrentLiabilities": 196985212, "totalLiab": 295384145, "commonStock": 62472000, "retainedEarnings": 16348710, "treasuryStock": 612554802, "capitalSurplus": 51650000, "otherStockholderEquity": 612554802, "totalStockholderEquity": 743025512, "netTangibleAssets": 337155713}], "maxAge": 86400}, "indexTrend": {"maxAge": 1, "symbol": "SP5", "peRatio": 19.7411, "pegRatio": 1.34172, "estimates": [{"period": "0q", "growth": 0.549}, {"period": "+1q", "growth": 0.431}, {"period": "0y", "growth": 0.305}, {"period": "+1y", "growth": 0.109}, {"period": "+5y", "growth": 0.120859005}, {"period": "-5y"}]}, "quoteType": {"exchange": "BSE", "quoteType": "EQUITY", "symbol": "SAMYAKINT.BO", "underlyingSymbol": "SAMYAKINT.BO", "shortName": "SAMYAK INTERNATIONAL LTD.", "longName": "Samyak International Limited", "firstTradeDateEpochUtc": "2009-11-23 09:15:00", "timeZoneFullName": "Asia/Kolkata", "timeZoneShortName": "IST", "uuid": "89415ce1-3738-3ceb-b7bc-bd2c0a223896", "gmtOffSetMilliseconds": 19800000, "maxAge": 1}, "incomeStatementHistory": {"incomeStatementHistory": [{"maxAge": 1, "endDate": "2019-03-31", "totalRevenue": 439231730, "costOfRevenue": 380895758, "grossProfit": 58335972, "researchDevelopment": {}, "sellingGeneralAdministrative": 15808041, "nonRecurring": {}, "otherOperatingExpenses": 16583188, "totalOperatingExpenses": 436078973, "operatingIncome": 3152757, "totalOtherIncomeExpenseNet": -5354880, "ebit": 3152757, "interestExpense": -3824938, "incomeBeforeTax": -2202123, "incomeTaxExpense": 891974, "minorityInterest": {}, "netIncomeFromContinuingOps": -3094097, "discontinuedOperations": {}, "extraordinaryItems": {}, "effectOfAccountingCharges": {}, "otherItems": {}, "netIncome": -3094097, "netIncomeApplicableToCommonShares": -3094097}, {"maxAge": 1, "endDate": "2018-03-31", "totalRevenue": 491297456, "costOfRevenue": 471039440, "grossProfit": 20258016, "researchDevelopment": {}, "sellingGeneralAdministrative": 6945401, "nonRecurring": {}, "otherOperatingExpenses": 4947640, "totalOperatingExpenses": 484458509, "operatingIncome": 6838947, "totalOtherIncomeExpenseNet": -2165512, "ebit": 6838947, "interestExpense": -1912975, "incomeBeforeTax": 4673435, "incomeTaxExpense": 1055859, "minorityInterest": {}, "netIncomeFromContinuingOps": 3617576, "discontinuedOperations": {}, "extraordinaryItems": {}, "effectOfAccountingCharges": {}, "otherItems": {}, "netIncome": 3617576, "netIncomeApplicableToCommonShares": 3617576}, {"maxAge": 1, "endDate": "2017-03-31", "totalRevenue": 412921917, "costOfRevenue": 395660734, "grossProfit": 17261183, "researchDevelopment": {}, "sellingGeneralAdministrative": 5424089, "nonRecurring": {}, "otherOperatingExpenses": 4346894, "totalOperatingExpenses": 406958434, "operatingIncome": 5963483, "totalOtherIncomeExpenseNet": -1848202, "ebit": 5963483, "interestExpense": -1597810, "incomeBeforeTax": 4115281, "incomeTaxExpense": 1158113, "minorityInterest": {}, "netIncomeFromContinuingOps": 2957168, "discontinuedOperations": {}, "extraordinaryItems": {}, "effectOfAccountingCharges": {}, "otherItems": {}, "netIncome": 2957168, "netIncomeApplicableToCommonShares": 2957168}, {"maxAge": 1, "endDate": "2016-03-31", "totalRevenue": 343683518, "costOfRevenue": 327460506, "grossProfit": 16223012, "researchDevelopment": {}, "sellingGeneralAdministrative": 7763781, "nonRecurring": {}, "otherOperatingExpenses": 1405196, "totalOperatingExpenses": 338121946, "operatingIncome": 5561572, "totalOtherIncomeExpenseNet": -1723753, "ebit": 5561572, "interestExpense": -1578579, "incomeBeforeTax": 3837819, "incomeTaxExpense": 1066299, "minorityInterest": {}, "netIncomeFromContinuingOps": 2771520, "discontinuedOperations": {}, "extraordinaryItems": {}, "effectOfAccountingCharges": {}, "otherItems": {}, "netIncome": 2771520, "netIncomeApplicableToCommonShares": 2771520}], "maxAge": 86400}, "fundOwnership": {"ownershipList": [], "maxAge": 1}, "summaryDetail": {"maxAge": 1, "priceHint": 2, "previousClose": 19.1, "open": 18.95, "dayLow": 18.8, "dayHigh": 19.0, "regularMarketPreviousClose": 19.1, "regularMarketOpen": 18.95, "regularMarketDayLow": 18.8, "regularMarketDayHigh": 19.0, "volume": 3148, "regularMarketVolume": 3148, "averageVolume": 407, "averageVolume10days": 0, "averageDailyVolume10Day": 0, "bid": 19.0, "ask": 19.1, "marketCap": 118696800, "fiftyTwoWeekLow": 6.39, "fiftyTwoWeekHigh": 19.0, "fiftyDayAverage": 14.907272, "twoHundredDayAverage": 10.109779, "currency": "INR", "fromCurrency": null, "lastMarket": null, "algorithm": null, "tradeable": false}, "incomeStatementHistoryQuarterly": {"incomeStatementHistory": [{"maxAge": 1, "endDate": "2019-12-31", "totalRevenue": 62703000, "costOfRevenue": 47906000, "grossProfit": 14797000, "researchDevelopment": {}, "sellingGeneralAdministrative": 4604000, "nonRecurring": {}, "otherOperatingExpenses": 2006000, "totalOperatingExpenses": 62299000, "operatingIncome": 404000, "totalOtherIncomeExpenseNet": -389000, "ebit": 404000, "interestExpense": -389000, "incomeBeforeTax": 15000, "incomeTaxExpense": 150000, "minorityInterest": {}, "netIncomeFromContinuingOps": -135000, "discontinuedOperations": {}, "extraordinaryItems": {}, "effectOfAccountingCharges": {}, "otherItems": {}, "netIncome": -135000, "netIncomeApplicableToCommonShares": -135000}, {"maxAge": 1, "endDate": "2019-09-30", "totalRevenue": 18838000, "costOfRevenue": 7295000, "grossProfit": 11543000, "researchDevelopment": {}, "sellingGeneralAdministrative": 4045000, "nonRecurring": {}, "otherOperatingExpenses": 1060000, "totalOperatingExpenses": 20127000, "operatingIncome": -1289000, "totalOtherIncomeExpenseNet": -181000, "ebit": -1289000, "interestExpense": -181000, "incomeBeforeTax": -1470000, "incomeTaxExpense": 0, "minorityInterest": {}, "netIncomeFromContinuingOps": -1470000, "discontinuedOperations": {}, "extraordinaryItems": {}, "effectOfAccountingCharges": {}, "otherItems": {}, "netIncome": -1470000, "netIncomeApplicableToCommonShares": -1470000}, {"maxAge": 1, "endDate": "2019-06-30", "totalRevenue": 55334000, "costOfRevenue": 33999000, "grossProfit": 21335000, "researchDevelopment": {}, "sellingGeneralAdministrative": 4517000, "nonRecurring": {}, "otherOperatingExpenses": 9081000, "totalOperatingExpenses": 55265000, "operatingIncome": 69000, "totalOtherIncomeExpenseNet": -370000, "ebit": 69000, "interestExpense": -370000, "incomeBeforeTax": -301000, "incomeTaxExpense": 150000, "minorityInterest": {}, "netIncomeFromContinuingOps": -451000, "discontinuedOperations": {}, "extraordinaryItems": {}, "effectOfAccountingCharges": {}, "otherItems": {}, "netIncome": -451000, "netIncomeApplicableToCommonShares": -451000}, {"maxAge": 1, "endDate": "2019-03-31", "totalRevenue": 209613730, "costOfRevenue": 188636758, "grossProfit": 20976972, "researchDevelopment": {}, "sellingGeneralAdministrative": 7958041, "nonRecurring": {}, "otherOperatingExpenses": -6531812, "totalOperatingExpenses": 212052973, "operatingIncome": -2439243, "totalOtherIncomeExpenseNet": -5121880, "ebit": -2439243, "interestExpense": -3591938, "incomeBeforeTax": -7561123, "incomeTaxExpense": 341974, "minorityInterest": {}, "netIncomeFromContinuingOps": -7903097, "discontinuedOperations": {}, "extraordinaryItems": {}, "effectOfAccountingCharges": {}, "otherItems": {}, "netIncome": -7903097, "netIncomeApplicableToCommonShares": -7903097}], "maxAge": 86400}, "cashflowStatementHistoryQuarterly": {"cashflowStatements": [{"maxAge": 1, "endDate": "2019-12-31", "netIncome": -135000, "changeToLiabilities": 0}, {"maxAge": 1, "endDate": "2019-09-30", "netIncome": -1470000, "changeToLiabilities": 0}, {"maxAge": 1, "endDate": "2019-06-30", "netIncome": -451000, "changeToLiabilities": 0}, {"maxAge": 1, "endDate": "2019-03-31", "netIncome": -7903097, "changeToLiabilities": 0}], "maxAge": 86400}, "insiderHolders": {"holders": [], "maxAge": 1}, "calendarEvents": {"maxAge": 1, "earnings": {"earningsDate": []}}, "upgradeDowngradeHistory": {"history": [], "maxAge": 86400}, "price": {"maxAge": 1, "regularMarketChangePercent": -0.0052356217, "regularMarketChange": -0.10000038, "regularMarketTime": "2021-04-30 14:24:40", "priceHint": 2, "regularMarketPrice": 19.0, "regularMarketDayHigh": 19.0, "regularMarketDayLow": 18.8, "regularMarketVolume": 3148, "averageDailyVolume10Day": 0, "averageDailyVolume3Month": 407, "regularMarketPreviousClose": 19.1, "regularMarketSource": "FREE_REALTIME", "regularMarketOpen": 18.95, "exchange": "BSE", "exchangeName": "BSE", "exchangeDataDelayedBy": 0, "marketState": "CLOSED", "quoteType": "EQUITY", "symbol": "SAMYAKINT.BO", "underlyingSymbol": null, "shortName": "SAMYAK INTERNATIONAL LTD.", "longName": "Samyak International Limited", "currency": "INR", "quoteSourceName": "Delayed Quote", "currencySymbol": "\u20b9", "fromCurrency": null, "lastMarket": null, "marketCap": 118696800}, "balanceSheetHistory": {"balanceSheetStatements": [{"maxAge": 1, "endDate": "2019-03-31", "cash": 18851860, "netReceivables": 121825075, "inventory": 58028339, "totalCurrentAssets": 198705274, "longTermInvestments": 359658732, "propertyPlantEquipment": 11845914, "goodWill": 20100, "intangibleAssets": 405849699, "otherAssets": 62329938, "deferredLongTermAssetCharges": 27411, "totalAssets": 1038409657, "accountsPayable": 180603769, "shortLongTermDebt": 753000, "otherCurrentLiab": 9849053, "longTermDebt": 98398933, "totalCurrentLiabilities": 196985212, "totalLiab": 295384145, "commonStock": 62472000, "retainedEarnings": 16348710, "treasuryStock": 612554802, "capitalSurplus": 51650000, "otherStockholderEquity": 612554802, "totalStockholderEquity": 743025512, "netTangibleAssets": 337155713}, {"maxAge": 1, "endDate": "2018-03-31", "cash": 2855715, "netReceivables": 168824856, "inventory": 47024220, "totalCurrentAssets": 218704791, "longTermInvestments": 88162030, "propertyPlantEquipment": 11094778, "goodWill": 20000, "otherAssets": 44108, "deferredLongTermAssetCharges": 44108, "totalAssets": 318025707, "accountsPayable": 159607606, "shortLongTermDebt": 319000, "otherCurrentLiab": 5142017, "longTermDebt": 365356, "totalCurrentLiabilities": 187169640, "totalLiab": 187534996, "commonStock": 62472000, "retainedEarnings": 15764178, "treasuryStock": 604533, "capitalSurplus": 51650000, "otherStockholderEquity": 604533, "totalStockholderEquity": 130490711, "netTangibleAssets": 130470711}, {"maxAge": 1, "endDate": "2017-03-31", "cash": 6825825, "shortTermInvestments": 398930, "netReceivables": 116499125, "inventory": 90277871, "otherCurrentAssets": 1434150, "totalCurrentAssets": 215435901, "longTermInvestments": 95750898, "propertyPlantEquipment": 12620806, "goodWill": 20000, "otherAssets": 1565, "deferredLongTermAssetCharges": 1565, "totalAssets": 323829170, "accountsPayable": 172941194, "otherCurrentLiab": 6307189, "longTermDebt": 923386, "totalCurrentLiabilities": 196673781, "totalLiab": 197597167, "commonStock": 62472000, "retainedEarnings": 12229524, "treasuryStock": -119521, "capitalSurplus": 51650000, "otherStockholderEquity": -119521, "totalStockholderEquity": 126232003, "netTangibleAssets": 126212003}, {"maxAge": 1, "endDate": "2016-03-31", "cash": 5605648, "netReceivables": 136667458, "inventory": 41912212, "otherCurrentAssets": 2538464, "totalCurrentAssets": 186772968, "longTermInvestments": 11794000, "propertyPlantEquipment": 13674928, "intangibleAssets": 15675, "otherAssets": 59940288, "totalAssets": 272197859, "accountsPayable": 134715094, "otherCurrentLiab": 1441943, "longTermDebt": 11960354, "totalCurrentLiabilities": 136863150, "totalLiab": 148823504, "commonStock": 62472000, "retainedEarnings": 9252355, "treasuryStock": 1500000, "capitalSurplus": 50150000, "otherStockholderEquity": 1500000, "totalStockholderEquity": 123374355, "netTangibleAssets": 123358680}], "maxAge": 86400}, "financialData": {"maxAge": 86400, "currentPrice": 19.0, "recommendationKey": "none", "grossProfits": 58335972, "financialCurrency": "INR"}}}