{"SANCTRN.BO": {"cashflowStatementHistory": {"cashflowStatements": [{"maxAge": 1, "endDate": "2020-03-31", "netIncome": 1037000, "depreciation": 47112000, "changeToNetincome": 12497000, "changeToAccountReceivables": 57393000, "changeToLiabilities": -1529000, "changeToInventory": 175000, "changeToOperatingActivities": -52917000, "totalCashFromOperatingActivities": 64622000, "capitalExpenditures": -85487000, "investments": -1514000, "otherCashflowsFromInvestingActivities": 48293000, "totalCashflowsFromInvestingActivities": -35823000, "dividendsPaid": -1620000, "netBorrowings": -1145000, "otherCashflowsFromFinancingActivities": -26297000, "totalCashFromFinancingActivities": -29062000, "changeInCash": -263000}, {"maxAge": 1, "endDate": "2019-03-31", "netIncome": -3796000, "depreciation": 52409000, "changeToNetincome": 32363000, "changeToAccountReceivables": -67812000, "changeToLiabilities": -16436000, "changeToInventory": -67000, "changeToOperatingActivities": 21432000, "totalCashFromOperatingActivities": 19070000, "capitalExpenditures": -35013000, "investments": 31008000, "otherCashflowsFromInvestingActivities": 8393000, "totalCashflowsFromInvestingActivities": 24425000, "dividendsPaid": -1620000, "netBorrowings": -23657000, "otherCashflowsFromFinancingActivities": -26871000, "totalCashFromFinancingActivities": -52148000, "changeInCash": -8777000}, {"maxAge": 1, "endDate": "2018-03-31", "netIncome": -7699000, "depreciation": 64403000, "changeToNetincome": -6071000, "changeToAccountReceivables": -26859000, "changeToLiabilities": 4539000, "changeToInventory": 253000, "changeToOperatingActivities": 23967000, "totalCashFromOperatingActivities": 53201000, "capitalExpenditures": -10905000, "investments": -3015000, "otherCashflowsFromInvestingActivities": 9575000, "totalCashflowsFromInvestingActivities": 3859000, "dividendsPaid": -1620000, "netBorrowings": -38798000, "otherCashflowsFromFinancingActivities": -28438000, "totalCashFromFinancingActivities": -68856000, "changeInCash": -11792000}, {"maxAge": 1, "endDate": "2017-03-31", "netIncome": -17727000, "depreciation": 66811000, "changeToNetincome": 3119000, "changeToAccountReceivables": -58921000, "changeToLiabilities": 25782000, "changeToInventory": -309000, "changeToOperatingActivities": 43648000, "totalCashFromOperatingActivities": 62606000, "capitalExpenditures": -1998000, "investments": -3490000, "otherCashflowsFromInvestingActivities": 7298000, "totalCashflowsFromInvestingActivities": 3451000, "dividendsPaid": -1620000, "netBorrowings": -9525000, "otherCashflowsFromFinancingActivities": -34719000, "totalCashFromFinancingActivities": -45864000, "changeInCash": 20193000}], "maxAge": 86400}, "institutionOwnership": {"maxAge": 1, "ownershipList": []}, "balanceSheetHistoryQuarterly": {"balanceSheetStatements": [{"maxAge": 1, "endDate": "2020-06-30", "totalStockholderEquity": 930338000, "netTangibleAssets": 929831000}, {"maxAge": 1, "endDate": "2020-03-31", "cash": 4707000, "shortTermInvestments": 27716000, "netReceivables": 266440000, "inventory": 940000, "otherCurrentAssets": 22182000, "totalCurrentAssets": 327247000, "longTermInvestments": 99000, "propertyPlantEquipment": 1042098000, "intangibleAssets": 507000, "otherAssets": 44895000, "totalAssets": 1414846000, "accountsPayable": 78778000, "shortLongTermDebt": 60938000, "otherCurrentLiab": 11108000, "longTermDebt": 64085000, "otherLiab": 21869000, "totalCurrentLiabilities": 378085000, "totalLiab": 484508000, "commonStock": 18000000, "retainedEarnings": 912338000, "totalStockholderEquity": 930338000, "netTangibleAssets": 929831000}, {"maxAge": 1, "endDate": "2019-12-31", "totalStockholderEquity": 931044000, "netTangibleAssets": 930033000}, {"maxAge": 1, "endDate": "2019-09-30", "cash": 27864000, "shortTermInvestments": 15463000, "netReceivables": 279538000, "inventory": 1306000, "otherCurrentAssets": 30659000, "totalCurrentAssets": 354830000, "longTermInvestments": 10705000, "propertyPlantEquipment": 1071966000, "intangibleAssets": 1011000, "otherAssets": 67236000, "totalAssets": 1505748000, "accountsPayable": 103820000, "otherCurrentLiab": 188548000, "longTermDebt": 90776000, "otherLiab": 43299000, "totalCurrentLiabilities": 440629000, "totalLiab": 574704000, "commonStock": 18000000, "retainedEarnings": 913044000, "totalStockholderEquity": 931044000, "netTangibleAssets": 930033000}], "maxAge": 86400}, "indexTrend": {"maxAge": 1, "symbol": "SP5", "peRatio": 19.7411, "pegRatio": 1.34172, "estimates": [{"period": "0q", "growth": 0.549}, {"period": "+1q", "growth": 0.431}, {"period": "0y", "growth": 0.305}, {"period": "+1y", "growth": 0.109}, {"period": "+5y", "growth": 0.120859005}, {"period": "-5y"}]}, "insiderTransactions": {"transactions": [{"maxAge": 1, "shares": 33300, "filerUrl": "", "transactionText": "", "filerName": "Sudharsan Logistics Pvt Ltd", "filerRelation": "Promoter", "moneyText": "", "startDate": "2019-03-28", "ownership": "D"}], "maxAge": 1}, "quoteType": {"exchange": "BSE", "quoteType": "EQUITY", "symbol": "SANCTRN.BO", "underlyingSymbol": "SANCTRN.BO", "shortName": "SANCO TRANS LTD.", "longName": "Sanco Trans Limited", "firstTradeDateEpochUtc": "2003-06-25 09:15:00", "timeZoneFullName": "Asia/Kolkata", "timeZoneShortName": "IST", "uuid": "7240bd48-5d35-3054-a278-2ebccc6d8d3f", "messageBoardId": null, "gmtOffSetMilliseconds": 19800000, "maxAge": 1}, "incomeStatementHistory": {"incomeStatementHistory": [{"maxAge": 1, "endDate": "2020-03-31", "totalRevenue": 961220000, "costOfRevenue": 833367000, "grossProfit": 127853000, "researchDevelopment": {}, "sellingGeneralAdministrative": 14620000, "nonRecurring": {}, "otherOperatingExpenses": 51663000, "totalOperatingExpenses": 947616000, "operatingIncome": 13604000, "totalOtherIncomeExpenseNet": -11767000, "ebit": 13604000, "interestExpense": -28705000, "incomeBeforeTax": 1837000, "incomeTaxExpense": 800000, "minorityInterest": {}, "netIncomeFromContinuingOps": 1037000, "discontinuedOperations": {}, "extraordinaryItems": {}, "effectOfAccountingCharges": {}, "otherItems": {}, "netIncome": 1037000, "netIncomeApplicableToCommonShares": 1037000}, {"maxAge": 1, "endDate": "2019-03-31", "totalRevenue": 1056948000, "costOfRevenue": 919792000, "grossProfit": 137156000, "researchDevelopment": {}, "sellingGeneralAdministrative": 40563000, "nonRecurring": {}, "otherOperatingExpenses": 47517000, "totalOperatingExpenses": 1061258000, "operatingIncome": -4310000, "totalOtherIncomeExpenseNet": -914000, "ebit": -4310000, "interestExpense": -26182000, "incomeBeforeTax": -5224000, "incomeTaxExpense": -1428000, "minorityInterest": {}, "netIncomeFromContinuingOps": -3796000, "discontinuedOperations": {}, "extraordinaryItems": {}, "effectOfAccountingCharges": {}, "otherItems": {}, "netIncome": -3796000, "netIncomeApplicableToCommonShares": -3796000}, {"maxAge": 1, "endDate": "2018-03-31", "totalRevenue": 879057000, "costOfRevenue": 746370000, "grossProfit": 132687000, "researchDevelopment": {}, "sellingGeneralAdministrative": 42417000, "nonRecurring": {}, "otherOperatingExpenses": 49520000, "totalOperatingExpenses": 903378000, "operatingIncome": -24321000, "totalOtherIncomeExpenseNet": 4296000, "ebit": -24321000, "interestExpense": -27939000, "incomeBeforeTax": -20025000, "incomeTaxExpense": -12326000, "minorityInterest": {}, "netIncomeFromContinuingOps": -7699000, "discontinuedOperations": {}, "extraordinaryItems": {}, "effectOfAccountingCharges": {}, "otherItems": {}, "netIncome": -7699000, "netIncomeApplicableToCommonShares": -7699000}, {"maxAge": 1, "endDate": "2017-03-31", "totalRevenue": 899150000, "costOfRevenue": 722621000, "grossProfit": 176529000, "researchDevelopment": {}, "sellingGeneralAdministrative": 54430000, "nonRecurring": {}, "otherOperatingExpenses": 56526000, "totalOperatingExpenses": 900591000, "operatingIncome": -1441000, "totalOtherIncomeExpenseNet": -19884000, "ebit": -1441000, "interestExpense": -35764000, "incomeBeforeTax": -21325000, "incomeTaxExpense": -3598000, "minorityInterest": {}, "netIncomeFromContinuingOps": -17727000, "discontinuedOperations": {}, "extraordinaryItems": {}, "effectOfAccountingCharges": {}, "otherItems": {}, "netIncome": -17727000, "netIncomeApplicableToCommonShares": -17727000}], "maxAge": 86400}, "fundOwnership": {"maxAge": 1, "ownershipList": []}, "summaryDetail": {"maxAge": 1, "priceHint": 2, "previousClose": 200.0, "open": 218.0, "dayLow": 192.25, "dayHigh": 227.9, "regularMarketPreviousClose": 200.0, "regularMarketOpen": 218.0, "regularMarketDayLow": 192.25, "regularMarketDayHigh": 227.9, "trailingPE": 94.67699, "volume": 489, "regularMarketVolume": 489, "averageVolume": 434, "averageVolume10days": 344, "averageDailyVolume10Day": 344, "bid": 196.1, "ask": 207.95, "bidSize": 0, "askSize": 0, "marketCap": 374580000, "fiftyTwoWeekLow": 104.5, "fiftyTwoWeekHigh": 227.9, "fiftyDayAverage": 183.02206, "twoHundredDayAverage": 147.89706, "trailingAnnualDividendRate": 0.72, "trailingAnnualDividendYield": 0.0036000002, "currency": "INR", "fromCurrency": null, "toCurrency": null, "lastMarket": null, "algorithm": null, "tradeable": false}, "incomeStatementHistoryQuarterly": {"incomeStatementHistory": [{"maxAge": 1, "endDate": "2020-06-30", "totalRevenue": 177752000, "costOfRevenue": 148632000, "grossProfit": 29120000, "researchDevelopment": {}, "sellingGeneralAdministrative": {}, "nonRecurring": {}, "otherOperatingExpenses": 16887000, "totalOperatingExpenses": 173767000, "operatingIncome": 3985000, "totalOtherIncomeExpenseNet": 2204000, "ebit": 3985000, "interestExpense": -6745000, "incomeBeforeTax": 6189000, "incomeTaxExpense": 2678000, "minorityInterest": {}, "netIncomeFromContinuingOps": 3511000, "discontinuedOperations": {}, "extraordinaryItems": {}, "effectOfAccountingCharges": {}, "otherItems": {}, "netIncome": 3511000, "netIncomeApplicableToCommonShares": 3511000}, {"maxAge": 1, "endDate": "2020-03-31", "totalRevenue": 205602000, "costOfRevenue": 172107000, "grossProfit": 33495000, "researchDevelopment": {}, "sellingGeneralAdministrative": 14620000, "nonRecurring": {}, "otherOperatingExpenses": 7986000, "totalOperatingExpenses": 204079000, "operatingIncome": 1523000, "totalOtherIncomeExpenseNet": -4725000, "ebit": 1523000, "interestExpense": -8574000, "incomeBeforeTax": -3202000, "incomeTaxExpense": -241000, "minorityInterest": {}, "netIncomeFromContinuingOps": -2961000, "discontinuedOperations": {}, "extraordinaryItems": {}, "effectOfAccountingCharges": {}, "otherItems": {}, "netIncome": -2961000, "netIncomeApplicableToCommonShares": -2961000}, {"maxAge": 1, "endDate": "2019-12-31", "totalRevenue": 265137000, "costOfRevenue": 232554000, "grossProfit": 32583000, "researchDevelopment": {}, "sellingGeneralAdministrative": 14620000, "nonRecurring": {}, "otherOperatingExpenses": 14841000, "totalOperatingExpenses": 260351000, "operatingIncome": 4786000, "totalOtherIncomeExpenseNet": -2785000, "ebit": 4786000, "interestExpense": -6895000, "incomeBeforeTax": 2001000, "incomeTaxExpense": 201000, "minorityInterest": {}, "netIncomeFromContinuingOps": 1800000, "discontinuedOperations": {}, "extraordinaryItems": {}, "effectOfAccountingCharges": {}, "otherItems": {}, "netIncome": 1800000, "netIncomeApplicableToCommonShares": 1800000}, {"maxAge": 1, "endDate": "2019-09-30", "totalRevenue": 255924000, "costOfRevenue": 224708000, "grossProfit": 31216000, "researchDevelopment": {}, "sellingGeneralAdministrative": 14620000, "nonRecurring": {}, "otherOperatingExpenses": 15135000, "totalOperatingExpenses": 252460000, "operatingIncome": 3464000, "totalOtherIncomeExpenseNet": -1127000, "ebit": 3464000, "interestExpense": -6660000, "incomeBeforeTax": 2337000, "incomeTaxExpense": 774000, "minorityInterest": {}, "netIncomeFromContinuingOps": 1563000, "discontinuedOperations": {}, "extraordinaryItems": {}, "effectOfAccountingCharges": {}, "otherItems": {}, "netIncome": 1563000, "netIncomeApplicableToCommonShares": 1563000}], "maxAge": 86400}, "cashflowStatementHistoryQuarterly": {"cashflowStatements": [{"maxAge": 1, "endDate": "2020-06-30", "netIncome": 3511000, "changeToLiabilities": 0}, {"maxAge": 1, "endDate": "2020-03-31", "netIncome": -2961000, "changeToLiabilities": 0}, {"maxAge": 1, "endDate": "2019-12-31", "netIncome": 1800000, "changeToLiabilities": 0}, {"maxAge": 1, "endDate": "2019-09-30", "netIncome": 1563000, "changeToLiabilities": 0}], "maxAge": 86400}, "insiderHolders": {"holders": [{"maxAge": 1, "name": "Sudharsan Logistics Pvt Ltd", "relation": "Promoter", "url": "", "transactionDescription": "Purchase", "latestTransDate": "2019-03-28", "positionDirect": 496883, "positionDirectDate": "2019-03-28"}], "maxAge": 1}, "calendarEvents": {"maxAge": 1, "earnings": {"earningsDate": ["2020-09-14 05:30:S"]}}, "price": {"maxAge": 1, "regularMarketChangePercent": 0.04050003, "regularMarketChange": 8.100006, "regularMarketTime": "2021-04-30 15:26:21", "priceHint": 2, "regularMarketPrice": 208.1, "regularMarketDayHigh": 227.9, "regularMarketDayLow": 192.25, "regularMarketVolume": 489, "averageDailyVolume10Day": 344, "averageDailyVolume3Month": 434, "regularMarketPreviousClose": 200.0, "regularMarketSource": "FREE_REALTIME", "regularMarketOpen": 218.0, "exchange": "BSE", "exchangeName": "BSE", "exchangeDataDelayedBy": 0, "marketState": "CLOSED", "quoteType": "EQUITY", "symbol": "SANCTRN.BO", "underlyingSymbol": null, "shortName": "SANCO TRANS LTD.", "longName": "Sanco Trans Limited", "currency": "INR", "quoteSourceName": "Delayed Quote", "currencySymbol": "\u20b9", "fromCurrency": null, "toCurrency": null, "lastMarket": null, "marketCap": 374580000}, "balanceSheetHistory": {"balanceSheetStatements": [{"maxAge": 1, "endDate": "2020-03-31", "cash": 4707000, "shortTermInvestments": 27716000, "netReceivables": 266440000, "inventory": 940000, "otherCurrentAssets": 22182000, "totalCurrentAssets": 327247000, "longTermInvestments": 99000, "propertyPlantEquipment": 1042098000, "intangibleAssets": 507000, "otherAssets": 44895000, "totalAssets": 1414846000, "accountsPayable": 78778000, "shortLongTermDebt": 60938000, "otherCurrentLiab": 11108000, "longTermDebt": 64085000, "otherLiab": 21869000, "totalCurrentLiabilities": 378085000, "totalLiab": 484508000, "commonStock": 18000000, "retainedEarnings": 912338000, "totalStockholderEquity": 930338000, "netTangibleAssets": 929831000}, {"maxAge": 1, "endDate": "2019-03-31", "cash": 4970000, "shortTermInvestments": 26379000, "netReceivables": 280927000, "inventory": 1115000, "otherCurrentAssets": 16744000, "totalCurrentAssets": 333538000, "longTermInvestments": 1447000, "propertyPlantEquipment": 1055891000, "intangibleAssets": 1361000, "otherAssets": 84412000, "totalAssets": 1476649000, "accountsPayable": 80010000, "shortLongTermDebt": 32173000, "otherCurrentLiab": 15430000, "longTermDebt": 79374000, "otherLiab": 22961000, "totalCurrentLiabilities": 442629000, "totalLiab": 544964000, "commonStock": 18000000, "retainedEarnings": 913685000, "totalStockholderEquity": 931685000, "netTangibleAssets": 930324000}, {"maxAge": 1, "endDate": "2018-03-31", "cash": 13747000, "shortTermInvestments": 54438000, "netReceivables": 232007000, "inventory": 1048000, "otherCurrentAssets": 18819000, "totalCurrentAssets": 325277000, "longTermInvestments": 46000, "propertyPlantEquipment": 1085929000, "intangibleAssets": 1472000, "otherAssets": 116423000, "totalAssets": 1529147000, "accountsPayable": 96743000, "shortLongTermDebt": 69212000, "otherCurrentLiab": 29234000, "longTermDebt": 76627000, "otherLiab": 31069000, "totalCurrentLiabilities": 489319000, "totalLiab": 597015000, "commonStock": 18000000, "retainedEarnings": 914132000, "totalStockholderEquity": 932132000, "netTangibleAssets": 930660000}, {"maxAge": 1, "endDate": "2017-03-31", "cash": 25539000, "shortTermInvestments": 42627000, "netReceivables": 215387000, "inventory": 1301000, "otherCurrentAssets": 21632000, "totalCurrentAssets": 311099000, "longTermInvestments": 7978000, "propertyPlantEquipment": 1146877000, "intangibleAssets": 623000, "otherAssets": 106664000, "totalAssets": 1573241000, "accountsPayable": 92204000, "shortLongTermDebt": 73285000, "otherCurrentLiab": 27218000, "longTermDebt": 114871000, "otherLiab": 49721000, "totalCurrentLiabilities": 474970000, "totalLiab": 639562000, "commonStock": 18000000, "retainedEarnings": 915679000, "totalStockholderEquity": 933679000, "netTangibleAssets": 933056000}], "maxAge": 86400}, "financialData": {"maxAge": 86400, "currentPrice": 208.1, "recommendationKey": "none", "grossProfits": 127853000, "financialCurrency": "INR"}}}