{"SANCO.NS": {"assetProfile": {"address1": "D-161, Surajmal Vihar", "address2": "Near Karkadooma Court", "city": "Delhi", "zip": "110092", "country": "India", "phone": "91 11 4731 5500", "fax": "91 11 4731 5555", "website": "http://www.sancopipes.com", "industry": "Electrical Equipment & Parts", "sector": "Industrials", "longBusinessSummary": "Sanco Industries Limited, together with its subsidiaries, manufactures and trades in PVC resins and compounds, PVC pipes and profiles, wire and cables, and LED lights and panels in India and internationally. It offers PVC conduit pipes, PVC casings and capings, calcium carbonate, PVC insulation tapes, and copper wire rods. The company is also involved in the trade of PVC raw materials and metal products. It markets its products under the SATYAM, MARSHALL, SUPERPLAST, and SANCO brand names for use in various electrical, cable, and construction industries. Sanco Industries Limited was founded in 1986 and is based in New Delhi, India.", "fullTimeEmployees": 103, "companyOfficers": [{"maxAge": 1, "name": "Mr. Sanjay  Gupta", "age": 55, "title": "Chairman & MD", "yearBorn": 1965, "fiscalYear": 2020, "totalPay": 600000, "exercisedValue": 0, "unexercisedValue": 0}, {"maxAge": 1, "name": "Ms. Mansi  Gupta", "title": "Chief Financial Officer", "fiscalYear": 2020, "totalPay": 299925, "exercisedValue": 0, "unexercisedValue": 0}, {"maxAge": 1, "name": "Ms. Akriti  Mahajan", "title": "Compliance Officer & Company Sec.", "fiscalYear": 2020, "totalPay": 240000, "exercisedValue": 0, "unexercisedValue": 0}, {"maxAge": 1, "name": "Mr. Sidhant  Gupta", "age": 28, "title": "Whole Time Director", "yearBorn": 1992, "fiscalYear": 2020, "totalPay": 220500, "exercisedValue": 0, "unexercisedValue": 0}, {"maxAge": 1, "name": "Ms. Rita  Gupta", "age": 51, "title": "Whole Time Director", "yearBorn": 1969, "fiscalYear": 2020, "totalPay": 675150, "exercisedValue": 0, "unexercisedValue": 0}, {"maxAge": 1, "name": "Mr. Sunil  Kaushik", "age": 45, "title": "Accounts Mang.", "yearBorn": 1975, "exercisedValue": 0, "unexercisedValue": 0}, {"maxAge": 1, "name": "Mr. Randhir  Singh", "age": 50, "title": "Marketing Mang.", "yearBorn": 1970, "exercisedValue": 0, "unexercisedValue": 0}, {"maxAge": 1, "name": "Mr. Deepak  Gupta B.A., L.L.B.", "age": 63, "title": "Gen. Mang. Purchase", "yearBorn": 1957, "fiscalYear": 2017, "exercisedValue": 0, "unexercisedValue": 0}, {"maxAge": 1, "name": "Mr. Anurag  Gupta", "title": "Gen. Mang. Works", "exercisedValue": 0, "unexercisedValue": 0}, {"maxAge": 1, "name": "Mr. Rahul  Mittal", "age": 35, "title": "Assistant Director", "yearBorn": 1985, "fiscalYear": 2018, "exercisedValue": 0, "unexercisedValue": 0}], "compensationAsOfEpochDate": "2020-12-31 05:30:00", "maxAge": 86400}, "cashflowStatementHistory": {"cashflowStatements": [{"maxAge": 1, "endDate": "2020-03-31", "netIncome": 2916000, "depreciation": 5036000, "changeToNetincome": 12592000, "changeToLiabilities": 0, "changeToOperatingActivities": -1658000, "totalCashFromOperatingActivities": 18886000, "capitalExpenditures": -17000, "investments": 11533000, "otherCashflowsFromInvestingActivities": 1780000, "totalCashflowsFromInvestingActivities": 17511000, "netBorrowings": -542000, "otherCashflowsFromFinancingActivities": -19307000, "totalCashFromFinancingActivities": -19849000, "changeInCash": 16548000}, {"maxAge": 1, "endDate": "2019-03-31", "netIncome": 9317000, "depreciation": 6582000, "changeToNetincome": 69176000, "changeToLiabilities": 0, "changeToOperatingActivities": -137139000, "totalCashFromOperatingActivities": -52064000, "capitalExpenditures": -92000, "investments": 1022000, "otherCashflowsFromInvestingActivities": 317000, "totalCashflowsFromInvestingActivities": 4437000, "netBorrowings": -14939000, "otherCashflowsFromFinancingActivities": -65512000, "totalCashFromFinancingActivities": -80451000, "changeInCash": -128077000}, {"maxAge": 1, "endDate": "2018-03-31", "netIncome": 40723000, "depreciation": 7382000, "changeToNetincome": 82095000, "changeToLiabilities": 0, "changeToOperatingActivities": -145803000, "totalCashFromOperatingActivities": -13628000, "capitalExpenditures": -7962000, "investments": -5866000, "otherCashflowsFromInvestingActivities": 1095000, "totalCashflowsFromInvestingActivities": -12591000, "netBorrowings": 26752000, "otherCashflowsFromFinancingActivities": -67236000, "totalCashFromFinancingActivities": -40484000, "changeInCash": -66703000}, {"maxAge": 1, "endDate": "2017-03-31", "netIncome": 30427000, "depreciation": 7409000, "changeToNetincome": 51674000, "changeToAccountReceivables": -35254000, "changeToLiabilities": 27605000, "changeToInventory": -90445000, "changeToOperatingActivities": -8693000, "totalCashFromOperatingActivities": -14808000, "capitalExpenditures": -258000, "investments": 51179000, "otherCashflowsFromInvestingActivities": 1468000, "totalCashflowsFromInvestingActivities": 52389000, "netBorrowings": -19200000, "otherCashflowsFromFinancingActivities": -65772000, "totalCashFromFinancingActivities": -84972000, "changeInCash": -47391000}], "maxAge": 86400}, "institutionOwnership": {"ownershipList": [], "maxAge": 1}, "majorHoldersBreakdown": {"maxAge": 1}, "balanceSheetHistoryQuarterly": {"balanceSheetStatements": [{"maxAge": 1, "endDate": "2011-03-31", "cash": 2108000, "netReceivables": 120935000, "inventory": 77314000, "totalCurrentAssets": 200357000, "propertyPlantEquipment": 33253000, "otherAssets": 3533000, "totalAssets": 237143000, "otherCurrentLiab": 41168000, "longTermDebt": 91738000, "otherLiab": 631000, "deferredLongTermLiab": 3533000, "totalCurrentLiabilities": 41168000, "totalLiab": 133537000, "commonStock": 60000000, "retainedEarnings": 43606000, "totalStockholderEquity": 103606000, "netTangibleAssets": 103606000}, {"maxAge": 1, "endDate": "2010-12-31", "cash": 2108000, "netReceivables": 120935000, "inventory": 77314000, "totalCurrentAssets": 200357000, "propertyPlantEquipment": 33253000, "otherAssets": 3533000, "totalAssets": 237143000, "otherCurrentLiab": 41168000, "longTermDebt": 91738000, "otherLiab": 631000, "deferredLongTermLiab": 3533000, "totalCurrentLiabilities": 41168000, "totalLiab": 133537000, "commonStock": 60000000, "retainedEarnings": 43606000, "totalStockholderEquity": 103606000, "netTangibleAssets": 103606000}, {"maxAge": 1, "endDate": "2010-09-30", "cash": 2533000, "netReceivables": 168033000, "inventory": 52949000, "totalCurrentAssets": 223515000, "propertyPlantEquipment": 31373000, "totalAssets": 254888000, "otherCurrentLiab": 22298000, "longTermDebt": 65360000, "otherLiab": 621000, "totalCurrentLiabilities": 89126000, "totalLiab": 155107000, "commonStock": 60000000, "retainedEarnings": 39781000, "totalStockholderEquity": 99781000, "netTangibleAssets": 99781000}, {"maxAge": 1, "endDate": "2010-06-30", "cash": 2533000, "netReceivables": 168033000, "inventory": 52949000, "totalCurrentAssets": 223515000, "propertyPlantEquipment": 31373000, "totalAssets": 254888000, "otherCurrentLiab": 22298000, "longTermDebt": 65360000, "otherLiab": 621000, "totalCurrentLiabilities": 89126000, "totalLiab": 155107000, "commonStock": 60000000, "retainedEarnings": 39781000, "totalStockholderEquity": 99781000, "netTangibleAssets": 99781000}], "maxAge": 86400}, "indexTrend": {"maxAge": 1, "symbol": "SP5", "peRatio": 19.7411, "pegRatio": 1.34172, "estimates": [{"period": "0q", "growth": 0.549}, {"period": "+1q", "growth": 0.431}, {"period": "0y", "growth": 0.305}, {"period": "+1y", "growth": 0.109}, {"period": "+5y", "growth": 0.120865}, {"period": "-5y"}]}, "defaultKeyStatistics": {"maxAge": 1, "priceHint": 2, "enterpriseValue": 178586592, "profitMargins": 0.0074699996, "floatShares": 5196711, "sharesOutstanding": 10284000, "beta": 0.560555, "category": null, "bookValue": 35.299, "priceToBook": 0.24504943, "fundFamily": null, "legalType": null, "lastFiscalYearEnd": "2020-03-31 05:30:00", "nextFiscalYearEnd": "2022-03-31 05:30:00", "mostRecentQuarter": "2011-03-31 05:30:00", "netIncomeToCommon": 2916000, "trailingEps": 0.28, "lastSplitFactor": "6:5", "lastSplitDate": "2016-08-10 05:30:00", "enterpriseToRevenue": 0.457, "enterpriseToEbitda": 6.531}, "summaryProfile": {"address1": "D-161, Surajmal Vihar", "address2": "Near Karkadooma Court", "city": "Delhi", "zip": "110092", "country": "India", "phone": "91 11 4731 5500", "fax": "91 11 4731 5555", "website": "http://www.sancopipes.com", "industry": "Electrical Equipment & Parts", "sector": "Industrials", "longBusinessSummary": "Sanco Industries Limited, together with its subsidiaries, manufactures and trades in PVC resins and compounds, PVC pipes and profiles, wire and cables, and LED lights and panels in India and internationally. It offers PVC conduit pipes, PVC casings and capings, calcium carbonate, PVC insulation tapes, and copper wire rods. The company is also involved in the trade of PVC raw materials and metal products. It markets its products under the SATYAM, MARSHALL, SUPERPLAST, and SANCO brand names for use in various electrical, cable, and construction industries. Sanco Industries Limited was founded in 1986 and is based in New Delhi, India.", "fullTimeEmployees": 103, "companyOfficers": [], "maxAge": 86400}, "netSharePurchaseActivity": {"maxAge": 1, "period": "6m", "buyInfoCount": 0, "buyInfoShares": 0, "sellInfoCount": 0, "netInfoCount": 0, "netInfoShares": 0, "totalInsiderShares": 0}, "quoteType": {"exchange": "NSI", "quoteType": "EQUITY", "symbol": "SANCO.NS", "underlyingSymbol": "SANCO.NS", "shortName": "SANCO IND LIMITED", "longName": "Sanco Industries Limited", "firstTradeDateEpochUtc": "2015-12-07 09:15:00", "timeZoneFullName": "Asia/Kolkata", "timeZoneShortName": "IST", "uuid": "6d98f633-eedf-3449-bf00-f3b890c91d1f", "gmtOffSetMilliseconds": 19800000, "maxAge": 1}, "incomeStatementHistory": {"incomeStatementHistory": [{"maxAge": 1, "endDate": "2020-03-31", "totalRevenue": 390515000, "costOfRevenue": 329774000, "grossProfit": 60741000, "researchDevelopment": {}, "sellingGeneralAdministrative": 13975000, "nonRecurring": {}, "otherOperatingExpenses": 19420000, "totalOperatingExpenses": 368205000, "operatingIncome": 22310000, "totalOtherIncomeExpenseNet": -19347000, "ebit": 22310000, "interestExpense": -19346000, "incomeBeforeTax": 2963000, "incomeTaxExpense": 47000, "minorityInterest": {}, "netIncomeFromContinuingOps": 2916000, "discontinuedOperations": {}, "extraordinaryItems": {}, "effectOfAccountingCharges": {}, "otherItems": {}, "netIncome": 2916000, "netIncomeApplicableToCommonShares": 2916000}, {"maxAge": 1, "endDate": "2019-03-31", "totalRevenue": 1124378000, "costOfRevenue": 994496000, "grossProfit": 129882000, "researchDevelopment": {}, "sellingGeneralAdministrative": 18957000, "nonRecurring": {}, "otherOperatingExpenses": 26546000, "totalOperatingExpenses": 1046581000, "operatingIncome": 77797000, "totalOtherIncomeExpenseNet": -64191000, "ebit": 77797000, "interestExpense": -65512000, "incomeBeforeTax": 13606000, "incomeTaxExpense": 4289000, "minorityInterest": {}, "netIncomeFromContinuingOps": 9317000, "discontinuedOperations": {}, "extraordinaryItems": {}, "effectOfAccountingCharges": {}, "otherItems": {}, "netIncome": 9317000, "netIncomeApplicableToCommonShares": 9317000}, {"maxAge": 1, "endDate": "2018-03-31", "totalRevenue": 1720858000, "costOfRevenue": 1531764000, "grossProfit": 189094000, "researchDevelopment": {}, "sellingGeneralAdministrative": 24631000, "nonRecurring": {}, "otherOperatingExpenses": 32398000, "totalOperatingExpenses": 1598150000, "operatingIncome": 122708000, "totalOtherIncomeExpenseNet": -63563000, "ebit": 122708000, "interestExpense": -60722000, "incomeBeforeTax": 59145000, "incomeTaxExpense": 18422000, "minorityInterest": {}, "netIncomeFromContinuingOps": 40723000, "discontinuedOperations": {}, "extraordinaryItems": {}, "effectOfAccountingCharges": {}, "otherItems": {}, "netIncome": 40723000, "netIncomeApplicableToCommonShares": 40723000}, {"maxAge": 1, "endDate": "2017-03-31", "totalRevenue": 1085477000, "costOfRevenue": 929363000, "grossProfit": 156114000, "researchDevelopment": {}, "sellingGeneralAdministrative": 24323000, "nonRecurring": {}, "otherOperatingExpenses": 29863000, "totalOperatingExpenses": 993427000, "operatingIncome": 92050000, "totalOtherIncomeExpenseNet": -50953000, "ebit": 92050000, "interestExpense": -58180000, "incomeBeforeTax": 41097000, "incomeTaxExpense": 10670000, "minorityInterest": {}, "netIncomeFromContinuingOps": 30427000, "discontinuedOperations": {}, "extraordinaryItems": {}, "effectOfAccountingCharges": {}, "otherItems": {}, "netIncome": 30427000, "netIncomeApplicableToCommonShares": 30427000}], "maxAge": 86400}, "fundOwnership": {"ownershipList": [], "maxAge": 1}, "summaryDetail": {"maxAge": 1, "priceHint": 2, "previousClose": 8.7, "open": 8.55, "dayLow": 8.55, "dayHigh": 8.8, "regularMarketPreviousClose": 8.7, "regularMarketOpen": 8.55, "regularMarketDayLow": 8.55, "regularMarketDayHigh": 8.8, "payoutRatio": 0.0, "beta": 0.560555, "trailingPE": 30.892857, "volume": 48746, "regularMarketVolume": 48746, "averageVolume": 407440, "averageVolume10days": 53358, "averageDailyVolume10Day": 53358, "bid": 0.0, "ask": 0.0, "bidSize": 0, "askSize": 0, "marketCap": 88956600, "fiftyTwoWeekLow": 6.3, "fiftyTwoWeekHigh": 21.5, "priceToSalesTrailing12Months": 0.22779304, "fiftyDayAverage": 10.604412, "twoHundredDayAverage": 13.709575, "currency": "INR", "fromCurrency": null, "lastMarket": null, "algorithm": null, "tradeable": false}, "incomeStatementHistoryQuarterly": {"incomeStatementHistory": [{"maxAge": 1, "endDate": "2011-03-31", "totalRevenue": 52018500, "costOfRevenue": 43056000, "grossProfit": 8962500, "researchDevelopment": {}, "sellingGeneralAdministrative": 2884000, "nonRecurring": {}, "otherOperatingExpenses": -510000, "totalOperatingExpenses": 46493000, "operatingIncome": 5525500, "totalOtherIncomeExpenseNet": -3130500, "ebit": 5525500, "interestExpense": -2830500, "incomeBeforeTax": 2395000, "incomeTaxExpense": 482500, "minorityInterest": {}, "netIncomeFromContinuingOps": 1912500, "discontinuedOperations": {}, "extraordinaryItems": {}, "effectOfAccountingCharges": {}, "otherItems": {}, "netIncome": 1912500, "netIncomeApplicableToCommonShares": 1912500}, {"maxAge": 1, "endDate": "2010-12-31", "totalRevenue": 52018500, "costOfRevenue": 43056000, "grossProfit": 8962500, "researchDevelopment": {}, "sellingGeneralAdministrative": 2884000, "nonRecurring": {}, "otherOperatingExpenses": -510000, "totalOperatingExpenses": 46493000, "operatingIncome": 5525500, "totalOtherIncomeExpenseNet": -3130500, "ebit": 5525500, "interestExpense": -2830500, "incomeBeforeTax": 2395000, "incomeTaxExpense": 482500, "minorityInterest": {}, "netIncomeFromContinuingOps": 1912500, "discontinuedOperations": {}, "extraordinaryItems": {}, "effectOfAccountingCharges": {}, "otherItems": {}, "netIncome": 1912500, "netIncomeApplicableToCommonShares": 1912500}, {"maxAge": 1, "endDate": "2010-09-30", "totalRevenue": 132011000, "costOfRevenue": 112924000, "grossProfit": 19087000, "researchDevelopment": {}, "sellingGeneralAdministrative": 4125000, "nonRecurring": {}, "otherOperatingExpenses": -21000, "totalOperatingExpenses": 118003000, "operatingIncome": 14008000, "totalOtherIncomeExpenseNet": -3382500, "ebit": 14008000, "interestExpense": -3730500, "incomeBeforeTax": 10625500, "incomeTaxExpense": 2139000, "minorityInterest": {}, "netIncomeFromContinuingOps": 8486500, "discontinuedOperations": {}, "extraordinaryItems": {}, "effectOfAccountingCharges": {}, "otherItems": {}, "netIncome": 8486500, "netIncomeApplicableToCommonShares": 8486500}, {"maxAge": 1, "endDate": "2010-06-30", "totalRevenue": 132011000, "costOfRevenue": 112924000, "grossProfit": 19087000, "researchDevelopment": {}, "sellingGeneralAdministrative": 4125000, "nonRecurring": {}, "otherOperatingExpenses": -21000, "totalOperatingExpenses": 118003000, "operatingIncome": 14008000, "totalOtherIncomeExpenseNet": -3382500, "ebit": 14008000, "interestExpense": -3730500, "incomeBeforeTax": 10625500, "incomeTaxExpense": 2139000, "minorityInterest": {}, "netIncomeFromContinuingOps": 8486500, "discontinuedOperations": {}, "extraordinaryItems": {}, "effectOfAccountingCharges": {}, "otherItems": {}, "netIncome": 8486500, "netIncomeApplicableToCommonShares": 8486500}], "maxAge": 86400}, "cashflowStatementHistoryQuarterly": {"cashflowStatements": [{"maxAge": 1, "endDate": "2011-03-31", "netIncome": 1912500, "changeToLiabilities": 0}, {"maxAge": 1, "endDate": "2010-12-31", "netIncome": 1912500, "changeToLiabilities": 0}, {"maxAge": 1, "endDate": "2010-09-30", "netIncome": 8486500, "depreciation": 974500, "changeToNetincome": 4183000, "changeToAccountReceivables": 4389500, "changeToLiabilities": -5584000, "changeToInventory": -4417500, "changeToOperatingActivities": -5723500, "totalCashFromOperatingActivities": 2308500, "capitalExpenditures": -1945000, "totalCashflowsFromInvestingActivities": -1945000, "netBorrowings": 4105000, "otherCashflowsFromFinancingActivities": -3730500, "totalCashFromFinancingActivities": 374500, "changeInCash": 738000}, {"maxAge": 1, "endDate": "2010-06-30", "netIncome": 8486500, "depreciation": 974500, "changeToNetincome": 4183000, "changeToAccountReceivables": 4389500, "changeToLiabilities": -5584000, "changeToInventory": -4417500, "changeToOperatingActivities": -5723500, "totalCashFromOperatingActivities": 2308500, "capitalExpenditures": -1945000, "totalCashflowsFromInvestingActivities": -1945000, "netBorrowings": 4105000, "otherCashflowsFromFinancingActivities": -3730500, "totalCashFromFinancingActivities": 374500, "changeInCash": 738000}], "maxAge": 86400}, "insiderHolders": {"holders": [], "maxAge": 1}, "calendarEvents": {"maxAge": 1, "earnings": {"earningsDate": ["2020-08-24 05:30:S"]}}, "upgradeDowngradeHistory": {"history": [], "maxAge": 86400}, "price": {"maxAge": 1, "regularMarketChangePercent": -0.0057471483, "regularMarketChange": -0.05000019, "regularMarketTime": "2021-04-30 15:28:19", "priceHint": 2, "regularMarketPrice": 8.65, "regularMarketDayHigh": 8.8, "regularMarketDayLow": 8.55, "regularMarketVolume": 48746, "averageDailyVolume10Day": 53358, "averageDailyVolume3Month": 407440, "regularMarketPreviousClose": 8.7, "regularMarketSource": "FREE_REALTIME", "regularMarketOpen": 8.55, "exchange": "NSI", "exchangeName": "NSE", "exchangeDataDelayedBy": 15, "marketState": "CLOSED", "quoteType": "EQUITY", "symbol": "SANCO.NS", "underlyingSymbol": null, "shortName": "SANCO IND LIMITED", "longName": "Sanco Industries Limited", "currency": "INR", "quoteSourceName": "Delayed Quote", "currencySymbol": "\u20b9", "fromCurrency": null, "lastMarket": null, "marketCap": 88956600}, "balanceSheetHistory": {"balanceSheetStatements": [{"maxAge": 1, "endDate": "2020-03-31", "cash": 8822000, "shortTermInvestments": 147151000, "netReceivables": 357719000, "inventory": 424273000, "otherCurrentAssets": 4499000, "totalCurrentAssets": 942508000, "longTermInvestments": 19118000, "propertyPlantEquipment": 22413000, "intangibleAssets": 299000, "otherAssets": 256027000, "deferredLongTermAssetCharges": 1548000, "totalAssets": 1240365000, "accountsPayable": 237712000, "shortLongTermDebt": 5217000, "otherCurrentLiab": 16630000, "longTermDebt": 120550000, "otherLiab": 29154000, "totalCurrentLiabilities": 727645000, "totalLiab": 877349000, "commonStock": 102840000, "retainedEarnings": 249604000, "treasuryStock": 5112000, "capitalSurplus": 5460000, "otherStockholderEquity": 5112000, "totalStockholderEquity": 363016000, "netTangibleAssets": 362717000}, {"maxAge": 1, "endDate": "2019-03-31", "cash": 4725000, "shortTermInvestments": 218000, "netReceivables": 454486000, "inventory": 386116000, "otherCurrentAssets": 151572000, "totalCurrentAssets": 997326000, "longTermInvestments": 15881000, "propertyPlantEquipment": 27523000, "intangibleAssets": 299000, "otherAssets": 211808000, "deferredLongTermAssetCharges": 1267000, "totalAssets": 1252837000, "accountsPayable": 228326000, "shortLongTermDebt": 8441000, "otherCurrentLiab": 31745000, "longTermDebt": 121524000, "otherLiab": 30096000, "totalCurrentLiabilities": 743431000, "totalLiab": 895051000, "commonStock": 102840000, "retainedEarnings": 246688000, "treasuryStock": 2798000, "capitalSurplus": 5460000, "otherStockholderEquity": 2798000, "totalStockholderEquity": 357786000, "netTangibleAssets": 357487000}, {"maxAge": 1, "endDate": "2018-03-31", "cash": 3486000, "shortTermInvestments": 13724000, "netReceivables": 760741000, "inventory": 378749000, "otherCurrentAssets": 83562000, "totalCurrentAssets": 1241876000, "longTermInvestments": 16634000, "propertyPlantEquipment": 33869000, "intangibleAssets": 300000, "otherAssets": 143988000, "deferredLongTermAssetCharges": 1401000, "totalAssets": 1436667000, "accountsPayable": 536991000, "shortLongTermDebt": 17775000, "otherCurrentLiab": 41419000, "longTermDebt": 121523000, "otherLiab": 2184000, "totalCurrentLiabilities": 967000000, "totalLiab": 1090707000, "commonStock": 102840000, "retainedEarnings": 237371000, "treasuryStock": 289000, "capitalSurplus": 5460000, "otherStockholderEquity": 289000, "totalStockholderEquity": 345960000, "netTangibleAssets": 345660000}, {"maxAge": 1, "endDate": "2017-03-31", "cash": 5748000, "shortTermInvestments": 16180000, "netReceivables": 544334000, "inventory": 221763000, "otherCurrentAssets": 70749000, "totalCurrentAssets": 858884000, "longTermInvestments": 10894000, "propertyPlantEquipment": 33082000, "goodWill": 119000, "intangibleAssets": 302000, "otherAssets": 78822000, "deferredLongTermAssetCharges": 1580000, "totalAssets": 982103000, "accountsPayable": 225162000, "shortLongTermDebt": 19576000, "otherCurrentLiab": 24741000, "longTermDebt": 43229000, "otherLiab": 1664000, "deferredLongTermLiab": 1974000, "totalCurrentLiabilities": 631996000, "totalLiab": 676889000, "commonStock": 102840000, "retainedEarnings": 196646000, "treasuryStock": 268000, "capitalSurplus": 5460000, "otherStockholderEquity": 268000, "totalStockholderEquity": 305214000, "netTangibleAssets": 304793000}], "maxAge": 86400}, "financialData": {"maxAge": 86400, "currentPrice": 8.65, "recommendationKey": "none", "totalCash": 2108000, "totalCashPerShare": 0.205, "ebitda": 27346000, "totalDebt": 91738000, "quickRatio": 0.706, "currentRatio": 1.295, "totalRevenue": 390515008, "debtToEquity": 88.545, "revenuePerShare": 37.973, "returnOnAssets": 0.01119, "returnOnEquity": 0.008090001, "grossProfits": 60741000, "freeCashflow": 209159504, "operatingCashflow": 18886000, "grossMargins": 0.15554, "ebitdaMargins": 0.07003, "operatingMargins": 0.057129998, "profitMargins": 0.0074699996, "financialCurrency": "INR"}}}