{"SANDESH.NS": {"assetProfile": {"address1": "Sandesh Bhavan", "address2": "Lad Society Road B/h. Vastrapur Gam PO Bodakdev", "city": "Ahmedabad", "zip": "380054", "country": "India", "phone": "91 79 4000 4319", "fax": "91 79 4000 4242", "website": "http://sandesh.com", "industry": "Publishing", "sector": "Communication Services", "longBusinessSummary": "The Sandesh Limited engages in editing, printing, and publishing newspapers and periodicals in India. It publishes SANDESH, a premier Gujarati daily newspaper; and Sandesh Pratyaksha Panchang, a periodical. The company also operates Sandesh News, a Gujarati news channel; Spotlight, an out of home media solution; and a Gujarati news app. The Sandesh Limited was founded in 1923 and is based in Ahmedabad, India.", "fullTimeEmployees": 491, "companyOfficers": [{"maxAge": 1, "name": "Mr. Falgunbhai Chimanbhai Patel", "age": 64, "title": "Chairman & MD", "yearBorn": 1956, "fiscalYear": 2020, "totalPay": 34500000, "exercisedValue": 0, "unexercisedValue": 0}, {"maxAge": 1, "name": "Mr. Parthivbhai Falgunbhai Patel", "age": 38, "title": "MD & Exec. Director", "yearBorn": 1982, "fiscalYear": 2020, "totalPay": 34500000, "exercisedValue": 0, "unexercisedValue": 0}, {"maxAge": 1, "name": "Mr. Sanjay Kumar Tandon", "age": 60, "title": "CFO & Whole Time Director", "yearBorn": 1960, "fiscalYear": 2020, "totalPay": 3124000, "exercisedValue": 0, "unexercisedValue": 0}, {"maxAge": 1, "name": "Mr. Dhaval M. Pandya", "title": "Compliance Officer & Company Sec.", "fiscalYear": 2020, "totalPay": 1834000, "exercisedValue": 0, "unexercisedValue": 0}], "compensationAsOfEpochDate": "2020-12-31 05:30:00", "maxAge": 86400}, "recommendationTrend": {"trend": [{"period": "0m", "strongBuy": 0, "buy": 0, "hold": 0, "sell": 0, "strongSell": 0}, {"period": "-1m", "strongBuy": 0, "buy": 1, "hold": 0, "sell": 0, "strongSell": 0}, {"period": "-2m", "strongBuy": 0, "buy": 2, "hold": 0, "sell": 0, "strongSell": 0}, {"period": "-3m", "strongBuy": 0, "buy": 1, "hold": 0, "sell": 0, "strongSell": 0}], "maxAge": 86400}, "cashflowStatementHistory": {"cashflowStatements": [{"maxAge": 1, "endDate": "2020-03-31", "netIncome": 610998000, "depreciation": 78592000, "changeToNetincome": -219728000, "changeToAccountReceivables": 60560000, "changeToLiabilities": -76927000, "changeToInventory": 13656000, "changeToOperatingActivities": -1363203000, "totalCashFromOperatingActivities": -896052000, "capitalExpenditures": -18675000, "investments": 877114000, "otherCashflowsFromInvestingActivities": 20000, "totalCashflowsFromInvestingActivities": 849376000, "dividendsPaid": -45627000, "netBorrowings": -2709000, "otherCashflowsFromFinancingActivities": -297000, "totalCashFromFinancingActivities": -48633000, "changeInCash": -95307000}, {"maxAge": 1, "endDate": "2019-03-31", "netIncome": 648088000, "depreciation": 88524000, "changeToNetincome": -102003000, "changeToAccountReceivables": -30003000, "changeToLiabilities": -94691000, "changeToInventory": 194284000, "changeToOperatingActivities": -220736000, "totalCashFromOperatingActivities": 483489000, "capitalExpenditures": -37396000, "investments": -984428000, "otherCashflowsFromInvestingActivities": 19000, "totalCashflowsFromInvestingActivities": -1021657000, "dividendsPaid": -45627000, "netBorrowings": -297000, "otherCashflowsFromFinancingActivities": -23000, "totalCashFromFinancingActivities": -45947000, "changeInCash": -584116000}, {"maxAge": 1, "endDate": "2018-03-31", "netIncome": 828418000, "depreciation": 84939000, "changeToNetincome": -37894000, "changeToAccountReceivables": -50458000, "changeToLiabilities": -79464000, "changeToInventory": -5343000, "changeToOperatingActivities": 38734000, "totalCashFromOperatingActivities": 779043000, "capitalExpenditures": -98029000, "investments": -1003099000, "otherCashflowsFromInvestingActivities": 21000, "totalCashflowsFromInvestingActivities": -1097926000, "dividendsPaid": -45552000, "netBorrowings": -16155000, "otherCashflowsFromFinancingActivities": -4031000, "totalCashFromFinancingActivities": -65738000, "changeInCash": -384621000}, {"maxAge": 1, "endDate": "2017-03-31", "netIncome": 728051000, "depreciation": 77088000, "changeToNetincome": -44669000, "changeToAccountReceivables": -50637000, "changeToLiabilities": 58360000, "changeToInventory": -202430000, "changeToOperatingActivities": 416653000, "totalCashFromOperatingActivities": 982758000, "capitalExpenditures": -194748000, "investments": -159410000, "otherCashflowsFromInvestingActivities": 12000, "totalCashflowsFromInvestingActivities": -326259000, "dividendsPaid": -45550000, "netBorrowings": -122600000, "otherCashflowsFromFinancingActivities": -4031000, "totalCashFromFinancingActivities": -168150000, "changeInCash": 488349000}], "maxAge": 86400}, "indexTrend": {"maxAge": 1, "symbol": "SP5", "peRatio": 19.7411, "pegRatio": 1.34172, "estimates": [{"period": "0q", "growth": 0.549}, {"period": "+1q", "growth": 0.431}, {"period": "0y", "growth": 0.305}, {"period": "+1y", "growth": 0.109}, {"period": "+5y", "growth": 0.120865}, {"period": "-5y"}]}, "defaultKeyStatistics": {"maxAge": 1, "priceHint": 2, "enterpriseValue": 3178439680, "profitMargins": 0.32037, "floatShares": 807920, "sharesOutstanding": 7569420, "heldPercentInsiders": 0.86356, "heldPercentInstitutions": 0.0, "beta": 0.244568, "category": null, "bookValue": 1098.592, "priceToBook": 0.5942151, "fundFamily": null, "legalType": null, "lastFiscalYearEnd": "2020-03-31 05:30:00", "nextFiscalYearEnd": "2022-03-31 05:30:00", "mostRecentQuarter": "2020-12-31 05:30:00", "earningsQuarterlyGrowth": 1.538, "netIncomeToCommon": 989126016, "trailingEps": 130.688, "forwardEps": 135.1, "lastSplitFactor": null, "enterpriseToRevenue": 1.029, "enterpriseToEbitda": 2.737}, "industryTrend": {"maxAge": 1, "symbol": null, "estimates": []}, "quoteType": {"exchange": "NSI", "quoteType": "EQUITY", "symbol": "SANDESH.NS", "underlyingSymbol": "SANDESH.NS", "shortName": "SANDESH", "longName": "The Sandesh Limited", "firstTradeDateEpochUtc": "2002-07-01 09:15:00", "timeZoneFullName": "Asia/Kolkata", "timeZoneShortName": "IST", "uuid": "c78ead77-c38c-3e7a-93f6-68b7fcb8edf6", "gmtOffSetMilliseconds": 19800000, "maxAge": 1}, "incomeStatementHistory": {"incomeStatementHistory": [{"maxAge": 1, "endDate": "2020-03-31", "totalRevenue": 3548423000, "costOfRevenue": 1626672000, "grossProfit": 1921751000, "researchDevelopment": {}, "sellingGeneralAdministrative": {}, "nonRecurring": {}, "otherOperatingExpenses": 1099410000, "totalOperatingExpenses": 2804674000, "operatingIncome": 743749000, "totalOtherIncomeExpenseNet": 25489000, "ebit": 743749000, "interestExpense": -4170000, "incomeBeforeTax": 769238000, "incomeTaxExpense": 158240000, "minorityInterest": {}, "netIncomeFromContinuingOps": 610998000, "discontinuedOperations": {}, "extraordinaryItems": {}, "effectOfAccountingCharges": {}, "otherItems": {}, "netIncome": 610998000, "netIncomeApplicableToCommonShares": 610998000}, {"maxAge": 1, "endDate": "2019-03-31", "totalRevenue": 4389416000, "costOfRevenue": 2193222000, "grossProfit": 2196194000, "researchDevelopment": {}, "sellingGeneralAdministrative": {}, "nonRecurring": {}, "otherOperatingExpenses": 1117279000, "totalOperatingExpenses": 3399051000, "operatingIncome": 990365000, "totalOtherIncomeExpenseNet": 2597000, "ebit": 990365000, "interestExpense": -4137000, "incomeBeforeTax": 992962000, "incomeTaxExpense": 344874000, "minorityInterest": {}, "netIncomeFromContinuingOps": 648088000, "discontinuedOperations": {}, "extraordinaryItems": {}, "effectOfAccountingCharges": {}, "otherItems": {}, "netIncome": 648088000, "netIncomeApplicableToCommonShares": 648088000}, {"maxAge": 1, "endDate": "2018-03-31", "totalRevenue": 3906361000, "costOfRevenue": 1608564000, "grossProfit": 2297797000, "researchDevelopment": {}, "sellingGeneralAdministrative": {}, "nonRecurring": {}, "otherOperatingExpenses": 972527000, "totalOperatingExpenses": 2666141000, "operatingIncome": 1240220000, "totalOtherIncomeExpenseNet": 24493000, "ebit": 1240220000, "interestExpense": -4031000, "incomeBeforeTax": 1264713000, "incomeTaxExpense": 436295000, "minorityInterest": {}, "netIncomeFromContinuingOps": 828418000, "discontinuedOperations": {}, "extraordinaryItems": {}, "effectOfAccountingCharges": {}, "otherItems": {}, "netIncome": 828418000, "netIncomeApplicableToCommonShares": 828418000}, {"maxAge": 1, "endDate": "2017-03-31", "totalRevenue": 3692512000, "costOfRevenue": 1576221000, "grossProfit": 2116291000, "researchDevelopment": {}, "sellingGeneralAdministrative": {}, "nonRecurring": {}, "otherOperatingExpenses": 916689000, "totalOperatingExpenses": 2570340000, "operatingIncome": 1122172000, "totalOtherIncomeExpenseNet": 7469000, "ebit": 1122172000, "interestExpense": -10116000, "incomeBeforeTax": 1129641000, "incomeTaxExpense": 401590000, "minorityInterest": {}, "netIncomeFromContinuingOps": 728051000, "discontinuedOperations": {}, "extraordinaryItems": {}, "effectOfAccountingCharges": {}, "otherItems": {}, "netIncome": 728051000, "netIncomeApplicableToCommonShares": 728051000}], "maxAge": 86400}, "fundOwnership": {"ownershipList": [], "maxAge": 1}, "summaryDetail": {"maxAge": 1, "priceHint": 2, "previousClose": 657.85, "open": 655.55, "dayLow": 643.5, "dayHigh": 671.45, "regularMarketPreviousClose": 657.85, "regularMarketOpen": 655.55, "regularMarketDayLow": 643.5, "regularMarketDayHigh": 671.45, "dividendRate": 5.0, "dividendYield": 0.0076, "exDividendDate": "2021-02-17 05:30:00", "payoutRatio": 0.0383, "fiveYearAvgDividendYield": 0.69, "beta": 0.244568, "trailingPE": 4.9951024, "forwardPE": 4.831976, "volume": 1327, "regularMarketVolume": 1327, "averageVolume": 2479, "averageVolume10days": 1228, "averageDailyVolume10Day": 1228, "bid": 0.0, "ask": 0.0, "bidSize": 0, "askSize": 0, "marketCap": 4983005184, "fiftyTwoWeekLow": 426.5, "fiftyTwoWeekHigh": 827.0, "priceToSalesTrailing12Months": 1.6139476, "fiftyDayAverage": 692.83234, "twoHundredDayAverage": 605.7858, "trailingAnnualDividendRate": 5.0, "trailingAnnualDividendYield": 0.007600517, "currency": "INR", "fromCurrency": null, "lastMarket": null, "algorithm": null, "tradeable": false}, "insiderHolders": {"holders": [{"maxAge": 1, "name": "Bennett Coleman & Company Ltd", "relation": "Institution- Corporation", "url": "", "transactionDescription": "Sale", "latestTransDate": "2013-03-14", "positionDirect": 81575, "positionDirectDate": "2013-03-14"}, {"maxAge": 1, "name": "Divatia (Meghna Udit)", "relation": "UNREPORTED", "url": "", "transactionDescription": "Sale", "latestTransDate": "2017-01-27", "positionDirect": 0, "positionDirectDate": "2017-01-27"}, {"maxAge": 1, "name": "Pandya (Shreyas Vishnuprasad)", "relation": "Director (Non-Executive)", "url": "", "transactionDescription": "Sale", "latestTransDate": "2017-01-27", "positionDirect": 0, "positionDirectDate": "2017-01-27"}, {"maxAge": 1, "name": "Patel (Falgunbhai Chimanbhai)", "relation": "UNREPORTED", "url": "", "transactionDescription": "Sale", "latestTransDate": "2018-03-15", "positionDirect": 340850, "positionDirectDate": "2018-03-15"}, {"maxAge": 1, "name": "Patel (Parthiv Falgunbhai)", "relation": "UNREPORTED", "url": "", "transactionDescription": "Sale", "latestTransDate": "2017-03-09", "positionDirect": 995400, "positionDirectDate": "2017-03-09"}, {"maxAge": 1, "name": "Samdrusthi Investments Pvt Ltd", "relation": "Institution- Corporation", "url": "", "transactionDescription": "Sale", "latestTransDate": "2011-04-22", "positionDirect": 0, "positionDirectDate": "2011-04-22"}, {"maxAge": 1, "name": "Sandesh Patel Agencies Pvt Ltd", "relation": "Institution- Corporation", "url": "", "transactionDescription": "Acquisition", "latestTransDate": "2011-04-22", "positionDirect": 298857, "positionDirectDate": "2011-04-22"}, {"maxAge": 1, "name": "Satlon Enterprises Pvt Ltd", "relation": "Promoter", "url": "", "transactionDescription": "Other", "latestTransDate": "2016-12-12", "positionDirect": 0, "positionDirectDate": "2016-12-12"}, {"maxAge": 1, "name": "Satyesh Prochem LLP", "relation": "Promoter", "url": "", "transactionDescription": "Other", "latestTransDate": "2016-12-12", "positionDirect": 3165929, "positionDirectDate": "2016-12-12"}, {"maxAge": 1, "name": "Suvasshanti Investments Pvt Ltd", "relation": "Institution- Corporation", "url": "", "transactionDescription": "Sale", "latestTransDate": "2011-04-22", "positionDirect": 0, "positionDirectDate": "2011-04-22"}], "maxAge": 1}, "calendarEvents": {"maxAge": 1, "earnings": {"earningsDate": ["2017-12-11 05:30:S", "2017-12-15 05:30:S"]}, "exDividendDate": "2021-02-17 05:30:00"}, "upgradeDowngradeHistory": {"history": [], "maxAge": 86400}, "price": {"maxAge": 1, "regularMarketChangePercent": -0.0076765036, "regularMarketChange": -5.049988, "regularMarketTime": "2021-04-30 15:29:36", "priceHint": 2, "regularMarketPrice": 652.8, "regularMarketDayHigh": 671.45, "regularMarketDayLow": 643.5, "regularMarketVolume": 1327, "averageDailyVolume10Day": 1228, "averageDailyVolume3Month": 2479, "regularMarketPreviousClose": 657.85, "regularMarketSource": "FREE_REALTIME", "regularMarketOpen": 655.55, "exchange": "NSI", "exchangeName": "NSE", "exchangeDataDelayedBy": 15, "marketState": "CLOSED", "quoteType": "EQUITY", "symbol": "SANDESH.NS", "underlyingSymbol": null, "shortName": "SANDESH", "longName": "The Sandesh Limited", "currency": "INR", "quoteSourceName": "Delayed Quote", "currencySymbol": "\u20b9", "fromCurrency": null, "lastMarket": null, "marketCap": 4983005184}, "balanceSheetHistory": {"balanceSheetStatements": [{"maxAge": 1, "endDate": "2020-03-31", "cash": 145894000, "netReceivables": 2180486000, "inventory": 285728000, "otherCurrentAssets": 1994000, "totalCurrentAssets": 4564849000, "longTermInvestments": 2388062000, "propertyPlantEquipment": 713327000, "intangibleAssets": 20371000, "otherAssets": 732261000, "totalAssets": 8418870000, "accountsPayable": 63497000, "otherCurrentLiab": 412183000, "otherLiab": 53789000, "totalCurrentLiabilities": 495237000, "totalLiab": 549026000, "commonStock": 75694000, "retainedEarnings": 7662443000, "treasuryStock": 44000, "capitalSurplus": 131663000, "otherStockholderEquity": 44000, "totalStockholderEquity": 7869844000, "netTangibleAssets": 7849473000}, {"maxAge": 1, "endDate": "2019-03-31", "cash": 241201000, "shortTermInvestments": 2670890000, "netReceivables": 772403000, "inventory": 405798000, "otherCurrentAssets": 2092000, "totalCurrentAssets": 4163639000, "longTermInvestments": 2368398000, "propertyPlantEquipment": 771068000, "intangibleAssets": 25991000, "otherAssets": 674486000, "totalAssets": 8003582000, "accountsPayable": 122254000, "otherCurrentLiab": 437380000, "otherLiab": 121010000, "totalCurrentLiabilities": 578575000, "totalLiab": 699585000, "commonStock": 75694000, "retainedEarnings": 7096596000, "treasuryStock": 44000, "capitalSurplus": 131663000, "otherStockholderEquity": 44000, "totalStockholderEquity": 7303997000, "netTangibleAssets": 7278006000}, {"maxAge": 1, "endDate": "2018-03-31", "cash": 825317000, "netReceivables": 841090000, "inventory": 478209000, "otherCurrentAssets": 2754000, "totalCurrentAssets": 3772358000, "longTermInvestments": 2360041000, "propertyPlantEquipment": 820377000, "intangibleAssets": 29869000, "otherAssets": 595556000, "totalAssets": 7578201000, "accountsPayable": 174595000, "otherCurrentLiab": 616250000, "otherLiab": 69014000, "totalCurrentLiabilities": 809533000, "totalLiab": 878547000, "commonStock": 75694000, "retainedEarnings": 6492253000, "treasuryStock": 44000, "capitalSurplus": 131663000, "otherStockholderEquity": 44000, "totalStockholderEquity": 6699654000, "netTangibleAssets": 6669785000}, {"maxAge": 1, "endDate": "2017-03-31", "cash": 1209938000, "netReceivables": 675363000, "inventory": 623770000, "otherCurrentAssets": 11465000, "totalCurrentAssets": 3093166000, "longTermInvestments": 2339671000, "propertyPlantEquipment": 811958000, "intangibleAssets": 31341000, "otherAssets": 604553000, "totalAssets": 6880689000, "accountsPayable": 126838000, "otherCurrentLiab": 728465000, "otherLiab": 83700000, "totalCurrentLiabilities": 883285000, "totalLiab": 966985000, "commonStock": 75694000, "retainedEarnings": 5706303000, "treasuryStock": 44000, "capitalSurplus": 131663000, "otherStockholderEquity": 44000, "totalStockholderEquity": 5913704000, "netTangibleAssets": 5882363000}], "maxAge": 86400}, "earningsTrend": {"trend": [{"maxAge": 1, "period": "0q", "endDate": null, "growth": {}, "earningsEstimate": {"avg": 0.0, "low": 0.0, "high": 0.0, "yearAgoEps": {}, "numberOfAnalysts": 0, "growth": {}}, "revenueEstimate": {"avg": 0, "low": 0, "high": 0, "numberOfAnalysts": 0, "yearAgoRevenue": {}, "growth": {}}, "epsTrend": {"current": 0.0, "7daysAgo": 0.0, "30daysAgo": 0.0, "60daysAgo": 0.0, "90daysAgo": 0.0}, "epsRevisions": {"upLast7days": 0, "upLast30days": 0, "downLast30days": 0, "downLast90days": {}}}, {"maxAge": 1, "period": "+1q", "endDate": null, "growth": {}, "earningsEstimate": {"avg": 0.0, "low": 0.0, "high": 0.0, "yearAgoEps": {}, "numberOfAnalysts": 0, "growth": {}}, "revenueEstimate": {"avg": 0, "low": 0, "high": 0, "numberOfAnalysts": 0, "yearAgoRevenue": {}, "growth": {}}, "epsTrend": {"current": 0.0, "7daysAgo": 0.0, "30daysAgo": 0.0, "60daysAgo": 0.0, "90daysAgo": 0.0}, "epsRevisions": {"upLast7days": 0, "upLast30days": 0, "downLast30days": 0, "downLast90days": {}}}, {"maxAge": 1, "period": "0y", "endDate": null, "growth": {}, "earningsEstimate": {"avg": 0.0, "low": 0.0, "high": 0.0, "yearAgoEps": {}, "numberOfAnalysts": 0, "growth": {}}, "revenueEstimate": {"avg": 0, "low": 0, "high": 0, "numberOfAnalysts": 0, "yearAgoRevenue": {}, "growth": {}}, "epsTrend": {"current": 0.0, "7daysAgo": 0.0, "30daysAgo": 0.0, "60daysAgo": 0.0, "90daysAgo": 0.0}, "epsRevisions": {"upLast7days": 0, "upLast30days": 0, "downLast30days": 0, "downLast90days": {}}}, {"maxAge": 1, "period": "+1y", "endDate": null, "growth": {}, "earningsEstimate": {"avg": 0.0, "low": 0.0, "high": 0.0, "yearAgoEps": {}, "numberOfAnalysts": 0, "growth": {}}, "revenueEstimate": {"avg": 0, "low": 0, "high": 0, "numberOfAnalysts": 0, "yearAgoRevenue": {}, "growth": {}}, "epsTrend": {"current": 0.0, "7daysAgo": 0.0, "30daysAgo": 0.0, "60daysAgo": 0.0, "90daysAgo": 0.0}, "epsRevisions": {"upLast7days": 0, "upLast30days": 0, "downLast30days": 0, "downLast90days": {}}}, {"maxAge": 1, "period": "+5y", "endDate": null, "growth": 0.15, "earningsEstimate": {"avg": {}, "low": {}, "high": {}, "yearAgoEps": {}, "numberOfAnalysts": {}, "growth": {}}, "revenueEstimate": {"avg": {}, "low": {}, "high": {}, "numberOfAnalysts": {}, "yearAgoRevenue": {}, "growth": {}}, "epsTrend": {"current": {}, "7daysAgo": {}, "30daysAgo": {}, "60daysAgo": {}, "90daysAgo": {}}, "epsRevisions": {"upLast7days": {}, "upLast30days": {}, "downLast30days": {}, "downLast90days": {}}}, {"maxAge": 1, "period": "-5y", "endDate": null, "growth": 0.15965, "earningsEstimate": {"avg": {}, "low": {}, "high": {}, "yearAgoEps": {}, "numberOfAnalysts": {}, "growth": {}}, "revenueEstimate": {"avg": {}, "low": {}, "high": {}, "numberOfAnalysts": {}, "yearAgoRevenue": {}, "growth": {}}, "epsTrend": {"current": {}, "7daysAgo": {}, "30daysAgo": {}, "60daysAgo": {}, "90daysAgo": {}}, "epsRevisions": {"upLast7days": {}, "upLast30days": {}, "downLast30days": {}, "downLast90days": {}}}], "maxAge": 1}, "institutionOwnership": {"ownershipList": [], "maxAge": 1}, "majorHoldersBreakdown": {"maxAge": 1, "insidersPercentHeld": 0.86356, "institutionsPercentHeld": 0.0, "institutionsFloatPercentHeld": 0.0, "institutionsCount": 0}, "balanceSheetHistoryQuarterly": {"balanceSheetStatements": [{"maxAge": 1, "endDate": "2020-12-31", "totalStockholderEquity": 8316285000, "netTangibleAssets": 8299368000}, {"maxAge": 1, "endDate": "2020-09-30", "cash": 213672000, "shortTermInvestments": 1588184000, "netReceivables": 1861821000, "inventory": 717625000, "otherCurrentAssets": 85017000, "totalCurrentAssets": 4466319000, "longTermInvestments": 3106508000, "propertyPlantEquipment": 721196000, "intangibleAssets": 16917000, "otherAssets": 549566000, "totalAssets": 8860506000, "accountsPayable": 86212000, "otherCurrentLiab": 362985000, "otherLiab": 90479000, "totalCurrentLiabilities": 453742000, "totalLiab": 544221000, "commonStock": 75694000, "treasuryStock": 8240591000, "otherStockholderEquity": 8240591000, "totalStockholderEquity": 8316285000, "netTangibleAssets": 8299368000}, {"maxAge": 1, "endDate": "2020-06-30", "totalStockholderEquity": 7869844000, "netTangibleAssets": 7849473000}, {"maxAge": 1, "endDate": "2020-03-31", "cash": 145894000, "netReceivables": 2180486000, "inventory": 285728000, "otherCurrentAssets": 1994000, "totalCurrentAssets": 4564849000, "longTermInvestments": 2388062000, "propertyPlantEquipment": 713327000, "intangibleAssets": 20371000, "otherAssets": 732261000, "totalAssets": 8418870000, "accountsPayable": 63497000, "otherCurrentLiab": 412183000, "otherLiab": 53789000, "totalCurrentLiabilities": 495237000, "totalLiab": 549026000, "commonStock": 75694000, "retainedEarnings": 7662443000, "treasuryStock": 44000, "capitalSurplus": 131663000, "otherStockholderEquity": 44000, "totalStockholderEquity": 7869844000, "netTangibleAssets": 7849473000}], "maxAge": 86400}, "earningsHistory": {"history": [{"maxAge": 1, "epsActual": {}, "epsEstimate": {}, "epsDifference": {}, "surprisePercent": {}, "quarter": {}, "period": "-4q"}, {"maxAge": 1, "epsActual": {}, "epsEstimate": {}, "epsDifference": {}, "surprisePercent": {}, "quarter": {}, "period": "-3q"}, {"maxAge": 1, "epsActual": {}, "epsEstimate": {}, "epsDifference": {}, "surprisePercent": {}, "quarter": {}, "period": "-2q"}, {"maxAge": 1, "epsActual": {}, "epsEstimate": {}, "epsDifference": {}, "surprisePercent": {}, "quarter": {}, "period": "-1q"}], "maxAge": 86400}, "summaryProfile": {"address1": "Sandesh Bhavan", "address2": "Lad Society Road B/h. Vastrapur Gam PO Bodakdev", "city": "Ahmedabad", "zip": "380054", "country": "India", "phone": "91 79 4000 4319", "fax": "91 79 4000 4242", "website": "http://sandesh.com", "industry": "Publishing", "sector": "Communication Services", "longBusinessSummary": "The Sandesh Limited engages in editing, printing, and publishing newspapers and periodicals in India. It publishes SANDESH, a premier Gujarati daily newspaper; and Sandesh Pratyaksha Panchang, a periodical. The company also operates Sandesh News, a Gujarati news channel; Spotlight, an out of home media solution; and a Gujarati news app. The Sandesh Limited was founded in 1923 and is based in Ahmedabad, India.", "fullTimeEmployees": 491, "companyOfficers": [], "maxAge": 86400}, "netSharePurchaseActivity": {"maxAge": 1, "period": "6m", "buyInfoCount": 0, "buyInfoShares": 0, "sellInfoCount": 0, "netInfoCount": 0, "netInfoShares": 0, "netPercentInsiderShares": 0.0, "totalInsiderShares": 6536324}, "insiderTransactions": {"transactions": [{"maxAge": 1, "shares": 95350, "filerUrl": "", "transactionText": "", "filerName": "Patel (Falgunbhai Chimanbhai)", "filerRelation": "UNREPORTED", "moneyText": "", "startDate": "2018-03-15", "ownership": "D"}, {"maxAge": 1, "shares": 45500, "filerUrl": "", "transactionText": "", "filerName": "Patel (Falgunbhai Chimanbhai)", "filerRelation": "UNREPORTED", "moneyText": "", "startDate": "2018-03-15", "ownership": "D"}, {"maxAge": 1, "shares": 193700, "filerUrl": "", "transactionText": "", "filerName": "Patel (Parthiv Falgunbhai)", "filerRelation": "UNREPORTED", "moneyText": "", "startDate": "2017-03-09", "ownership": "D"}, {"maxAge": 1, "shares": 193700, "filerUrl": "", "transactionText": "", "filerName": "Patel (Falgunbhai Chimanbhai)", "filerRelation": "UNREPORTED", "moneyText": "", "startDate": "2017-03-09", "ownership": "D"}, {"maxAge": 1, "shares": 51600, "filerUrl": "", "transactionText": "", "filerName": "Pandya (Shreyas Vishnuprasad)", "filerRelation": "Director (Non-Executive)", "moneyText": "", "startDate": "2017-01-27", "ownership": "D"}, {"maxAge": 1, "shares": 8514, "filerUrl": "", "transactionText": "", "filerName": "Divatia (Meghna Udit)", "filerRelation": "UNREPORTED", "moneyText": "", "startDate": "2017-01-27", "ownership": "D"}, {"maxAge": 1, "shares": 1890152, "filerUrl": "", "transactionText": "", "filerName": "Satlon Enterprises Pvt Ltd", "filerRelation": "Promoter", "moneyText": "", "startDate": "2016-12-12", "ownership": "D"}, {"maxAge": 1, "shares": 1890152, "filerUrl": "", "transactionText": "", "filerName": "Satyesh Prochem LLP", "filerRelation": "Promoter", "moneyText": "", "startDate": "2016-12-12", "ownership": "D"}, {"maxAge": 1, "shares": 7998, "filerUrl": "", "transactionText": "", "filerName": "Satlon Enterprises Pvt Ltd", "filerRelation": "Promoter", "moneyText": "", "startDate": "2013-06-11", "ownership": "D"}, {"maxAge": 1, "shares": 955889, "filerUrl": "", "transactionText": "", "filerName": "Bennett Coleman & Company Ltd", "filerRelation": "Institution- Corporation", "moneyText": "", "startDate": "2013-03-14", "ownership": "D"}, {"maxAge": 1, "shares": 1200, "filerUrl": "", "transactionText": "", "filerName": "Samdrusthi Investments Pvt Ltd", "filerRelation": "Institution- Corporation", "moneyText": "", "startDate": "2011-04-22", "ownership": "D"}, {"maxAge": 1, "shares": 172355, "filerUrl": "", "transactionText": "", "filerName": "Sandesh Patel Agencies Pvt Ltd", "filerRelation": "Institution- Corporation", "moneyText": "", "startDate": "2011-04-22", "ownership": "D"}, {"maxAge": 1, "shares": 131955, "filerUrl": "", "transactionText": "", "filerName": "Suvasshanti Investments Pvt Ltd", "filerRelation": "Institution- Corporation", "moneyText": "", "startDate": "2011-04-22", "ownership": "D"}, {"maxAge": 1, "shares": 39200, "filerUrl": "", "transactionText": "", "filerName": "Abadadarsh Investments Pvt Ltd", "filerRelation": "Institution- Corporation", "moneyText": "", "startDate": "2011-04-22", "ownership": "D"}], "maxAge": 1}, "sectorTrend": {"maxAge": 1, "symbol": null, "estimates": []}, "incomeStatementHistoryQuarterly": {"incomeStatementHistory": [{"maxAge": 1, "endDate": "2020-12-31", "totalRevenue": 1015413000, "costOfRevenue": 336067000, "grossProfit": 679346000, "researchDevelopment": {}, "sellingGeneralAdministrative": {}, "nonRecurring": {}, "otherOperatingExpenses": 224237000, "totalOperatingExpenses": 577926000, "operatingIncome": 437487000, "totalOtherIncomeExpenseNet": 64552000, "ebit": 437487000, "interestExpense": -1113000, "incomeBeforeTax": 502039000, "incomeTaxExpense": 94673000, "minorityInterest": {}, "netIncomeFromContinuingOps": 407366000, "discontinuedOperations": {}, "extraordinaryItems": {}, "effectOfAccountingCharges": {}, "otherItems": {}, "netIncome": 407366000, "netIncomeApplicableToCommonShares": 407366000}, {"maxAge": 1, "endDate": "2020-09-30", "totalRevenue": 680657000, "costOfRevenue": 237067000, "grossProfit": 443590000, "researchDevelopment": {}, "sellingGeneralAdministrative": {}, "nonRecurring": {}, "otherOperatingExpenses": 137368000, "totalOperatingExpenses": 391843000, "operatingIncome": 288814000, "totalOtherIncomeExpenseNet": 29616000, "ebit": 288814000, "interestExpense": -1879000, "incomeBeforeTax": 318430000, "incomeTaxExpense": 66275000, "minorityInterest": {}, "netIncomeFromContinuingOps": 252155000, "discontinuedOperations": {}, "extraordinaryItems": {}, "effectOfAccountingCharges": {}, "otherItems": {}, "netIncome": 252155000, "netIncomeApplicableToCommonShares": 252155000}, {"maxAge": 1, "endDate": "2020-06-30", "totalRevenue": 590653000, "costOfRevenue": 188024000, "grossProfit": 402629000, "researchDevelopment": {}, "sellingGeneralAdministrative": {}, "nonRecurring": {}, "otherOperatingExpenses": 188495000, "totalOperatingExpenses": 393612000, "operatingIncome": 197041000, "totalOtherIncomeExpenseNet": 48187000, "ebit": 197041000, "interestExpense": -848000, "incomeBeforeTax": 245228000, "incomeTaxExpense": 50929000, "minorityInterest": {}, "netIncomeFromContinuingOps": 194299000, "discontinuedOperations": {}, "extraordinaryItems": {}, "effectOfAccountingCharges": {}, "otherItems": {}, "netIncome": 194299000, "netIncomeApplicableToCommonShares": 194299000}, {"maxAge": 1, "endDate": "2020-03-31", "totalRevenue": 800642000, "costOfRevenue": 349768000, "grossProfit": 450874000, "researchDevelopment": {}, "sellingGeneralAdministrative": {}, "nonRecurring": {}, "otherOperatingExpenses": 265452000, "totalOperatingExpenses": 633810000, "operatingIncome": 166832000, "totalOtherIncomeExpenseNet": 7326000, "ebit": 166832000, "interestExpense": -819000, "incomeBeforeTax": 174158000, "incomeTaxExpense": 38850000, "minorityInterest": {}, "netIncomeFromContinuingOps": 135308000, "discontinuedOperations": {}, "extraordinaryItems": {}, "effectOfAccountingCharges": {}, "otherItems": {}, "netIncome": 135308000, "netIncomeApplicableToCommonShares": 135308000}], "maxAge": 86400}, "cashflowStatementHistoryQuarterly": {"cashflowStatements": [{"maxAge": 1, "endDate": "2020-12-31", "netIncome": 407366000, "changeToLiabilities": 0}, {"maxAge": 1, "endDate": "2020-09-30", "netIncome": 252155000, "changeToLiabilities": 0}, {"maxAge": 1, "endDate": "2020-06-30", "netIncome": 194299000, "changeToLiabilities": 0}, {"maxAge": 1, "endDate": "2020-03-31", "netIncome": 135308000, "changeToLiabilities": 0}], "maxAge": 86400}, "earnings": {"maxAge": 86400, "earningsChart": {"quarterly": [], "earningsDate": ["2017-12-11 05:30:S", "2017-12-15 05:30:S"]}, "financialsChart": {"yearly": [{"date": 2017, "revenue": 3692512000, "earnings": 728051000}, {"date": 2018, "revenue": 3906361000, "earnings": 828418000}, {"date": 2019, "revenue": 4389416000, "earnings": 648088000}, {"date": 2020, "revenue": 3548423000, "earnings": 610998000}], "quarterly": [{"date": "1Q2020", "revenue": 800642000, "earnings": 135308000}, {"date": "2Q2020", "revenue": 590653000, "earnings": 194299000}, {"date": "3Q2020", "revenue": 680657000, "earnings": 252155000}, {"date": "4Q2020", "revenue": 1015413000, "earnings": 407366000}]}, "financialCurrency": "INR"}, "financialData": {"maxAge": 86400, "currentPrice": 652.8, "targetHighPrice": 1585.0, "targetLowPrice": 1585.0, "targetMeanPrice": 1585.0, "targetMedianPrice": 1585.0, "recommendationMean": 2.0, "recommendationKey": "buy", "numberOfAnalystOpinions": 1, "totalCash": 1801856000, "totalCashPerShare": 238.056, "ebitda": 1161314048, "totalDebt": 1000000, "totalRevenue": 3087463936, "debtToEquity": 0.012, "revenuePerShare": 407.931, "grossProfits": 1921751000, "earningsGrowth": 1.537, "revenueGrowth": 0.118, "grossMargins": 0.64034, "ebitdaMargins": 0.37614, "operatingMargins": 0.3531, "profitMargins": 0.32037, "financialCurrency": "INR"}}}