{"SANDUMA.BO": {"recommendationTrend": {"trend": [{"period": "0m", "strongBuy": 0, "buy": 0, "hold": 0, "sell": 0, "strongSell": 0}, {"period": "-1m", "strongBuy": 0, "buy": 0, "hold": 0, "sell": 0, "strongSell": 0}, {"period": "-2m", "strongBuy": 0, "buy": 0, "hold": 0, "sell": 0, "strongSell": 0}, {"period": "-3m", "strongBuy": 0, "buy": 0, "hold": 0, "sell": 0, "strongSell": 0}], "maxAge": 86400}, "cashflowStatementHistory": {"cashflowStatements": [{"maxAge": 1, "endDate": "2020-03-31", "netIncome": 1473853000, "depreciation": 183279000, "changeToNetincome": -148609000, "changeToAccountReceivables": -98859000, "changeToLiabilities": 9792000, "changeToInventory": -968362000, "changeToOperatingActivities": -595485000, "totalCashFromOperatingActivities": -133005000, "capitalExpenditures": -3212474000, "investments": -575160000, "otherCashflowsFromInvestingActivities": 83852000, "totalCashflowsFromInvestingActivities": -3703698000, "dividendsPaid": -91875000, "netBorrowings": 3954812000, "otherCashflowsFromFinancingActivities": -86145000, "totalCashFromFinancingActivities": 3776792000, "changeInCash": -59911000}, {"maxAge": 1, "endDate": "2019-03-31", "netIncome": 1464816000, "depreciation": 117685000, "changeToNetincome": -72111000, "changeToAccountReceivables": -211434000, "changeToLiabilities": 332390000, "changeToInventory": 222650000, "changeToOperatingActivities": -173207000, "totalCashFromOperatingActivities": 1689357000, "capitalExpenditures": -2526930000, "investments": 883727000, "otherCashflowsFromInvestingActivities": 51420000, "totalCashflowsFromInvestingActivities": -1467682000, "dividendsPaid": -48125000, "netBorrowings": 3954812000, "otherCashflowsFromFinancingActivities": -73792000, "totalCashFromFinancingActivities": -121917000, "changeInCash": 99758000}, {"maxAge": 1, "endDate": "2018-03-31", "netIncome": 1104799000, "depreciation": 114575000, "changeToNetincome": -72291000, "changeToAccountReceivables": -82750000, "changeToLiabilities": 278659000, "changeToInventory": 16069000, "changeToOperatingActivities": -84866000, "totalCashFromOperatingActivities": 1280534000, "capitalExpenditures": -273103000, "investments": -468719000, "otherCashflowsFromInvestingActivities": 29646000, "totalCashflowsFromInvestingActivities": -1060204000, "dividendsPaid": -70000000, "netBorrowings": 3954812000, "otherCashflowsFromFinancingActivities": -63793000, "totalCashFromFinancingActivities": -133793000, "changeInCash": 86537000}, {"maxAge": 1, "endDate": "2017-03-31", "netIncome": 598911000, "depreciation": 111468000, "changeToNetincome": 63184000, "changeToAccountReceivables": -79524000, "changeToLiabilities": 147842000, "changeToInventory": -282593000, "changeToOperatingActivities": 285552000, "totalCashFromOperatingActivities": 850586000, "capitalExpenditures": -149964000, "investments": -590735000, "otherCashflowsFromInvestingActivities": 31576000, "totalCashflowsFromInvestingActivities": -709080000, "dividendsPaid": -43750000, "netBorrowings": 3954812000, "otherCashflowsFromFinancingActivities": -89364000, "totalCashFromFinancingActivities": -133114000, "changeInCash": 8392000}], "maxAge": 86400}, "institutionOwnership": {"maxAge": 1, "ownershipList": []}, "balanceSheetHistoryQuarterly": {"balanceSheetStatements": [{"maxAge": 1, "endDate": "2020-03-31", "cash": 342290000, "shortTermInvestments": 523621000, "netReceivables": 333803000, "inventory": 1616290000, "otherCurrentAssets": 1964226000, "totalCurrentAssets": 4780230000, "longTermInvestments": 4365000, "propertyPlantEquipment": 8135314000, "intangibleAssets": 11059000, "otherAssets": 1688691000, "deferredLongTermAssetCharges": 354937000, "totalAssets": 14619659000, "accountsPayable": 804084000, "otherCurrentLiab": 630604000, "longTermDebt": 3312241000, "otherLiab": 83313000, "totalCurrentLiabilities": 2773132000, "totalLiab": 6222696000, "commonStock": 90019000, "retainedEarnings": 7638592000, "treasuryStock": -358875000, "capitalSurplus": 1027227000, "otherStockholderEquity": -358875000, "totalStockholderEquity": 8396963000, "netTangibleAssets": 8385904000}, {"maxAge": 1, "endDate": "2019-12-31", "totalStockholderEquity": 7478900000, "netTangibleAssets": 7449500000}, {"maxAge": 1, "endDate": "2019-09-30", "cash": 1302600000, "shortTermInvestments": 938100000, "netReceivables": 67700000, "inventory": 1221700000, "otherCurrentAssets": 863500000, "totalCurrentAssets": 4393600000, "longTermInvestments": 80400000, "propertyPlantEquipment": 6391900000, "goodWill": 15000000, "intangibleAssets": 14400000, "otherAssets": 1778200000, "deferredLongTermAssetCharges": 284600000, "totalAssets": 12673500000, "accountsPayable": 1476300000, "otherCurrentLiab": 899000000, "longTermDebt": 2308400000, "otherLiab": 132100000, "minorityInterest": 332600000, "totalCurrentLiabilities": 2421500000, "totalLiab": 4862000000, "commonStock": 87500000, "treasuryStock": 7391400000, "otherStockholderEquity": 7391400000, "totalStockholderEquity": 7478900000, "netTangibleAssets": 7449500000}, {"maxAge": 1, "endDate": "2019-06-30", "totalStockholderEquity": 6712400000, "netTangibleAssets": 6682900000}], "maxAge": 86400}, "earningsHistory": {"history": [{"maxAge": 1, "epsActual": {}, "epsEstimate": {}, "epsDifference": {}, "surprisePercent": {}, "quarter": {}, "period": "-4q"}, {"maxAge": 1, "epsActual": {}, "epsEstimate": {}, "epsDifference": {}, "surprisePercent": {}, "quarter": {}, "period": "-3q"}, {"maxAge": 1, "epsActual": {}, "epsEstimate": {}, "epsDifference": {}, "surprisePercent": {}, "quarter": {}, "period": "-2q"}, {"maxAge": 1, "epsActual": {}, "epsEstimate": {}, "epsDifference": {}, "surprisePercent": {}, "quarter": {}, "period": "-1q"}], "maxAge": 86400}, "indexTrend": {"maxAge": 1, "symbol": "SP5", "peRatio": 19.7411, "pegRatio": 1.34172, "estimates": [{"period": "0q", "growth": 0.549}, {"period": "+1q", "growth": 0.431}, {"period": "0y", "growth": 0.305}, {"period": "+1y", "growth": 0.109}, {"period": "+5y", "growth": 0.120859005}, {"period": "-5y"}]}, "industryTrend": {"maxAge": 1, "symbol": null, "estimates": []}, "insiderTransactions": {"transactions": [{"maxAge": 1, "shares": 273300, "filerUrl": "", "transactionText": "Purchase at price 0.00 per share.", "filerName": "Ghopade (Bahirji A)", "filerRelation": "Wholetime Director", "moneyText": "", "startDate": "2020-09-14", "ownership": "D"}, {"maxAge": 1, "shares": 108500, "filerUrl": "", "transactionText": "", "filerName": "Ghopade (Bahirji A)", "filerRelation": "Wholetime Director", "moneyText": "", "startDate": "2020-09-14", "ownership": "D"}, {"maxAge": 1, "shares": 84500, "filerUrl": "", "transactionText": "", "filerName": "Ghopade (Bahirji A)", "filerRelation": "Wholetime Director", "moneyText": "", "startDate": "2020-09-14", "ownership": "D"}, {"maxAge": 1, "shares": 193000, "filerUrl": "", "transactionText": "", "filerName": "Ghopade (Bahirji A)", "filerRelation": "Wholetime Director", "moneyText": "", "startDate": "2020-09-14", "ownership": "D"}, {"maxAge": 1, "shares": 335, "filerUrl": "", "transactionText": "", "filerName": "Sheikh (Nazim)", "filerRelation": "Joint Managing director", "moneyText": "", "startDate": "2019-11-27", "ownership": "D"}, {"maxAge": 1, "shares": 169, "filerUrl": "", "transactionText": "", "filerName": "Sheikh (Nazim)", "filerRelation": "Joint Managing director", "moneyText": "", "startDate": "2019-11-26", "ownership": "D"}, {"maxAge": 1, "shares": 170, "filerUrl": "", "transactionText": "", "filerName": "Sheikh (Nazim)", "filerRelation": "Joint Managing director", "moneyText": "", "startDate": "2019-11-25", "ownership": "D"}, {"maxAge": 1, "shares": 400, "filerUrl": "", "transactionText": "", "filerName": "Sheikh (Nazim)", "filerRelation": "Joint Managing director", "moneyText": "", "startDate": "2019-08-26", "ownership": "D"}, {"maxAge": 1, "shares": 300, "filerUrl": "", "transactionText": "", "filerName": "Sheikh (Nazim)", "filerRelation": "Joint Managing director", "moneyText": "", "startDate": "2019-08-22", "ownership": "D"}, {"maxAge": 1, "shares": 263, "filerUrl": "", "transactionText": "", "filerName": "Sheikh (Nazim)", "filerRelation": "Joint Managing director", "moneyText": "", "startDate": "2019-08-21", "ownership": "D"}, {"maxAge": 1, "shares": 37, "filerUrl": "", "transactionText": "", "filerName": "Sheikh (Nazim)", "filerRelation": "Joint Managing director", "moneyText": "", "startDate": "2019-08-20", "ownership": "D"}], "maxAge": 1}, "quoteType": {"exchange": "BSE", "quoteType": "EQUITY", "symbol": "SANDUMA.BO", "underlyingSymbol": "SANDUMA.BO", "shortName": "SANDUR MANGANESE & IRON ORES L", "longName": "The Sandur Manganese & Iron Ores Limited", "firstTradeDateEpochUtc": "2000-04-04 09:15:00", "timeZoneFullName": "Asia/Kolkata", "timeZoneShortName": "IST", "uuid": "feaa952a-6015-3580-a7a4-4316eda735e9", "messageBoardId": null, "gmtOffSetMilliseconds": 19800000, "maxAge": 1}, "incomeStatementHistory": {"incomeStatementHistory": [{"maxAge": 1, "endDate": "2020-03-31", "totalRevenue": 5920130000, "costOfRevenue": 500937000, "grossProfit": 5419193000, "researchDevelopment": {}, "sellingGeneralAdministrative": 934624000, "nonRecurring": {}, "otherOperatingExpenses": 2455645000, "totalOperatingExpenses": 4085871000, "operatingIncome": 1834259000, "totalOtherIncomeExpenseNet": -86271000, "ebit": 1834259000, "interestExpense": -64760000, "incomeBeforeTax": 1747988000, "incomeTaxExpense": 274135000, "minorityInterest": {}, "netIncomeFromContinuingOps": 1473853000, "discontinuedOperations": {}, "extraordinaryItems": {}, "effectOfAccountingCharges": {}, "otherItems": {}, "netIncome": 1473853000, "netIncomeApplicableToCommonShares": 1473853000}, {"maxAge": 1, "endDate": "2019-03-31", "totalRevenue": 7025359000, "costOfRevenue": 1312068000, "grossProfit": 5713291000, "researchDevelopment": {}, "sellingGeneralAdministrative": 877224000, "nonRecurring": {}, "otherOperatingExpenses": 2570606000, "totalOperatingExpenses": 4886191000, "operatingIncome": 2139168000, "totalOtherIncomeExpenseNet": 101565000, "ebit": 2139168000, "interestExpense": -61400000, "incomeBeforeTax": 2240733000, "incomeTaxExpense": 767100000, "minorityInterest": 327956000, "netIncomeFromContinuingOps": 1473633000, "discontinuedOperations": {}, "extraordinaryItems": {}, "effectOfAccountingCharges": {}, "otherItems": {}, "netIncome": 1464816000, "netIncomeApplicableToCommonShares": 1464816000}, {"maxAge": 1, "endDate": "2018-03-31", "totalRevenue": 6083519000, "costOfRevenue": 1293148000, "grossProfit": 4790371000, "researchDevelopment": {}, "sellingGeneralAdministrative": 866279000, "nonRecurring": {}, "otherOperatingExpenses": 2168065000, "totalOperatingExpenses": 4448406000, "operatingIncome": 1635113000, "totalOtherIncomeExpenseNet": 58252000, "ebit": 1635113000, "interestExpense": -48293000, "incomeBeforeTax": 1693365000, "incomeTaxExpense": 580000000, "minorityInterest": 319293000, "netIncomeFromContinuingOps": 1113365000, "discontinuedOperations": {}, "extraordinaryItems": {}, "effectOfAccountingCharges": {}, "otherItems": {}, "netIncome": 1104799000, "netIncomeApplicableToCommonShares": 1104799000}, {"maxAge": 1, "endDate": "2017-03-31", "totalRevenue": 4222365000, "costOfRevenue": 620946000, "grossProfit": 3601419000, "researchDevelopment": {}, "sellingGeneralAdministrative": 667388000, "nonRecurring": {}, "otherOperatingExpenses": 1944953000, "totalOperatingExpenses": 3350501000, "operatingIncome": 871864000, "totalOtherIncomeExpenseNet": 31131000, "ebit": 871864000, "interestExpense": -72492000, "incomeBeforeTax": 902995000, "incomeTaxExpense": 295000000, "minorityInterest": 311157000, "netIncomeFromContinuingOps": 607995000, "discontinuedOperations": {}, "extraordinaryItems": {}, "effectOfAccountingCharges": {}, "otherItems": {}, "netIncome": 598911000, "netIncomeApplicableToCommonShares": 598911000}], "maxAge": 86400}, "fundOwnership": {"maxAge": 1, "ownershipList": []}, "summaryDetail": {"maxAge": 1, "priceHint": 2, "previousClose": 1345.0, "open": 1351.0, "dayLow": 1332.0, "dayHigh": 1400.0, "regularMarketPreviousClose": 1345.0, "regularMarketOpen": 1351.0, "regularMarketDayLow": 1332.0, "regularMarketDayHigh": 1400.0, "trailingPE": 8.412226, "forwardPE": 12.022522, "volume": 26908, "regularMarketVolume": 26908, "averageVolume": 13467, "averageVolume10days": 16775, "averageDailyVolume10Day": 16775, "bid": 1377.3, "ask": 1385.0, "bidSize": 0, "askSize": 0, "marketCap": 12398372864, "fiftyTwoWeekLow": 295.45, "fiftyTwoWeekHigh": 1400.0, "fiftyDayAverage": 1109.0143, "twoHundredDayAverage": 860.67847, "trailingAnnualDividendRate": 7.0, "trailingAnnualDividendYield": 0.005204461, "currency": "INR", "fromCurrency": null, "toCurrency": null, "lastMarket": null, "algorithm": null, "tradeable": false}, "sectorTrend": {"maxAge": 1, "symbol": null, "estimates": []}, "incomeStatementHistoryQuarterly": {"incomeStatementHistory": [{"maxAge": 1, "endDate": "2020-03-31", "totalRevenue": 1199530000, "costOfRevenue": 2237000, "grossProfit": 1197293000, "researchDevelopment": {}, "sellingGeneralAdministrative": 269124000, "nonRecurring": {}, "otherOperatingExpenses": 578845000, "totalOperatingExpenses": 906671000, "operatingIncome": 292859000, "totalOtherIncomeExpenseNet": -122371000, "ebit": 292859000, "interestExpense": -16060000, "incomeBeforeTax": 170488000, "incomeTaxExpense": -286765000, "minorityInterest": {}, "netIncomeFromContinuingOps": 457253000, "discontinuedOperations": {}, "extraordinaryItems": {}, "effectOfAccountingCharges": {}, "otherItems": {}, "netIncome": 463953000, "netIncomeApplicableToCommonShares": 463953000}, {"maxAge": 1, "endDate": "2019-12-31", "totalRevenue": 1375500000, "costOfRevenue": 245700000, "grossProfit": 1129800000, "researchDevelopment": {}, "sellingGeneralAdministrative": 215000000, "nonRecurring": {}, "otherOperatingExpenses": 553800000, "totalOperatingExpenses": 1063200000, "operatingIncome": 312300000, "totalOtherIncomeExpenseNet": 19600000, "ebit": 312300000, "interestExpense": -15900000, "incomeBeforeTax": 331900000, "incomeTaxExpense": 132800000, "minorityInterest": {}, "netIncomeFromContinuingOps": 199100000, "discontinuedOperations": {}, "extraordinaryItems": {}, "effectOfAccountingCharges": {}, "otherItems": {}, "netIncome": 197000000, "netIncomeApplicableToCommonShares": 197000000}, {"maxAge": 1, "endDate": "2019-09-30", "totalRevenue": 1380800000, "costOfRevenue": 62300000, "grossProfit": 1318500000, "researchDevelopment": {}, "sellingGeneralAdministrative": 227500000, "nonRecurring": {}, "otherOperatingExpenses": 617600000, "totalOperatingExpenses": 954000000, "operatingIncome": 426800000, "totalOtherIncomeExpenseNet": 17800000, "ebit": 426800000, "interestExpense": -16200000, "incomeBeforeTax": 444600000, "incomeTaxExpense": 172700000, "minorityInterest": 332600000, "netIncomeFromContinuingOps": 271900000, "discontinuedOperations": {}, "extraordinaryItems": {}, "effectOfAccountingCharges": {}, "otherItems": {}, "netIncome": 269700000, "netIncomeApplicableToCommonShares": 269700000}, {"maxAge": 1, "endDate": "2019-06-30", "totalRevenue": 1964300000, "costOfRevenue": 190700000, "grossProfit": 1773600000, "researchDevelopment": {}, "sellingGeneralAdministrative": 223000000, "nonRecurring": {}, "otherOperatingExpenses": 705400000, "totalOperatingExpenses": 1162000000, "operatingIncome": 802300000, "totalOtherIncomeExpenseNet": -1300000, "ebit": 802300000, "interestExpense": -16600000, "incomeBeforeTax": 801000000, "incomeTaxExpense": 255400000, "minorityInterest": 332600000, "netIncomeFromContinuingOps": 545600000, "discontinuedOperations": {}, "extraordinaryItems": {}, "effectOfAccountingCharges": {}, "otherItems": {}, "netIncome": 543200000, "netIncomeApplicableToCommonShares": 543200000}], "maxAge": 86400}, "cashflowStatementHistoryQuarterly": {"cashflowStatements": [{"maxAge": 1, "endDate": "2020-03-31", "netIncome": 463953000, "changeToLiabilities": 0}, {"maxAge": 1, "endDate": "2019-12-31", "netIncome": 197000000, "changeToLiabilities": 0}, {"maxAge": 1, "endDate": "2019-09-30", "netIncome": 269700000, "changeToLiabilities": 0}, {"maxAge": 1, "endDate": "2019-06-30", "netIncome": 543200000, "changeToLiabilities": 0}], "maxAge": 86400}, "insiderHolders": {"holders": [{"maxAge": 1, "name": "Ghopade (Bahirji A)", "relation": "Wholetime Director", "url": "", "transactionDescription": "Purchase", "latestTransDate": "2020-09-14", "positionDirect": 277500, "positionDirectDate": "2020-09-14"}, {"maxAge": 1, "name": "Sheikh (Nazim)", "relation": "Joint Managing director", "url": "", "transactionDescription": "Acquisition", "latestTransDate": "2019-11-27", "positionDirect": 11764, "positionDirectDate": "2019-11-27"}], "maxAge": 1}, "earnings": {"maxAge": 86400, "earningsChart": {"quarterly": [], "earningsDate": ["2020-11-14 05:30:S", "2020-11-15 05:30:S"]}, "financialsChart": {"yearly": [{"date": 2017, "revenue": 4222365000, "earnings": 598911000}, {"date": 2018, "revenue": 6083519000, "earnings": 1104799000}, {"date": 2019, "revenue": 7025359000, "earnings": 1464816000}, {"date": 2020, "revenue": 5920130000, "earnings": 1473853000}], "quarterly": [{"date": "2Q2019", "revenue": 1964300000, "earnings": 543200000}, {"date": "3Q2019", "revenue": 1380800000, "earnings": 269700000}, {"date": "4Q2019", "revenue": 1375500000, "earnings": 197000000}, {"date": "1Q2020", "revenue": 1199530000, "earnings": 463953000}]}, "financialCurrency": "INR"}, "calendarEvents": {"maxAge": 1, "earnings": {"earningsDate": ["2020-11-14 05:30:S", "2020-11-15 05:30:S"], "revenueAverage": 7471280000, "revenueLow": 7471280000, "revenueHigh": 7471280000}}, "price": {"maxAge": 1, "regularMarketChangePercent": 0.024014907, "regularMarketChange": 32.30005, "regularMarketTime": "2021-04-30 15:52:00", "priceHint": 2, "regularMarketPrice": 1377.3, "regularMarketDayHigh": 1400.0, "regularMarketDayLow": 1332.0, "regularMarketVolume": 26908, "averageDailyVolume10Day": 16775, "averageDailyVolume3Month": 13467, "regularMarketPreviousClose": 1345.0, "regularMarketSource": "FREE_REALTIME", "regularMarketOpen": 1351.0, "exchange": "BSE", "exchangeName": "BSE", "exchangeDataDelayedBy": 0, "marketState": "CLOSED", "quoteType": "EQUITY", "symbol": "SANDUMA.BO", "underlyingSymbol": null, "shortName": "SANDUR MANGANESE & IRON ORES L", "longName": "The Sandur Manganese & Iron Ores Limited", "currency": "INR", "quoteSourceName": "Delayed Quote", "currencySymbol": "\u20b9", "fromCurrency": null, "toCurrency": null, "lastMarket": null, "marketCap": 12398372864}, "balanceSheetHistory": {"balanceSheetStatements": [{"maxAge": 1, "endDate": "2020-03-31", "cash": 342290000, "shortTermInvestments": 523621000, "netReceivables": 333803000, "inventory": 1616290000, "otherCurrentAssets": 1964226000, "totalCurrentAssets": 4780230000, "longTermInvestments": 4365000, "propertyPlantEquipment": 8135314000, "intangibleAssets": 11059000, "otherAssets": 1688691000, "deferredLongTermAssetCharges": 354937000, "totalAssets": 14619659000, "accountsPayable": 804084000, "otherCurrentLiab": 630604000, "longTermDebt": 3312241000, "otherLiab": 83313000, "totalCurrentLiabilities": 2773132000, "totalLiab": 6222696000, "commonStock": 90019000, "retainedEarnings": 7638592000, "treasuryStock": -358875000, "capitalSurplus": 1027227000, "otherStockholderEquity": -358875000, "totalStockholderEquity": 8396963000, "netTangibleAssets": 8385904000}, {"maxAge": 1, "endDate": "2019-03-31", "cash": 402201000, "shortTermInvestments": 587268000, "netReceivables": 239003000, "inventory": 647928000, "otherCurrentAssets": 677280000, "totalCurrentAssets": 2554948000, "longTermInvestments": 5805000, "propertyPlantEquipment": 4100942000, "goodWill": 14999000, "intangibleAssets": 14484000, "otherAssets": 1932881000, "deferredLongTermAssetCharges": 249737000, "totalAssets": 8624059000, "accountsPayable": 745409000, "otherCurrentLiab": 195388000, "otherLiab": 62650000, "minorityInterest": 327956000, "totalCurrentLiabilities": 1521066000, "totalLiab": 1583716000, "commonStock": 87500000, "retainedEarnings": 6535035000, "treasuryStock": -6871000, "capitalSurplus": 96723000, "otherStockholderEquity": -6871000, "totalStockholderEquity": 6712387000, "netTangibleAssets": 6682904000}, {"maxAge": 1, "endDate": "2018-03-31", "cash": 302443000, "shortTermInvestments": 1766683000, "netReceivables": 59589000, "inventory": 870578000, "otherCurrentAssets": 267271000, "totalCurrentAssets": 3267238000, "longTermInvestments": 4753000, "propertyPlantEquipment": 2209169000, "goodWill": 14999000, "intangibleAssets": 22208000, "otherAssets": 1349826000, "deferredLongTermAssetCharges": 207938000, "totalAssets": 6868193000, "accountsPayable": 467621000, "otherCurrentLiab": 142684000, "otherLiab": 45814000, "minorityInterest": 319293000, "totalCurrentLiabilities": 1192840000, "totalLiab": 1238654000, "commonStock": 87500000, "retainedEarnings": 5115958000, "treasuryStock": 10065000, "capitalSurplus": 96723000, "otherStockholderEquity": 10065000, "totalStockholderEquity": 5310246000, "netTangibleAssets": 5273039000}, {"maxAge": 1, "endDate": "2017-03-31", "cash": 294923000, "shortTermInvestments": 1188938000, "netReceivables": 73675000, "inventory": 886647000, "otherCurrentAssets": 106208000, "totalCurrentAssets": 2552537000, "longTermInvestments": 3607000, "propertyPlantEquipment": 2103643000, "goodWill": 14999000, "intangibleAssets": 23509000, "otherAssets": 1261297000, "deferredLongTermAssetCharges": 245938000, "totalAssets": 5959592000, "accountsPayable": 294342000, "otherCurrentLiab": 260874000, "otherLiab": 168700000, "minorityInterest": 311157000, "totalCurrentLiabilities": 1188291000, "totalLiab": 1356991000, "commonStock": 87500000, "retainedEarnings": 4097156000, "treasuryStock": 10065000, "capitalSurplus": 96723000, "otherStockholderEquity": 10065000, "totalStockholderEquity": 4291444000, "netTangibleAssets": 4252936000}], "maxAge": 86400}, "earningsTrend": {"trend": [{"maxAge": 1, "period": "0q", "endDate": "2017-06-30", "growth": {}, "earningsEstimate": {"avg": 0.0, "low": 0.0, "high": 0.0, "yearAgoEps": {}, "numberOfAnalysts": 0, "growth": {}}, "revenueEstimate": {"avg": 7471280000, "low": 7471280000, "high": 7471280000, "numberOfAnalysts": 1, "yearAgoRevenue": 6124000000, "growth": 0.22}, "epsTrend": {"current": 0.0, "7daysAgo": 29.27, "30daysAgo": 29.27, "60daysAgo": 29.27, "90daysAgo": 29.27}, "epsRevisions": {"upLast7days": 0, "upLast30days": 0, "downLast30days": 0, "downLast90days": {}}}, {"maxAge": 1, "period": "+1q", "endDate": "2017-09-30", "growth": {}, "earningsEstimate": {"avg": 0.0, "low": 0.0, "high": 0.0, "yearAgoEps": {}, "numberOfAnalysts": 0, "growth": {}}, "revenueEstimate": {"avg": 7471280000, "low": 7471280000, "high": 7471280000, "numberOfAnalysts": 1, "yearAgoRevenue": 6124000000, "growth": 0.22}, "epsTrend": {"current": 0.0, "7daysAgo": 0.0, "30daysAgo": 0.0, "60daysAgo": 0.0, "90daysAgo": 0.0}, "epsRevisions": {"upLast7days": 0, "upLast30days": 0, "downLast30days": 0, "downLast90days": {}}}, {"maxAge": 1, "period": "0y", "endDate": "2019-03-31", "growth": {}, "earningsEstimate": {"avg": 0.0, "low": 0.0, "high": 0.0, "yearAgoEps": {}, "numberOfAnalysts": 0, "growth": {}}, "revenueEstimate": {"avg": 7471280000, "low": 7471280000, "high": 7471280000, "numberOfAnalysts": 1, "yearAgoRevenue": 6124000000, "growth": 0.22}, "epsTrend": {"current": 0.0, "7daysAgo": 0.0, "30daysAgo": 0.0, "60daysAgo": 0.0, "90daysAgo": 0.0}, "epsRevisions": {"upLast7days": 0, "upLast30days": 0, "downLast30days": 0, "downLast90days": {}}}, {"maxAge": 1, "period": "+1y", "endDate": "2018-03-31", "growth": {}, "earningsEstimate": {"avg": 0.0, "low": 0.0, "high": 0.0, "yearAgoEps": {}, "numberOfAnalysts": 0, "growth": {}}, "revenueEstimate": {"avg": 6124000000, "low": 6062230000, "high": 6062230000, "numberOfAnalysts": 1, "yearAgoRevenue": 7471280000, "growth": -0.18}, "epsTrend": {"current": 0.0, "7daysAgo": 114.56, "30daysAgo": 114.56, "60daysAgo": 114.56, "90daysAgo": 114.56}, "epsRevisions": {"upLast7days": 0, "upLast30days": 0, "downLast30days": 0, "downLast90days": {}}}, {"maxAge": 1, "period": "+5y", "endDate": null, "growth": {}, "earningsEstimate": {"avg": {}, "low": {}, "high": {}, "yearAgoEps": {}, "numberOfAnalysts": {}, "growth": {}}, "revenueEstimate": {"avg": {}, "low": {}, "high": {}, "numberOfAnalysts": {}, "yearAgoRevenue": {}, "growth": {}}, "epsTrend": {"current": {}, "7daysAgo": {}, "30daysAgo": {}, "60daysAgo": {}, "90daysAgo": {}}, "epsRevisions": {"upLast7days": {}, "upLast30days": {}, "downLast30days": {}, "downLast90days": {}}}, {"maxAge": 1, "period": "-5y", "endDate": null, "growth": {}, "earningsEstimate": {"avg": {}, "low": {}, "high": {}, "yearAgoEps": {}, "numberOfAnalysts": {}, "growth": {}}, "revenueEstimate": {"avg": {}, "low": {}, "high": {}, "numberOfAnalysts": {}, "yearAgoRevenue": {}, "growth": {}}, "epsTrend": {"current": {}, "7daysAgo": {}, "30daysAgo": {}, "60daysAgo": {}, "90daysAgo": {}}, "epsRevisions": {"upLast7days": {}, "upLast30days": {}, "downLast30days": {}, "downLast90days": {}}}], "maxAge": 1}, "financialData": {"maxAge": 86400, "currentPrice": 1377.3, "recommendationKey": "none", "grossProfits": 5419193000, "financialCurrency": "INR"}}}