{"SANDUPHQ.BO": {"cashflowStatementHistory": {"cashflowStatements": [{"maxAge": 1, "endDate": "2020-03-31", "netIncome": 7203306, "depreciation": 5194029, "changeToNetincome": 4628166, "changeToAccountReceivables": 1142962, "changeToLiabilities": 15251186, "changeToInventory": -11062319, "changeToOperatingActivities": 39336539, "totalCashFromOperatingActivities": 62021571, "capitalExpenditures": -1123242, "otherCashflowsFromInvestingActivities": 217202, "totalCashflowsFromInvestingActivities": -906040, "netBorrowings": -49247048, "otherCashflowsFromFinancingActivities": -4348151, "totalCashFromFinancingActivities": -53595199, "changeInCash": 7520332}, {"maxAge": 1, "endDate": "2019-03-31", "netIncome": 6691153, "depreciation": 6034474, "changeToNetincome": 10853346, "changeToAccountReceivables": 18984412, "changeToLiabilities": 12115248, "changeToInventory": -18150812, "changeToOperatingActivities": 562696, "totalCashFromOperatingActivities": 37414149, "capitalExpenditures": -1087634, "otherCashflowsFromInvestingActivities": 87300, "totalCashflowsFromInvestingActivities": -1000334, "netBorrowings": -32478472, "otherCashflowsFromFinancingActivities": -10118076, "totalCashFromFinancingActivities": -42596548, "changeInCash": -6182733}, {"maxAge": 1, "endDate": "2018-03-31", "netIncome": 5615479, "depreciation": 5719707, "changeToNetincome": 10762254, "changeToAccountReceivables": -3859477, "changeToLiabilities": -10645283, "changeToInventory": -7621704, "changeToOperatingActivities": 12046237, "totalCashFromOperatingActivities": 12321666, "capitalExpenditures": -6834743, "investments": -105900, "otherCashflowsFromInvestingActivities": 267336, "totalCashflowsFromInvestingActivities": -6180307, "netBorrowings": -6622222, "otherCashflowsFromFinancingActivities": -12310466, "totalCashFromFinancingActivities": -18932688, "changeInCash": -12791328}, {"maxAge": 1, "endDate": "2017-03-31", "netIncome": -4442407, "depreciation": 8363755, "changeToNetincome": 31890942, "changeToAccountReceivables": 7806184, "changeToLiabilities": -17897484, "changeToInventory": 4724792, "changeToOperatingActivities": 18391600, "totalCashFromOperatingActivities": 49149782, "capitalExpenditures": -6085211, "investments": -5, "otherCashflowsFromInvestingActivities": 158130, "totalCashflowsFromInvestingActivities": -5927086, "netBorrowings": -8355159, "otherCashflowsFromFinancingActivities": -14940646, "totalCashFromFinancingActivities": -23295805, "changeInCash": 19926891}], "maxAge": 86400}, "institutionOwnership": {"ownershipList": [], "maxAge": 1}, "balanceSheetHistoryQuarterly": {"balanceSheetStatements": [{"maxAge": 1, "endDate": "2020-06-30", "totalStockholderEquity": 292366221, "netTangibleAssets": 291350332}, {"maxAge": 1, "endDate": "2020-03-31", "cash": 12166420, "shortTermInvestments": 3249709, "netReceivables": 47182080, "inventory": 143617607, "otherCurrentAssets": 17179779, "totalCurrentAssets": 224202972, "longTermInvestments": 8235533, "propertyPlantEquipment": 165017054, "intangibleAssets": 1015889, "otherAssets": 15647649, "totalAssets": 414119097, "accountsPayable": 57587335, "otherCurrentLiab": 21159619, "otherLiab": 8451288, "totalCurrentLiabilities": 113301588, "totalLiab": 121752876, "commonStock": 70810000, "retainedEarnings": 127750658, "treasuryStock": 93805563, "otherStockholderEquity": 93805563, "totalStockholderEquity": 292366221, "netTangibleAssets": 291350332}, {"maxAge": 1, "endDate": "2019-12-31", "totalStockholderEquity": 293533000, "netTangibleAssets": 292364000}, {"maxAge": 1, "endDate": "2019-09-30", "cash": 10444000, "netReceivables": 57567000, "inventory": 105414000, "otherCurrentAssets": 13062000, "totalCurrentAssets": 186487000, "longTermInvestments": 11461000, "propertyPlantEquipment": 167271000, "intangibleAssets": 1169000, "otherAssets": 49811000, "totalAssets": 416199000, "accountsPayable": 42249000, "otherCurrentLiab": 41317000, "otherLiab": 8733000, "totalCurrentLiabilities": 113933000, "totalLiab": 122666000, "commonStock": 70810000, "treasuryStock": 222723000, "otherStockholderEquity": 222723000, "totalStockholderEquity": 293533000, "netTangibleAssets": 292364000}], "maxAge": 86400}, "indexTrend": {"maxAge": 1, "symbol": "SP5", "peRatio": 19.7411, "pegRatio": 1.34172, "estimates": [{"period": "0q", "growth": 0.549}, {"period": "+1q", "growth": 0.431}, {"period": "0y", "growth": 0.305}, {"period": "+1y", "growth": 0.109}, {"period": "+5y", "growth": 0.120859005}, {"period": "-5y"}]}, "insiderTransactions": {"transactions": [{"maxAge": 1, "shares": 5, "filerUrl": "", "transactionText": "", "filerName": "Sandu (Umesh B)", "filerRelation": "Managing Director", "moneyText": "", "startDate": "2020-03-31", "ownership": "D"}, {"maxAge": 1, "shares": 1355, "filerUrl": "", "transactionText": "", "filerName": "Sandu (Shashank Bhaskar)", "filerRelation": "Director", "moneyText": "", "startDate": "2020-03-30", "ownership": "D"}, {"maxAge": 1, "shares": 1650, "filerUrl": "", "transactionText": "", "filerName": "Sandu (Umesh B)", "filerRelation": "Managing Director", "moneyText": "", "startDate": "2020-03-30", "ownership": "D"}, {"maxAge": 1, "shares": 338, "filerUrl": "", "transactionText": "", "filerName": "Sandu (Umesh B)", "filerRelation": "Managing Director", "moneyText": "", "startDate": "2020-03-27", "ownership": "D"}, {"maxAge": 1, "shares": 100, "filerUrl": "", "transactionText": "", "filerName": "Sandu (Umesh B)", "filerRelation": "Managing Director", "moneyText": "", "startDate": "2020-03-26", "ownership": "D"}, {"maxAge": 1, "shares": 675000, "filerUrl": "", "transactionText": "", "filerName": "Sandu (Bhaskar Govind)", "filerRelation": "Chairman of the Board", "moneyText": "", "startDate": "2012-06-27", "ownership": "D"}, {"maxAge": 1, "shares": 1975000, "filerUrl": "", "transactionText": "", "filerName": "Sandu (Jayashree B)", "filerRelation": "UNREPORTED", "moneyText": "", "startDate": "2012-06-27", "ownership": "D"}, {"maxAge": 1, "shares": 650000, "filerUrl": "", "transactionText": "", "filerName": "Sandu (Shashank Bhaskar)", "filerRelation": "Director", "moneyText": "", "startDate": "2012-06-27", "ownership": "D"}, {"maxAge": 1, "shares": 650000, "filerUrl": "", "transactionText": "", "filerName": "Sandu (Umesh B)", "filerRelation": "Managing Director", "moneyText": "", "startDate": "2012-06-27", "ownership": "D"}, {"maxAge": 1, "shares": 1914000, "filerUrl": "", "transactionText": "", "filerName": "Deshpande (Sandhya K)", "filerRelation": "UNREPORTED", "moneyText": "", "startDate": "2011-08-11", "ownership": "D"}, {"maxAge": 1, "shares": 1914000, "filerUrl": "", "transactionText": "", "filerName": "Sandu (Jayashree B)", "filerRelation": "UNREPORTED", "moneyText": "", "startDate": "2011-08-11", "ownership": "D"}, {"maxAge": 1, "shares": 1714000, "filerUrl": "", "transactionText": "", "filerName": "Deshpande (Sandhya K)", "filerRelation": "UNREPORTED", "moneyText": "", "startDate": "2011-06-17", "ownership": "D"}, {"maxAge": 1, "shares": 1714000, "filerUrl": "", "transactionText": "", "filerName": "Fieldgate Enterprises Ltd", "filerRelation": "Institution- Corporation", "moneyText": "", "startDate": "2011-06-17", "ownership": "D"}], "maxAge": 1}, "quoteType": {"exchange": "BSE", "quoteType": "EQUITY", "symbol": "SANDUPHQ.BO", "underlyingSymbol": "SANDUPHQ.BO", "shortName": "SANDU PHARMACEUTICALS LTD.", "longName": "Sandu Pharmaceuticals Limited", "firstTradeDateEpochUtc": "2002-01-03 09:15:00", "timeZoneFullName": "Asia/Kolkata", "timeZoneShortName": "IST", "uuid": "697490e9-2846-37c9-9ed2-63b943709654", "gmtOffSetMilliseconds": 19800000, "maxAge": 1}, "incomeStatementHistory": {"incomeStatementHistory": [{"maxAge": 1, "endDate": "2020-03-31", "totalRevenue": 483674955, "costOfRevenue": 266295446, "grossProfit": 217379509, "researchDevelopment": {}, "sellingGeneralAdministrative": 117307924, "nonRecurring": {}, "otherOperatingExpenses": 85515920, "totalOperatingExpenses": 474641021, "operatingIncome": 9033934, "totalOtherIncomeExpenseNet": 156374, "ebit": 9033934, "interestExpense": -4046816, "incomeBeforeTax": 9190308, "incomeTaxExpense": 1987002, "minorityInterest": {}, "netIncomeFromContinuingOps": 7203306, "discontinuedOperations": {}, "extraordinaryItems": {}, "effectOfAccountingCharges": {}, "otherItems": {}, "netIncome": 7203306, "netIncomeApplicableToCommonShares": 7203306}, {"maxAge": 1, "endDate": "2019-03-31", "totalRevenue": 494246202, "costOfRevenue": 266965000, "grossProfit": 227281202, "researchDevelopment": {}, "sellingGeneralAdministrative": 124935104, "nonRecurring": {}, "otherOperatingExpenses": 82866292, "totalOperatingExpenses": 479664896, "operatingIncome": 14581306, "totalOtherIncomeExpenseNet": -4404453, "ebit": 14581306, "interestExpense": -9357493, "incomeBeforeTax": 10176853, "incomeTaxExpense": 3485700, "minorityInterest": {}, "netIncomeFromContinuingOps": 6691153, "discontinuedOperations": {}, "extraordinaryItems": {}, "effectOfAccountingCharges": {}, "otherItems": {}, "netIncome": 6691153, "netIncomeApplicableToCommonShares": 6691153}, {"maxAge": 1, "endDate": "2018-03-31", "totalRevenue": 490616557, "costOfRevenue": 294513230, "grossProfit": 196103327, "researchDevelopment": {}, "sellingGeneralAdministrative": 95919901, "nonRecurring": {}, "otherOperatingExpenses": 75056867, "totalOperatingExpenses": 471514158, "operatingIncome": 19102399, "totalOtherIncomeExpenseNet": -11550130, "ebit": 19102399, "interestExpense": -11767780, "incomeBeforeTax": 7552269, "incomeTaxExpense": 1936790, "minorityInterest": {}, "netIncomeFromContinuingOps": 5615479, "discontinuedOperations": {}, "extraordinaryItems": {}, "effectOfAccountingCharges": {}, "otherItems": {}, "netIncome": 5615479, "netIncomeApplicableToCommonShares": 5615479}, {"maxAge": 1, "endDate": "2017-03-31", "totalRevenue": 428251766, "costOfRevenue": 262811256, "grossProfit": 165440510, "researchDevelopment": {}, "sellingGeneralAdministrative": 74877576, "nonRecurring": {}, "otherOperatingExpenses": 72046756, "totalOperatingExpenses": 418411743, "operatingIncome": 9840023, "totalOtherIncomeExpenseNet": -9306752, "ebit": 9840023, "interestExpense": -14457480, "incomeBeforeTax": 533271, "incomeTaxExpense": 4975678, "minorityInterest": {}, "netIncomeFromContinuingOps": -4442407, "discontinuedOperations": {}, "extraordinaryItems": {}, "effectOfAccountingCharges": {}, "otherItems": {}, "netIncome": -4442407, "netIncomeApplicableToCommonShares": -4442407}], "maxAge": 86400}, "fundOwnership": {"ownershipList": [], "maxAge": 1}, "summaryDetail": {"maxAge": 1, "priceHint": 2, "previousClose": 47.0, "open": 47.0, "dayLow": 45.05, "dayHigh": 47.0, "regularMarketPreviousClose": 47.0, "regularMarketOpen": 47.0, "regularMarketDayLow": 45.05, "regularMarketDayHigh": 47.0, "trailingPE": 74.95974, "volume": 4929, "regularMarketVolume": 4929, "averageVolume": 5328, "averageVolume10days": 1446, "averageDailyVolume10Day": 1446, "bid": 46.5, "ask": 46.55, "bidSize": 0, "askSize": 0, "marketCap": 329620544, "fiftyTwoWeekLow": 10.45, "fiftyTwoWeekHigh": 47.0, "fiftyDayAverage": 36.645454, "twoHundredDayAverage": 28.53897, "currency": "INR", "fromCurrency": null, "lastMarket": null, "algorithm": null, "tradeable": false}, "incomeStatementHistoryQuarterly": {"incomeStatementHistory": [{"maxAge": 1, "endDate": "2020-06-30", "totalRevenue": 116697000, "costOfRevenue": 77290000, "grossProfit": 39407000, "researchDevelopment": {}, "sellingGeneralAdministrative": 14840000, "nonRecurring": {}, "otherOperatingExpenses": 22121000, "totalOperatingExpenses": 115625000, "operatingIncome": 1072000, "totalOtherIncomeExpenseNet": -476000, "ebit": 1072000, "interestExpense": -715000, "incomeBeforeTax": 596000, "incomeTaxExpense": 216000, "minorityInterest": {}, "netIncomeFromContinuingOps": 380000, "discontinuedOperations": {}, "extraordinaryItems": {}, "effectOfAccountingCharges": {}, "otherItems": {}, "netIncome": 380000, "netIncomeApplicableToCommonShares": 380000}, {"maxAge": 1, "endDate": "2020-03-31", "totalRevenue": 110166955, "costOfRevenue": 67613446, "grossProfit": 42553509, "researchDevelopment": {}, "sellingGeneralAdministrative": 67264924, "nonRecurring": {}, "otherOperatingExpenses": -27497080, "totalOperatingExpenses": 108764021, "operatingIncome": 1402934, "totalOtherIncomeExpenseNet": -582626, "ebit": 1402934, "interestExpense": -727816, "incomeBeforeTax": 820308, "incomeTaxExpense": 607002, "minorityInterest": {}, "netIncomeFromContinuingOps": 213306, "discontinuedOperations": {}, "extraordinaryItems": {}, "effectOfAccountingCharges": {}, "otherItems": {}, "netIncome": 213306, "netIncomeApplicableToCommonShares": 213306}, {"maxAge": 1, "endDate": "2019-12-31", "totalRevenue": 131804000, "costOfRevenue": 69785000, "grossProfit": 62019000, "researchDevelopment": {}, "sellingGeneralAdministrative": 17127000, "nonRecurring": {}, "otherOperatingExpenses": 41853000, "totalOperatingExpenses": 130158000, "operatingIncome": 1646000, "totalOtherIncomeExpenseNet": 528000, "ebit": 1646000, "interestExpense": -779000, "incomeBeforeTax": 2174000, "incomeTaxExpense": 609000, "minorityInterest": {}, "netIncomeFromContinuingOps": 1565000, "discontinuedOperations": {}, "extraordinaryItems": {}, "effectOfAccountingCharges": {}, "otherItems": {}, "netIncome": 1565000, "netIncomeApplicableToCommonShares": 1565000}, {"maxAge": 1, "endDate": "2019-09-30", "totalRevenue": 118251000, "costOfRevenue": 57209000, "grossProfit": 61042000, "researchDevelopment": {}, "sellingGeneralAdministrative": 18189000, "nonRecurring": {}, "otherOperatingExpenses": 38100000, "totalOperatingExpenses": 114884000, "operatingIncome": 3367000, "totalOtherIncomeExpenseNet": 142000, "ebit": 3367000, "interestExpense": -1167000, "incomeBeforeTax": 3509000, "incomeTaxExpense": 1184000, "minorityInterest": {}, "netIncomeFromContinuingOps": 2325000, "discontinuedOperations": {}, "extraordinaryItems": {}, "effectOfAccountingCharges": {}, "otherItems": {}, "netIncome": 2325000, "netIncomeApplicableToCommonShares": 2325000}], "maxAge": 86400}, "cashflowStatementHistoryQuarterly": {"cashflowStatements": [{"maxAge": 1, "endDate": "2020-06-30", "netIncome": 380000, "changeToLiabilities": 0}, {"maxAge": 1, "endDate": "2020-03-31", "netIncome": 213306, "changeToLiabilities": 0}, {"maxAge": 1, "endDate": "2019-12-31", "netIncome": 1565000, "changeToLiabilities": 0}, {"maxAge": 1, "endDate": "2019-09-30", "netIncome": 2325000, "changeToLiabilities": 0}], "maxAge": 86400}, "insiderHolders": {"holders": [{"maxAge": 1, "name": "Deshpande (Sandhya K)", "relation": "UNREPORTED", "url": "", "transactionDescription": "Sale", "latestTransDate": "2011-08-11", "positionDirect": 0, "positionDirectDate": "2011-08-11"}, {"maxAge": 1, "name": "Fieldgate Enterprises Ltd", "relation": "Institution- Corporation", "url": "", "transactionDescription": "Sale", "latestTransDate": "2011-06-17", "positionDirect": 0, "positionDirectDate": "2011-06-17"}, {"maxAge": 1, "name": "Sandu (Bhaskar Govind)", "relation": "Chairman of the Board", "url": "", "transactionDescription": "Acquisition", "latestTransDate": "2012-06-27", "positionDirect": 737000, "positionDirectDate": "2012-06-27"}, {"maxAge": 1, "name": "Sandu (Jayashree B)", "relation": "UNREPORTED", "url": "", "transactionDescription": "Sale", "latestTransDate": "2012-06-27", "positionDirect": 0, "positionDirectDate": "2012-06-27"}, {"maxAge": 1, "name": "Sandu (Shashank Bhaskar)", "relation": "Director", "url": "", "transactionDescription": "Acquisition", "latestTransDate": "2020-03-30", "positionDirect": 659255, "positionDirectDate": "2020-03-30"}, {"maxAge": 1, "name": "Sandu (Umesh B)", "relation": "Managing Director", "url": "", "transactionDescription": "Acquisition", "latestTransDate": "2020-03-31", "positionDirect": 679193, "positionDirectDate": "2020-03-31"}], "maxAge": 1}, "calendarEvents": {"maxAge": 1, "earnings": {"earningsDate": []}}, "upgradeDowngradeHistory": {"history": [], "maxAge": 86400}, "price": {"maxAge": 1, "regularMarketChangePercent": -0.009574484, "regularMarketChange": -0.45000076, "regularMarketTime": "2021-04-30 15:28:27", "priceHint": 2, "regularMarketPrice": 46.55, "regularMarketDayHigh": 47.0, "regularMarketDayLow": 45.05, "regularMarketVolume": 4929, "averageDailyVolume10Day": 1446, "averageDailyVolume3Month": 5328, "regularMarketPreviousClose": 47.0, "regularMarketSource": "FREE_REALTIME", "regularMarketOpen": 47.0, "exchange": "BSE", "exchangeName": "BSE", "exchangeDataDelayedBy": 0, "marketState": "CLOSED", "quoteType": "EQUITY", "symbol": "SANDUPHQ.BO", "underlyingSymbol": null, "shortName": "SANDU PHARMACEUTICALS LTD.", "longName": "Sandu Pharmaceuticals Limited", "currency": "INR", "quoteSourceName": "Delayed Quote", "currencySymbol": "\u20b9", "fromCurrency": null, "lastMarket": null, "marketCap": 329620544}, "balanceSheetHistory": {"balanceSheetStatements": [{"maxAge": 1, "endDate": "2020-03-31", "cash": 12166420, "shortTermInvestments": 3249709, "netReceivables": 47182080, "inventory": 143617607, "otherCurrentAssets": 17179779, "totalCurrentAssets": 224202972, "longTermInvestments": 8235533, "propertyPlantEquipment": 165017054, "intangibleAssets": 1015889, "otherAssets": 15647649, "totalAssets": 414119097, "accountsPayable": 57587335, "otherCurrentLiab": 21159619, "otherLiab": 8451288, "totalCurrentLiabilities": 113301588, "totalLiab": 121752876, "commonStock": 70810000, "retainedEarnings": 127750658, "treasuryStock": 93805563, "otherStockholderEquity": 93805563, "totalStockholderEquity": 292366221, "netTangibleAssets": 291350332}, {"maxAge": 1, "endDate": "2019-03-31", "cash": 7409387, "shortTermInvestments": 486410, "netReceivables": 48475627, "inventory": 132555288, "otherCurrentAssets": 11393023, "totalCurrentAssets": 200795968, "longTermInvestments": 11270163, "propertyPlantEquipment": 169160171, "intangibleAssets": 1271260, "otherAssets": 53857712, "totalAssets": 436355274, "accountsPayable": 42336149, "shortLongTermDebt": 677657, "otherCurrentLiab": 17239297, "longTermDebt": 1765146, "otherLiab": 8117410, "totalCurrentLiabilities": 138584017, "totalLiab": 148466573, "commonStock": 70810000, "retainedEarnings": 119166897, "treasuryStock": 97911804, "otherStockholderEquity": 97911804, "totalStockholderEquity": 287888701, "netTangibleAssets": 286617441}, {"maxAge": 1, "endDate": "2018-03-31", "cash": 13630095, "shortTermInvestments": 448439, "netReceivables": 67638090, "inventory": 114404476, "otherCurrentAssets": 11921259, "totalCurrentAssets": 208332697, "longTermInvestments": 11239932, "propertyPlantEquipment": 174107011, "intangibleAssets": 1594892, "otherAssets": 49999999, "totalAssets": 445274531, "accountsPayable": 30220901, "shortLongTermDebt": 626345, "otherCurrentLiab": 13624217, "longTermDebt": 2465127, "otherLiab": 8157076, "totalCurrentLiabilities": 153827659, "totalLiab": 164449862, "commonStock": 70810000, "retainedEarnings": 111095286, "treasuryStock": 98919383, "otherStockholderEquity": 98919383, "totalStockholderEquity": 280824669, "netTangibleAssets": 279229777}, {"maxAge": 1, "endDate": "2017-03-31", "cash": 23484205, "shortTermInvestments": 3385657, "netReceivables": 64295906, "inventory": 106782772, "otherCurrentAssets": 81344479, "totalCurrentAssets": 279515621, "longTermInvestments": 9915934, "propertyPlantEquipment": 173180534, "intangibleAssets": 1710785, "totalAssets": 464322874, "accountsPayable": 40866184, "shortLongTermDebt": 5360688, "otherCurrentLiab": 15499456, "longTermDebt": 893450, "otherLiab": 7985812, "totalCurrentLiabilities": 181366782, "totalLiab": 190246044, "commonStock": 70810000, "retainedEarnings": 101499351, "treasuryStock": 101767479, "otherStockholderEquity": 101767479, "totalStockholderEquity": 274076830, "netTangibleAssets": 272366045}], "maxAge": 86400}, "financialData": {"maxAge": 86400, "currentPrice": 46.55, "recommendationKey": "none", "grossProfits": 217379509, "financialCurrency": "INR"}}}