{"SANDESH.BO": {"recommendationTrend": {"trend": [{"period": "0m", "strongBuy": 0, "buy": 0, "hold": 0, "sell": 0, "strongSell": 0}, {"period": "-1m", "strongBuy": 0, "buy": 0, "hold": 0, "sell": 0, "strongSell": 0}, {"period": "-2m", "strongBuy": 0, "buy": 0, "hold": 0, "sell": 0, "strongSell": 0}, {"period": "-3m", "strongBuy": 0, "buy": 0, "hold": 0, "sell": 0, "strongSell": 0}], "maxAge": 86400}, "cashflowStatementHistory": {"cashflowStatements": [{"maxAge": 1, "endDate": "2020-03-31", "netIncome": 610998000, "depreciation": 78592000, "changeToNetincome": -219728000, "changeToAccountReceivables": 60560000, "changeToLiabilities": -76927000, "changeToInventory": 13656000, "changeToOperatingActivities": -1363203000, "totalCashFromOperatingActivities": -896052000, "capitalExpenditures": -18675000, "investments": 877114000, "otherCashflowsFromInvestingActivities": 20000, "totalCashflowsFromInvestingActivities": 849376000, "dividendsPaid": -45627000, "netBorrowings": -2709000, "otherCashflowsFromFinancingActivities": -297000, "totalCashFromFinancingActivities": -48633000, "changeInCash": -95307000}, {"maxAge": 1, "endDate": "2019-03-31", "netIncome": 648088000, "depreciation": 88524000, "changeToNetincome": -98164000, "changeToAccountReceivables": -30003000, "changeToLiabilities": -220736000, "changeToInventory": 194284000, "changeToOperatingActivities": -94691000, "totalCashFromOperatingActivities": 487328000, "capitalExpenditures": -37396000, "investments": -984428000, "otherCashflowsFromInvestingActivities": 19000, "totalCashflowsFromInvestingActivities": -1021657000, "dividendsPaid": -45627000, "netBorrowings": -23000, "otherCashflowsFromFinancingActivities": -4137000, "totalCashFromFinancingActivities": -49787000, "changeInCash": -584116000}, {"maxAge": 1, "endDate": "2018-03-31", "netIncome": 828418000, "depreciation": 84939000, "changeToNetincome": -37894000, "changeToAccountReceivables": -50458000, "changeToLiabilities": -79464000, "changeToInventory": -5343000, "changeToOperatingActivities": 38734000, "totalCashFromOperatingActivities": 779043000, "capitalExpenditures": -98029000, "investments": -1003099000, "otherCashflowsFromInvestingActivities": 21000, "totalCashflowsFromInvestingActivities": -1097926000, "dividendsPaid": -45552000, "netBorrowings": -16155000, "otherCashflowsFromFinancingActivities": -4031000, "totalCashFromFinancingActivities": -65738000, "changeInCash": -384621000}, {"maxAge": 1, "endDate": "2017-03-31", "netIncome": 728051000, "depreciation": 77088000, "changeToNetincome": -44669000, "changeToAccountReceivables": -50637000, "changeToLiabilities": 58360000, "changeToInventory": -202430000, "changeToOperatingActivities": 416653000, "totalCashFromOperatingActivities": 982758000, "capitalExpenditures": -194748000, "investments": -159410000, "otherCashflowsFromInvestingActivities": 12000, "totalCashflowsFromInvestingActivities": -326259000, "dividendsPaid": -45550000, "netBorrowings": -122600000, "otherCashflowsFromFinancingActivities": -4031000, "totalCashFromFinancingActivities": -168150000, "changeInCash": 488349000}], "maxAge": 86400}, "institutionOwnership": {"ownershipList": [], "maxAge": 1}, "balanceSheetHistoryQuarterly": {"balanceSheetStatements": [{"maxAge": 1, "endDate": "2020-06-30", "totalStockholderEquity": 7869844000, "netTangibleAssets": 7849473000}, {"maxAge": 1, "endDate": "2020-03-31", "cash": 145894000, "netReceivables": 2180486000, "inventory": 232873000, "otherCurrentAssets": 112225000, "totalCurrentAssets": 4564849000, "longTermInvestments": 2570757000, "propertyPlantEquipment": 713327000, "intangibleAssets": 20371000, "otherAssets": 549566000, "totalAssets": 8418870000, "accountsPayable": 63497000, "otherCurrentLiab": 427195000, "otherLiab": 53789000, "totalCurrentLiabilities": 495237000, "totalLiab": 549026000, "commonStock": 75694000, "treasuryStock": 7794150000, "otherStockholderEquity": 7794150000, "totalStockholderEquity": 7869844000, "netTangibleAssets": 7849473000}, {"maxAge": 1, "endDate": "2019-12-31", "totalStockholderEquity": 7620147000, "netTangibleAssets": 7596240000}, {"maxAge": 1, "endDate": "2019-09-30", "cash": 170617000, "shortTermInvestments": 2974752000, "netReceivables": 782697000, "inventory": 235965000, "otherCurrentAssets": 201324000, "totalCurrentAssets": 4365355000, "longTermInvestments": 2528030000, "propertyPlantEquipment": 744957000, "intangibleAssets": 23907000, "otherAssets": 538566000, "totalAssets": 8200815000, "accountsPayable": 110631000, "otherCurrentLiab": 367165000, "otherLiab": 95933000, "totalCurrentLiabilities": 484735000, "totalLiab": 580668000, "commonStock": 75694000, "treasuryStock": 7544453000, "otherStockholderEquity": 7544453000, "totalStockholderEquity": 7620147000, "netTangibleAssets": 7596240000}], "maxAge": 86400}, "earningsHistory": {"history": [{"maxAge": 1, "epsActual": {}, "epsEstimate": {}, "epsDifference": {}, "surprisePercent": {}, "quarter": {}, "period": "-4q"}, {"maxAge": 1, "epsActual": {}, "epsEstimate": {}, "epsDifference": {}, "surprisePercent": {}, "quarter": {}, "period": "-3q"}, {"maxAge": 1, "epsActual": {}, "epsEstimate": {}, "epsDifference": {}, "surprisePercent": {}, "quarter": {}, "period": "-2q"}, {"maxAge": 1, "epsActual": {}, "epsEstimate": {}, "epsDifference": {}, "surprisePercent": {}, "quarter": {}, "period": "-1q"}], "maxAge": 86400}, "indexTrend": {"maxAge": 1, "symbol": "SP5", "peRatio": 19.7411, "pegRatio": 1.34172, "estimates": [{"period": "0q", "growth": 0.549}, {"period": "+1q", "growth": 0.431}, {"period": "0y", "growth": 0.305}, {"period": "+1y", "growth": 0.109}, {"period": "+5y", "growth": 0.120865}, {"period": "-5y"}]}, "industryTrend": {"maxAge": 1, "symbol": null, "estimates": []}, "insiderTransactions": {"transactions": [{"maxAge": 1, "shares": 45500, "filerUrl": "", "transactionText": "", "filerName": "Patel (Falgunbhai Chimanbhai)", "filerRelation": "UNREPORTED", "moneyText": "", "startDate": "2018-03-15", "ownership": "D"}, {"maxAge": 1, "shares": 95350, "filerUrl": "", "transactionText": "", "filerName": "Patel (Falgunbhai Chimanbhai)", "filerRelation": "UNREPORTED", "moneyText": "", "startDate": "2018-03-15", "ownership": "D"}, {"maxAge": 1, "shares": 193700, "filerUrl": "", "transactionText": "", "filerName": "Patel (Falgunbhai Chimanbhai)", "filerRelation": "UNREPORTED", "moneyText": "", "startDate": "2017-03-09", "ownership": "D"}, {"maxAge": 1, "shares": 193700, "filerUrl": "", "transactionText": "", "filerName": "Patel (Parthiv Falgunbhai)", "filerRelation": "UNREPORTED", "moneyText": "", "startDate": "2017-03-09", "ownership": "D"}, {"maxAge": 1, "shares": 8514, "filerUrl": "", "transactionText": "", "filerName": "Divatia (Meghna Udit)", "filerRelation": "UNREPORTED", "moneyText": "", "startDate": "2017-01-27", "ownership": "D"}, {"maxAge": 1, "shares": 51600, "filerUrl": "", "transactionText": "", "filerName": "Pandya (Shreyas Vishnuprasad)", "filerRelation": "Director (Non-Executive)", "moneyText": "", "startDate": "2017-01-27", "ownership": "D"}, {"maxAge": 1, "shares": 1890152, "filerUrl": "", "transactionText": "", "filerName": "Satyesh Prochem LLP", "filerRelation": "Promoter", "moneyText": "", "startDate": "2016-12-12", "ownership": "D"}, {"maxAge": 1, "shares": 1890152, "filerUrl": "", "transactionText": "", "filerName": "Satlon Enterprises Pvt Ltd", "filerRelation": "Promoter", "moneyText": "", "startDate": "2016-12-12", "ownership": "D"}, {"maxAge": 1, "shares": 7998, "filerUrl": "", "transactionText": "", "filerName": "Satlon Enterprises Pvt Ltd", "filerRelation": "Promoter", "moneyText": "", "startDate": "2013-06-11", "ownership": "D"}, {"maxAge": 1, "shares": 955889, "filerUrl": "", "transactionText": "", "filerName": "Bennett Coleman & Company Ltd", "filerRelation": "Institution- Corporation", "moneyText": "", "startDate": "2013-03-14", "ownership": "D"}, {"maxAge": 1, "shares": 39200, "filerUrl": "", "transactionText": "", "filerName": "Abadadarsh Investments Pvt Ltd", "filerRelation": "Institution- Corporation", "moneyText": "", "startDate": "2011-04-22", "ownership": "D"}, {"maxAge": 1, "shares": 131955, "filerUrl": "", "transactionText": "", "filerName": "Suvasshanti Investments Pvt Ltd", "filerRelation": "Institution- Corporation", "moneyText": "", "startDate": "2011-04-22", "ownership": "D"}, {"maxAge": 1, "shares": 172355, "filerUrl": "", "transactionText": "", "filerName": "Sandesh Patel Agencies Pvt Ltd", "filerRelation": "Institution- Corporation", "moneyText": "", "startDate": "2011-04-22", "ownership": "D"}, {"maxAge": 1, "shares": 1200, "filerUrl": "", "transactionText": "", "filerName": "Samdrusthi Investments Pvt Ltd", "filerRelation": "Institution- Corporation", "moneyText": "", "startDate": "2011-04-22", "ownership": "D"}], "maxAge": 1}, "quoteType": {"exchange": "BSE", "quoteType": "EQUITY", "symbol": "SANDESH.BO", "underlyingSymbol": "SANDESH.BO", "shortName": "SANDESH LTD.", "longName": "The Sandesh Limited", "firstTradeDateEpochUtc": "2000-08-02 09:15:00", "timeZoneFullName": "Asia/Kolkata", "timeZoneShortName": "IST", "uuid": "d1631edf-817d-35ed-995e-3009e9b108c0", "gmtOffSetMilliseconds": 19800000, "maxAge": 1}, "incomeStatementHistory": {"incomeStatementHistory": [{"maxAge": 1, "endDate": "2020-03-31", "totalRevenue": 3548969000, "costOfRevenue": 1626672000, "grossProfit": 1922297000, "researchDevelopment": {}, "sellingGeneralAdministrative": {}, "nonRecurring": {}, "otherOperatingExpenses": 1099410000, "totalOperatingExpenses": 2804674000, "operatingIncome": 744295000, "totalOtherIncomeExpenseNet": 24943000, "ebit": 744295000, "interestExpense": -4170000, "incomeBeforeTax": 769238000, "incomeTaxExpense": 158240000, "minorityInterest": {}, "netIncomeFromContinuingOps": 610998000, "discontinuedOperations": {}, "extraordinaryItems": {}, "effectOfAccountingCharges": {}, "otherItems": {}, "netIncome": 610998000, "netIncomeApplicableToCommonShares": 610998000}, {"maxAge": 1, "endDate": "2019-03-31", "totalRevenue": 4388445000, "costOfRevenue": 2191820000, "grossProfit": 2196625000, "researchDevelopment": {}, "sellingGeneralAdministrative": {}, "nonRecurring": {}, "otherOperatingExpenses": 1118681000, "totalOperatingExpenses": 3399051000, "operatingIncome": 989394000, "totalOtherIncomeExpenseNet": 2597000, "ebit": 989394000, "interestExpense": -4137000, "incomeBeforeTax": 991991000, "incomeTaxExpense": 343903000, "minorityInterest": {}, "netIncomeFromContinuingOps": 648088000, "discontinuedOperations": {}, "extraordinaryItems": {}, "effectOfAccountingCharges": {}, "otherItems": {}, "netIncome": 648088000, "netIncomeApplicableToCommonShares": 648088000}, {"maxAge": 1, "endDate": "2018-03-31", "totalRevenue": 3906361000, "costOfRevenue": 1608564000, "grossProfit": 2297797000, "researchDevelopment": {}, "sellingGeneralAdministrative": {}, "nonRecurring": {}, "otherOperatingExpenses": 972527000, "totalOperatingExpenses": 2666141000, "operatingIncome": 1240220000, "totalOtherIncomeExpenseNet": 24493000, "ebit": 1240220000, "interestExpense": -4031000, "incomeBeforeTax": 1264713000, "incomeTaxExpense": 436295000, "minorityInterest": {}, "netIncomeFromContinuingOps": 828418000, "discontinuedOperations": {}, "extraordinaryItems": {}, "effectOfAccountingCharges": {}, "otherItems": {}, "netIncome": 828418000, "netIncomeApplicableToCommonShares": 828418000}, {"maxAge": 1, "endDate": "2017-03-31", "totalRevenue": 3692512000, "costOfRevenue": 1576221000, "grossProfit": 2116291000, "researchDevelopment": {}, "sellingGeneralAdministrative": {}, "nonRecurring": {}, "otherOperatingExpenses": 916689000, "totalOperatingExpenses": 2570340000, "operatingIncome": 1122172000, "totalOtherIncomeExpenseNet": 7469000, "ebit": 1122172000, "interestExpense": -10116000, "incomeBeforeTax": 1129641000, "incomeTaxExpense": 401590000, "minorityInterest": {}, "netIncomeFromContinuingOps": 728051000, "discontinuedOperations": {}, "extraordinaryItems": {}, "effectOfAccountingCharges": {}, "otherItems": {}, "netIncome": 728051000, "netIncomeApplicableToCommonShares": 728051000}], "maxAge": 86400}, "fundOwnership": {"ownershipList": [], "maxAge": 1}, "summaryDetail": {"maxAge": 1, "priceHint": 2, "previousClose": 663.4, "open": 649.0, "dayLow": 649.0, "dayHigh": 669.3, "regularMarketPreviousClose": 663.4, "regularMarketOpen": 649.0, "regularMarketDayLow": 649.0, "regularMarketDayHigh": 669.3, "trailingPE": 7.4086637, "forwardPE": 4.8482604, "volume": 932, "regularMarketVolume": 932, "averageVolume": 1185, "averageVolume10days": 231, "averageDailyVolume10Day": 231, "bid": 642.0, "ask": 665.0, "bidSize": 0, "askSize": 0, "marketCap": 4957969920, "fiftyTwoWeekLow": 380.0, "fiftyTwoWeekHigh": 768.9, "fiftyDayAverage": 649.5788, "twoHundredDayAverage": 547.246, "trailingAnnualDividendRate": 5.0, "trailingAnnualDividendYield": 0.0075369305, "currency": "INR", "fromCurrency": null, "lastMarket": null, "algorithm": null, "tradeable": false}, "sectorTrend": {"maxAge": 1, "symbol": null, "estimates": []}, "incomeStatementHistoryQuarterly": {"incomeStatementHistory": [{"maxAge": 1, "endDate": "2020-06-30", "totalRevenue": 590653000, "costOfRevenue": 188024000, "grossProfit": 402629000, "researchDevelopment": {}, "sellingGeneralAdministrative": {}, "nonRecurring": {}, "otherOperatingExpenses": 188495000, "totalOperatingExpenses": 393612000, "operatingIncome": 197041000, "totalOtherIncomeExpenseNet": 48187000, "ebit": 197041000, "interestExpense": -848000, "incomeBeforeTax": 245228000, "incomeTaxExpense": 50929000, "minorityInterest": {}, "netIncomeFromContinuingOps": 194299000, "discontinuedOperations": {}, "extraordinaryItems": {}, "effectOfAccountingCharges": {}, "otherItems": {}, "netIncome": 194299000, "netIncomeApplicableToCommonShares": 194299000}, {"maxAge": 1, "endDate": "2020-03-31", "totalRevenue": 833016000, "costOfRevenue": 349264000, "grossProfit": 483752000, "researchDevelopment": {}, "sellingGeneralAdministrative": {}, "nonRecurring": {}, "otherOperatingExpenses": 297784000, "totalOperatingExpenses": 665638000, "operatingIncome": 167378000, "totalOtherIncomeExpenseNet": 6782000, "ebit": 167378000, "interestExpense": -818000, "incomeBeforeTax": 174160000, "incomeTaxExpense": 38850000, "minorityInterest": {}, "netIncomeFromContinuingOps": 135310000, "discontinuedOperations": {}, "extraordinaryItems": {}, "effectOfAccountingCharges": {}, "otherItems": {}, "netIncome": 135310000, "netIncomeApplicableToCommonShares": 135310000}, {"maxAge": 1, "endDate": "2019-12-31", "totalRevenue": 908636000, "costOfRevenue": 395318000, "grossProfit": 513318000, "researchDevelopment": {}, "sellingGeneralAdministrative": {}, "nonRecurring": {}, "otherOperatingExpenses": 300565000, "totalOperatingExpenses": 714987000, "operatingIncome": 193649000, "totalOtherIncomeExpenseNet": 14852000, "ebit": 193649000, "interestExpense": -1401000, "incomeBeforeTax": 208501000, "incomeTaxExpense": 47985000, "minorityInterest": {}, "netIncomeFromContinuingOps": 160516000, "discontinuedOperations": {}, "extraordinaryItems": {}, "effectOfAccountingCharges": {}, "otherItems": {}, "netIncome": 160516000, "netIncomeApplicableToCommonShares": 160516000}, {"maxAge": 1, "endDate": "2019-09-30", "totalRevenue": 896664000, "costOfRevenue": 421370000, "grossProfit": 475294000, "researchDevelopment": {}, "sellingGeneralAdministrative": {}, "nonRecurring": {}, "otherOperatingExpenses": 270727000, "totalOperatingExpenses": 712081000, "operatingIncome": 184583000, "totalOtherIncomeExpenseNet": 184000, "ebit": 184583000, "interestExpense": -976000, "incomeBeforeTax": 184767000, "incomeTaxExpense": 4575000, "minorityInterest": {}, "netIncomeFromContinuingOps": 180192000, "discontinuedOperations": {}, "extraordinaryItems": {}, "effectOfAccountingCharges": {}, "otherItems": {}, "netIncome": 180192000, "netIncomeApplicableToCommonShares": 180192000}], "maxAge": 86400}, "cashflowStatementHistoryQuarterly": {"cashflowStatements": [{"maxAge": 1, "endDate": "2020-06-30", "netIncome": 194299000, "changeToLiabilities": 0}, {"maxAge": 1, "endDate": "2020-03-31", "netIncome": 135310000, "changeToLiabilities": 0}, {"maxAge": 1, "endDate": "2019-12-31", "netIncome": 160516000, "changeToLiabilities": 0}, {"maxAge": 1, "endDate": "2019-09-30", "netIncome": 180192000, "changeToLiabilities": 0}], "maxAge": 86400}, "insiderHolders": {"holders": [{"maxAge": 1, "name": "Abadadarsh Investments Pvt Ltd", "relation": "Institution- Corporation", "url": "", "transactionDescription": "Sale", "latestTransDate": "2011-04-22", "positionDirect": 0, "positionDirectDate": "2011-04-22"}, {"maxAge": 1, "name": "Bennett Coleman & Company Ltd", "relation": "Institution- Corporation", "url": "", "transactionDescription": "Sale", "latestTransDate": "2013-03-14", "positionDirect": 81575, "positionDirectDate": "2013-03-14"}, {"maxAge": 1, "name": "Divatia (Meghna Udit)", "relation": "UNREPORTED", "url": "", "transactionDescription": "Sale", "latestTransDate": "2017-01-27", "positionDirect": 0, "positionDirectDate": "2017-01-27"}, {"maxAge": 1, "name": "Pandya (Shreyas Vishnuprasad)", "relation": "Director (Non-Executive)", "url": "", "transactionDescription": "Sale", "latestTransDate": "2017-01-27", "positionDirect": 0, "positionDirectDate": "2017-01-27"}, {"maxAge": 1, "name": "Patel (Falgunbhai Chimanbhai)", "relation": "UNREPORTED", "url": "", "transactionDescription": "Purchase", "latestTransDate": "2018-03-15", "positionDirect": 245500, "positionDirectDate": "2018-03-15"}, {"maxAge": 1, "name": "Patel (Parthiv Falgunbhai)", "relation": "UNREPORTED", "url": "", "transactionDescription": "Sale", "latestTransDate": "2017-03-09", "positionDirect": 995400, "positionDirectDate": "2017-03-09"}, {"maxAge": 1, "name": "Sandesh Patel Agencies Pvt Ltd", "relation": "Institution- Corporation", "url": "", "transactionDescription": "Acquisition", "latestTransDate": "2011-04-22", "positionDirect": 298857, "positionDirectDate": "2011-04-22"}, {"maxAge": 1, "name": "Satlon Enterprises Pvt Ltd", "relation": "Promoter", "url": "", "transactionDescription": "Other", "latestTransDate": "2016-12-12", "positionDirect": 0, "positionDirectDate": "2016-12-12"}, {"maxAge": 1, "name": "Satyesh Prochem LLP", "relation": "Promoter", "url": "", "transactionDescription": "Other", "latestTransDate": "2016-12-12", "positionDirect": 3165929, "positionDirectDate": "2016-12-12"}, {"maxAge": 1, "name": "Suvasshanti Investments Pvt Ltd", "relation": "Institution- Corporation", "url": "", "transactionDescription": "Sale", "latestTransDate": "2011-04-22", "positionDirect": 0, "positionDirectDate": "2011-04-22"}], "maxAge": 1}, "earnings": {"maxAge": 86400, "earningsChart": {"quarterly": [], "earningsDate": ["2020-09-15 05:30:S"]}, "financialsChart": {"yearly": [{"date": 2017, "revenue": 3692512000, "earnings": 728051000}, {"date": 2018, "revenue": 3906361000, "earnings": 828418000}, {"date": 2019, "revenue": 4388445000, "earnings": 648088000}, {"date": 2020, "revenue": 3548969000, "earnings": 610998000}], "quarterly": [{"date": "3Q2019", "revenue": 896664000, "earnings": 180192000}, {"date": "4Q2019", "revenue": 908636000, "earnings": 160516000}, {"date": "1Q2020", "revenue": 833016000, "earnings": 135310000}, {"date": "2Q2020", "revenue": 590653000, "earnings": 194299000}]}, "financialCurrency": "INR"}, "calendarEvents": {"maxAge": 1, "earnings": {"earningsDate": ["2020-09-15 05:30:S"]}}, "upgradeDowngradeHistory": {"history": [], "maxAge": 86400}, "price": {"maxAge": 1, "regularMarketChangePercent": -0.01266208, "regularMarketChange": -8.400024, "regularMarketTime": "2021-04-30 15:29:30", "priceHint": 2, "regularMarketPrice": 655.0, "regularMarketDayHigh": 669.3, "regularMarketDayLow": 649.0, "regularMarketVolume": 932, "averageDailyVolume10Day": 231, "averageDailyVolume3Month": 1185, "regularMarketPreviousClose": 663.4, "regularMarketSource": "FREE_REALTIME", "regularMarketOpen": 649.0, "exchange": "BSE", "exchangeName": "BSE", "exchangeDataDelayedBy": 0, "marketState": "CLOSED", "quoteType": "EQUITY", "symbol": "SANDESH.BO", "underlyingSymbol": null, "shortName": "SANDESH LTD.", "longName": "The Sandesh Limited", "currency": "INR", "quoteSourceName": "Delayed Quote", "currencySymbol": "\u20b9", "fromCurrency": null, "lastMarket": null, "marketCap": 4957969920}, "balanceSheetHistory": {"balanceSheetStatements": [{"maxAge": 1, "endDate": "2020-03-31", "cash": 147888000, "shortTermInvestments": 1893371000, "netReceivables": 2180486000, "inventory": 232873000, "otherCurrentAssets": 110231000, "totalCurrentAssets": 4564849000, "longTermInvestments": 2570757000, "propertyPlantEquipment": 713327000, "intangibleAssets": 20371000, "otherAssets": 549566000, "totalAssets": 8418870000, "accountsPayable": 63497000, "otherCurrentLiab": 427195000, "otherLiab": 53789000, "totalCurrentLiabilities": 495237000, "totalLiab": 549026000, "commonStock": 75694000, "treasuryStock": 7794150000, "otherStockholderEquity": 7794150000, "totalStockholderEquity": 7869844000, "netTangibleAssets": 7849473000}, {"maxAge": 1, "endDate": "2019-03-31", "cash": 241201000, "shortTermInvestments": 2670890000, "netReceivables": 771264000, "inventory": 406937000, "otherCurrentAssets": 2092000, "totalCurrentAssets": 4163639000, "longTermInvestments": 2368398000, "propertyPlantEquipment": 771068000, "intangibleAssets": 25991000, "otherAssets": 674486000, "totalAssets": 8003582000, "accountsPayable": 122254000, "otherCurrentLiab": 437380000, "otherLiab": 121010000, "totalCurrentLiabilities": 578575000, "totalLiab": 699585000, "commonStock": 75694000, "retainedEarnings": 7096596000, "treasuryStock": 44000, "capitalSurplus": 131663000, "otherStockholderEquity": 44000, "totalStockholderEquity": 7303997000, "netTangibleAssets": 7278006000}, {"maxAge": 1, "endDate": "2018-03-31", "cash": 825317000, "netReceivables": 841090000, "inventory": 478209000, "otherCurrentAssets": 2754000, "totalCurrentAssets": 3772358000, "longTermInvestments": 2360041000, "propertyPlantEquipment": 820377000, "intangibleAssets": 29869000, "otherAssets": 595556000, "totalAssets": 7578201000, "accountsPayable": 174595000, "otherCurrentLiab": 616250000, "otherLiab": 69014000, "totalCurrentLiabilities": 809533000, "totalLiab": 878547000, "commonStock": 75694000, "retainedEarnings": 6492253000, "treasuryStock": 44000, "capitalSurplus": 131663000, "otherStockholderEquity": 44000, "totalStockholderEquity": 6699654000, "netTangibleAssets": 6669785000}, {"maxAge": 1, "endDate": "2017-03-31", "cash": 1209938000, "netReceivables": 675363000, "inventory": 623770000, "otherCurrentAssets": 11465000, "totalCurrentAssets": 3093166000, "longTermInvestments": 2339671000, "propertyPlantEquipment": 811958000, "intangibleAssets": 31341000, "otherAssets": 604553000, "totalAssets": 6880689000, "accountsPayable": 126838000, "otherCurrentLiab": 728465000, "otherLiab": 83700000, "totalCurrentLiabilities": 883285000, "totalLiab": 966985000, "commonStock": 75694000, "retainedEarnings": 5706303000, "treasuryStock": 44000, "capitalSurplus": 131663000, "otherStockholderEquity": 44000, "totalStockholderEquity": 5913704000, "netTangibleAssets": 5882363000}], "maxAge": 86400}, "earningsTrend": {"trend": [{"maxAge": 1, "period": "0q", "endDate": null, "growth": {}, "earningsEstimate": {"avg": 0.0, "low": 0.0, "high": 0.0, "yearAgoEps": {}, "numberOfAnalysts": 0, "growth": {}}, "revenueEstimate": {"avg": 0, "low": 0, "high": 0, "numberOfAnalysts": 0, "yearAgoRevenue": {}, "growth": {}}, "epsTrend": {"current": 0.0, "7daysAgo": 0.0, "30daysAgo": 0.0, "60daysAgo": 0.0, "90daysAgo": 0.0}, "epsRevisions": {"upLast7days": 0, "upLast30days": 0, "downLast30days": 0, "downLast90days": {}}}, {"maxAge": 1, "period": "+1q", "endDate": null, "growth": {}, "earningsEstimate": {"avg": 0.0, "low": 0.0, "high": 0.0, "yearAgoEps": {}, "numberOfAnalysts": 0, "growth": {}}, "revenueEstimate": {"avg": 0, "low": 0, "high": 0, "numberOfAnalysts": 0, "yearAgoRevenue": {}, "growth": {}}, "epsTrend": {"current": 0.0, "7daysAgo": 0.0, "30daysAgo": 0.0, "60daysAgo": 0.0, "90daysAgo": 0.0}, "epsRevisions": {"upLast7days": 0, "upLast30days": 0, "downLast30days": 0, "downLast90days": {}}}, {"maxAge": 1, "period": "0y", "endDate": null, "growth": {}, "earningsEstimate": {"avg": 0.0, "low": 0.0, "high": 0.0, "yearAgoEps": {}, "numberOfAnalysts": 0, "growth": {}}, "revenueEstimate": {"avg": 0, "low": 0, "high": 0, "numberOfAnalysts": 0, "yearAgoRevenue": {}, "growth": {}}, "epsTrend": {"current": 0.0, "7daysAgo": 0.0, "30daysAgo": 0.0, "60daysAgo": 0.0, "90daysAgo": 0.0}, "epsRevisions": {"upLast7days": 0, "upLast30days": 0, "downLast30days": 0, "downLast90days": {}}}, {"maxAge": 1, "period": "+1y", "endDate": null, "growth": {}, "earningsEstimate": {"avg": 0.0, "low": 0.0, "high": 0.0, "yearAgoEps": {}, "numberOfAnalysts": 0, "growth": {}}, "revenueEstimate": {"avg": 0, "low": 0, "high": 0, "numberOfAnalysts": 0, "yearAgoRevenue": {}, "growth": {}}, "epsTrend": {"current": 0.0, "7daysAgo": 0.0, "30daysAgo": 0.0, "60daysAgo": 0.0, "90daysAgo": 0.0}, "epsRevisions": {"upLast7days": 0, "upLast30days": 0, "downLast30days": 0, "downLast90days": {}}}, {"maxAge": 1, "period": "+5y", "endDate": null, "growth": 0.15, "earningsEstimate": {"avg": {}, "low": {}, "high": {}, "yearAgoEps": {}, "numberOfAnalysts": {}, "growth": {}}, "revenueEstimate": {"avg": {}, "low": {}, "high": {}, "numberOfAnalysts": {}, "yearAgoRevenue": {}, "growth": {}}, "epsTrend": {"current": {}, "7daysAgo": {}, "30daysAgo": {}, "60daysAgo": {}, "90daysAgo": {}}, "epsRevisions": {"upLast7days": {}, "upLast30days": {}, "downLast30days": {}, "downLast90days": {}}}, {"maxAge": 1, "period": "-5y", "endDate": null, "growth": {}, "earningsEstimate": {"avg": {}, "low": {}, "high": {}, "yearAgoEps": {}, "numberOfAnalysts": {}, "growth": {}}, "revenueEstimate": {"avg": {}, "low": {}, "high": {}, "numberOfAnalysts": {}, "yearAgoRevenue": {}, "growth": {}}, "epsTrend": {"current": {}, "7daysAgo": {}, "30daysAgo": {}, "60daysAgo": {}, "90daysAgo": {}}, "epsRevisions": {"upLast7days": {}, "upLast30days": {}, "downLast30days": {}, "downLast90days": {}}}], "maxAge": 1}, "financialData": {"maxAge": 86400, "currentPrice": 655.0, "targetHighPrice": 1585.0, "targetLowPrice": 1585.0, "targetMeanPrice": 1585.0, "targetMedianPrice": 1585.0, "recommendationKey": "none", "numberOfAnalystOpinions": 1, "grossProfits": 1922297000, "financialCurrency": "INR"}}}