{"SANGINITA.NS": {"assetProfile": {"address1": "301, Shalin Complex", "address2": "3rd Floor B/H, Megh-malhar Complex Sector-11, Ch- Road", "city": "Gandhinagar", "zip": "382011", "country": "India", "phone": "91 79 2324 0270", "fax": "91 79 2324 0270", "website": "http://www.sanginitachemicals.co.in", "industry": "Chemicals", "sector": "Basic Materials", "longBusinessSummary": "Sanginita Chemicals Limited manufactures and exports cuprous chloride, cupric chloride, and copper sulphate in India. The company also offers copper phthalocyanine blue crude. Its products are used in dyes and pigment industries, paint industries, pharmaceuticals industries, electroplating industries, metal extraction industries and ink, carbon paper, PVC pipe coating industries, etc. The company was incorporated in 2005 and is headquartered in Gandhinagar, India.", "fullTimeEmployees": 32, "companyOfficers": [{"maxAge": 1, "name": "Mr. Dineshsinh Bhimsinh Chavada", "age": 61, "title": "Chairman & MD", "yearBorn": 1959, "fiscalYear": 2020, "totalPay": 540000, "exercisedValue": 0, "unexercisedValue": 0}, {"maxAge": 1, "name": "Ms. Sangitaben Dineshsinh Chavda", "age": 35, "title": "Chief Financial Officer", "yearBorn": 1985, "fiscalYear": 2020, "totalPay": 259200, "exercisedValue": 0, "unexercisedValue": 0}, {"maxAge": 1, "name": "Mr. Vijaysinh Dineshsinh Chavda", "age": 40, "title": "Whole-Time Director", "yearBorn": 1980, "fiscalYear": 2020, "totalPay": 510000, "exercisedValue": 0, "unexercisedValue": 0}, {"maxAge": 1, "name": "Mr. Kamleshbhai Mafabhai Prajapati", "title": "Account Head", "exercisedValue": 0, "unexercisedValue": 0}, {"maxAge": 1, "name": "Ms. Saroj Ghanshyam Jagetia C.S.", "title": "Company Sec. & Compliance Officer", "exercisedValue": 0, "unexercisedValue": 0}, {"maxAge": 1, "name": "Mr. Baldevbhai Babubhai Chauhan", "age": 50, "title": "Marketing Mang.", "yearBorn": 1970, "exercisedValue": 0, "unexercisedValue": 0}], "compensationAsOfEpochDate": "2020-12-31 05:30:00", "maxAge": 86400}, "cashflowStatementHistory": {"cashflowStatements": [{"maxAge": 1, "endDate": "2020-03-31", "netIncome": 33662000, "depreciation": 6944000, "changeToNetincome": 27975000, "changeToAccountReceivables": -74206000, "changeToLiabilities": -8655000, "changeToInventory": -14401000, "changeToOperatingActivities": 12597000, "totalCashFromOperatingActivities": -16084000, "capitalExpenditures": -8150000, "otherCashflowsFromInvestingActivities": 1361000, "totalCashflowsFromInvestingActivities": -6789000, "netBorrowings": 55620000, "otherCashflowsFromFinancingActivities": -32921000, "totalCashFromFinancingActivities": 22699000, "changeInCash": -174000}, {"maxAge": 1, "endDate": "2019-03-31", "netIncome": 39432000, "depreciation": 6518000, "changeToNetincome": 29041000, "changeToAccountReceivables": 38468000, "changeToLiabilities": 29940000, "changeToInventory": -46509000, "changeToOperatingActivities": -90984000, "totalCashFromOperatingActivities": 5906000, "capitalExpenditures": -9292000, "otherCashflowsFromInvestingActivities": 1292000, "totalCashflowsFromInvestingActivities": -8000000, "netBorrowings": 34168000, "otherCashflowsFromFinancingActivities": -31872000, "totalCashFromFinancingActivities": 2296000, "changeInCash": 202000}, {"maxAge": 1, "endDate": "2018-03-31", "netIncome": 34525336, "depreciation": 4692716, "changeToNetincome": 24372590, "changeToAccountReceivables": 48983278, "changeToLiabilities": -41809887, "changeToInventory": -33930857, "changeToOperatingActivities": -8892608, "totalCashFromOperatingActivities": 27940568, "capitalExpenditures": -10648123, "otherCashflowsFromInvestingActivities": 1292000, "totalCashflowsFromInvestingActivities": -10648123, "netBorrowings": -490211, "otherCashflowsFromFinancingActivities": -18892155, "totalCashFromFinancingActivities": -19382366, "changeInCash": -2089921}, {"maxAge": 1, "endDate": "2017-03-31", "netIncome": 11176126, "depreciation": 4464067, "changeToNetincome": 29045104, "changeToAccountReceivables": -137669910, "changeToLiabilities": 49568634, "changeToInventory": 5178055, "changeToOperatingActivities": -35925692, "totalCashFromOperatingActivities": -74163616, "capitalExpenditures": -1448095, "otherCashflowsFromInvestingActivities": 1292000, "totalCashflowsFromInvestingActivities": -1448095, "netBorrowings": 5605801, "otherCashflowsFromFinancingActivities": -29017229, "totalCashFromFinancingActivities": 77040572, "changeInCash": 1428861, "issuanceOfStock": 100452000}], "maxAge": 86400}, "institutionOwnership": {"ownershipList": [], "maxAge": 1}, "majorHoldersBreakdown": {"maxAge": 1}, "balanceSheetHistoryQuarterly": {"balanceSheetStatements": [{"maxAge": 1, "endDate": "2020-12-31", "totalStockholderEquity": 396890000, "netTangibleAssets": 396627000}, {"maxAge": 1, "endDate": "2020-09-30", "cash": 425000, "netReceivables": 377883000, "inventory": 202108000, "otherCurrentAssets": 159479000, "totalCurrentAssets": 739895000, "propertyPlantEquipment": 36541000, "intangibleAssets": 263000, "otherAssets": 7214000, "totalAssets": 783913000, "accountsPayable": 16968000, "shortLongTermDebt": 817000, "otherCurrentLiab": 22233000, "longTermDebt": 2010000, "otherLiab": 329000, "totalCurrentLiabilities": 384684000, "totalLiab": 387023000, "commonStock": 172677000, "treasuryStock": 224213000, "otherStockholderEquity": 224213000, "totalStockholderEquity": 396890000, "netTangibleAssets": 396627000}, {"maxAge": 1, "endDate": "2020-06-30", "totalStockholderEquity": 386102000, "netTangibleAssets": 385575000}, {"maxAge": 1, "endDate": "2020-03-31", "cash": 264000, "netReceivables": 391737000, "inventory": 203766000, "otherCurrentAssets": 141417000, "totalCurrentAssets": 737229000, "propertyPlantEquipment": 38656000, "intangibleAssets": 527000, "otherAssets": 7353000, "totalAssets": 783765000, "accountsPayable": 30236000, "shortLongTermDebt": 1634000, "otherCurrentLiab": 12854000, "longTermDebt": 2585000, "otherLiab": 368000, "totalCurrentLiabilities": 394710000, "totalLiab": 397663000, "commonStock": 172677000, "retainedEarnings": 150268000, "capitalSurplus": 63157000, "totalStockholderEquity": 386102000, "netTangibleAssets": 385575000}], "maxAge": 86400}, "indexTrend": {"maxAge": 1, "symbol": "SP5", "peRatio": 19.7411, "pegRatio": 1.34172, "estimates": [{"period": "0q", "growth": 0.549}, {"period": "+1q", "growth": 0.431}, {"period": "0y", "growth": 0.305}, {"period": "+1y", "growth": 0.109}, {"period": "+5y", "growth": 0.120865}, {"period": "-5y"}]}, "defaultKeyStatistics": {"maxAge": 1, "priceHint": 2, "enterpriseValue": 761091968, "profitMargins": 0.00408, "floatShares": 2201581, "sharesOutstanding": 17267700, "beta": 0.419592, "category": null, "bookValue": 22.929, "priceToBook": 1.0205417, "fundFamily": null, "legalType": null, "lastFiscalYearEnd": "2020-03-31 05:30:00", "nextFiscalYearEnd": "2022-03-31 05:30:00", "mostRecentQuarter": "2020-12-31 05:30:00", "netIncomeToCommon": 6063000, "trailingEps": 0.351, "lastSplitFactor": null, "enterpriseToRevenue": 0.512, "enterpriseToEbitda": 18.242}, "summaryProfile": {"address1": "301, Shalin Complex", "address2": "3rd Floor B/H, Megh-malhar Complex Sector-11, Ch- Road", "city": "Gandhinagar", "zip": "382011", "country": "India", "phone": "91 79 2324 0270", "fax": "91 79 2324 0270", "website": "http://www.sanginitachemicals.co.in", "industry": "Chemicals", "sector": "Basic Materials", "longBusinessSummary": "Sanginita Chemicals Limited manufactures and exports cuprous chloride, cupric chloride, and copper sulphate in India. The company also offers copper phthalocyanine blue crude. Its products are used in dyes and pigment industries, paint industries, pharmaceuticals industries, electroplating industries, metal extraction industries and ink, carbon paper, PVC pipe coating industries, etc. The company was incorporated in 2005 and is headquartered in Gandhinagar, India.", "fullTimeEmployees": 32, "companyOfficers": [], "maxAge": 86400}, "netSharePurchaseActivity": {"maxAge": 1, "period": "6m", "buyInfoCount": 0, "buyInfoShares": 0, "sellInfoCount": 0, "netInfoCount": 0, "netInfoShares": 0, "totalInsiderShares": 0}, "quoteType": {"exchange": "NSI", "quoteType": "EQUITY", "symbol": "SANGINITA.NS", "underlyingSymbol": "SANGINITA.NS", "shortName": "Sanginita Chemicals Limit", "longName": "Sanginita Chemicals Limited", "firstTradeDateEpochUtc": "2017-03-16 09:15:00", "timeZoneFullName": "Asia/Kolkata", "timeZoneShortName": "IST", "uuid": "fbaf6b52-e1c3-3477-a250-13ef2838c72d", "gmtOffSetMilliseconds": 19800000, "maxAge": 1}, "incomeStatementHistory": {"incomeStatementHistory": [{"maxAge": 1, "endDate": "2020-03-31", "totalRevenue": 1597808000, "costOfRevenue": 1486503000, "grossProfit": 111305000, "researchDevelopment": {}, "sellingGeneralAdministrative": 5528000, "nonRecurring": {}, "otherOperatingExpenses": 21097000, "totalOperatingExpenses": 1520597000, "operatingIncome": 77211000, "totalOtherIncomeExpenseNet": -32210000, "ebit": 77211000, "interestExpense": -30118000, "incomeBeforeTax": 45001000, "incomeTaxExpense": 11339000, "minorityInterest": {}, "netIncomeFromContinuingOps": 33662000, "discontinuedOperations": {}, "extraordinaryItems": {}, "effectOfAccountingCharges": {}, "otherItems": {}, "netIncome": 33662000, "netIncomeApplicableToCommonShares": 33662000}, {"maxAge": 1, "endDate": "2019-03-31", "totalRevenue": 1875930000, "costOfRevenue": 1756679000, "grossProfit": 119251000, "researchDevelopment": {}, "sellingGeneralAdministrative": 5421000, "nonRecurring": {}, "otherOperatingExpenses": 20370000, "totalOperatingExpenses": 1789513000, "operatingIncome": 86417000, "totalOtherIncomeExpenseNet": -31790000, "ebit": 86417000, "interestExpense": -28558000, "incomeBeforeTax": 54627000, "incomeTaxExpense": 15195000, "minorityInterest": {}, "netIncomeFromContinuingOps": 39432000, "discontinuedOperations": {}, "extraordinaryItems": {}, "effectOfAccountingCharges": {}, "otherItems": {}, "netIncome": 39432000, "netIncomeApplicableToCommonShares": 39432000}, {"maxAge": 1, "endDate": "2018-03-31", "totalRevenue": 1945488866, "costOfRevenue": 1828994381, "grossProfit": 116494485, "researchDevelopment": {}, "sellingGeneralAdministrative": 5518237, "nonRecurring": {}, "otherOperatingExpenses": 30434970, "totalOperatingExpenses": 1869640304, "operatingIncome": 75848562, "totalOtherIncomeExpenseNet": -24090719, "ebit": 75848562, "interestExpense": -23592501, "incomeBeforeTax": 51757843, "incomeTaxExpense": 17232507, "minorityInterest": {}, "netIncomeFromContinuingOps": 34525336, "discontinuedOperations": {}, "extraordinaryItems": {}, "effectOfAccountingCharges": {}, "otherItems": {}, "netIncome": 34525336, "netIncomeApplicableToCommonShares": 34525336}, {"maxAge": 1, "endDate": "2017-03-31", "totalRevenue": 1473315850, "costOfRevenue": 1378978941, "grossProfit": 94336909, "researchDevelopment": {}, "sellingGeneralAdministrative": 3207427, "nonRecurring": {}, "otherOperatingExpenses": 40590119, "totalOperatingExpenses": 1427240554, "operatingIncome": 46075296, "totalOtherIncomeExpenseNet": -29014799, "ebit": 46075296, "interestExpense": -27395030, "incomeBeforeTax": 17060497, "incomeTaxExpense": 5884371, "minorityInterest": {}, "netIncomeFromContinuingOps": 11176126, "discontinuedOperations": {}, "extraordinaryItems": {}, "effectOfAccountingCharges": {}, "otherItems": {}, "netIncome": 11176126, "netIncomeApplicableToCommonShares": 11176127}], "maxAge": 86400}, "fundOwnership": {"ownershipList": [], "maxAge": 1}, "summaryDetail": {"maxAge": 1, "priceHint": 2, "previousClose": 23.5, "open": 23.5, "dayLow": 23.1, "dayHigh": 24.0, "regularMarketPreviousClose": 23.5, "regularMarketOpen": 23.5, "regularMarketDayLow": 23.1, "regularMarketDayHigh": 24.0, "payoutRatio": 0.0, "beta": 0.419592, "trailingPE": 66.666664, "volume": 17339, "regularMarketVolume": 17339, "averageVolume": 44833, "averageVolume10days": 106795, "averageDailyVolume10Day": 106795, "bid": 0.0, "ask": 0.0, "marketCap": 404064160, "fiftyTwoWeekLow": 18.0, "fiftyTwoWeekHigh": 109.9, "priceToSalesTrailing12Months": 0.27191964, "fiftyDayAverage": 24.18788, "twoHundredDayAverage": 37.81286, "currency": "INR", "fromCurrency": null, "lastMarket": null, "algorithm": null, "tradeable": false}, "incomeStatementHistoryQuarterly": {"incomeStatementHistory": [{"maxAge": 1, "endDate": "2020-12-31", "totalRevenue": 369027000, "costOfRevenue": 357148000, "grossProfit": 11879000, "researchDevelopment": {}, "sellingGeneralAdministrative": 1119000, "nonRecurring": {}, "otherOperatingExpenses": 4746000, "totalOperatingExpenses": 364682000, "operatingIncome": 4345000, "totalOtherIncomeExpenseNet": -6999000, "ebit": 4345000, "interestExpense": -6999000, "incomeBeforeTax": -2654000, "incomeTaxExpense": 0, "minorityInterest": {}, "netIncomeFromContinuingOps": -2654000, "discontinuedOperations": {}, "extraordinaryItems": {}, "effectOfAccountingCharges": {}, "otherItems": {}, "netIncome": -2654000, "netIncomeApplicableToCommonShares": -2654000}, {"maxAge": 1, "endDate": "2020-09-30", "totalRevenue": 476654000, "costOfRevenue": 443563000, "grossProfit": 33091000, "researchDevelopment": {}, "sellingGeneralAdministrative": 1161000, "nonRecurring": {}, "otherOperatingExpenses": 7606000, "totalOperatingExpenses": 454105000, "operatingIncome": 22549000, "totalOtherIncomeExpenseNet": -6458000, "ebit": 22549000, "interestExpense": -6458000, "incomeBeforeTax": 16091000, "incomeTaxExpense": 3628000, "minorityInterest": {}, "netIncomeFromContinuingOps": 12463000, "discontinuedOperations": {}, "extraordinaryItems": {}, "effectOfAccountingCharges": {}, "otherItems": {}, "netIncome": 12463000, "netIncomeApplicableToCommonShares": 12463000}, {"maxAge": 1, "endDate": "2020-06-30", "totalRevenue": 267702000, "costOfRevenue": 255625000, "grossProfit": 12077000, "researchDevelopment": {}, "sellingGeneralAdministrative": 1234000, "nonRecurring": {}, "otherOperatingExpenses": 4170000, "totalOperatingExpenses": 262516000, "operatingIncome": 5186000, "totalOtherIncomeExpenseNet": -6862000, "ebit": 5186000, "interestExpense": -6862000, "incomeBeforeTax": -1676000, "incomeTaxExpense": 0, "minorityInterest": {}, "netIncomeFromContinuingOps": -1676000, "discontinuedOperations": {}, "extraordinaryItems": {}, "effectOfAccountingCharges": {}, "otherItems": {}, "netIncome": -1676000, "netIncomeApplicableToCommonShares": -1676000}, {"maxAge": 1, "endDate": "2020-03-31", "totalRevenue": 372585000, "costOfRevenue": 363613000, "grossProfit": 8972000, "researchDevelopment": {}, "sellingGeneralAdministrative": 1820000, "nonRecurring": {}, "otherOperatingExpenses": 2504000, "totalOperatingExpenses": 370208000, "operatingIncome": 2377000, "totalOtherIncomeExpenseNet": -7806000, "ebit": 2377000, "interestExpense": -5715000, "incomeBeforeTax": -5429000, "incomeTaxExpense": -2691000, "minorityInterest": {}, "netIncomeFromContinuingOps": -2738000, "discontinuedOperations": {}, "extraordinaryItems": {}, "effectOfAccountingCharges": {}, "otherItems": {}, "netIncome": -2738000, "netIncomeApplicableToCommonShares": -2738000}], "maxAge": 86400}, "cashflowStatementHistoryQuarterly": {"cashflowStatements": [{"maxAge": 1, "endDate": "2020-12-31", "netIncome": -2654000, "changeToLiabilities": 0}, {"maxAge": 1, "endDate": "2020-09-30", "netIncome": 12463000, "changeToLiabilities": 0}, {"maxAge": 1, "endDate": "2020-06-30", "netIncome": -1676000, "changeToLiabilities": 0}, {"maxAge": 1, "endDate": "2020-03-31", "netIncome": -2738000, "changeToLiabilities": 0}], "maxAge": 86400}, "insiderHolders": {"holders": [], "maxAge": 1}, "calendarEvents": {"maxAge": 1, "earnings": {"earningsDate": []}}, "upgradeDowngradeHistory": {"history": [], "maxAge": 86400}, "price": {"maxAge": 1, "regularMarketChangePercent": -0.0042553353, "regularMarketChange": -0.10000038, "regularMarketTime": "2021-04-30 15:29:16", "priceHint": 2, "regularMarketPrice": 23.4, "regularMarketDayHigh": 24.0, "regularMarketDayLow": 23.1, "regularMarketVolume": 17339, "averageDailyVolume10Day": 106795, "averageDailyVolume3Month": 44833, "regularMarketPreviousClose": 23.5, "regularMarketSource": "FREE_REALTIME", "regularMarketOpen": 23.5, "exchange": "NSI", "exchangeName": "NSE", "exchangeDataDelayedBy": 15, "marketState": "CLOSED", "quoteType": "EQUITY", "symbol": "SANGINITA.NS", "underlyingSymbol": null, "shortName": "Sanginita Chemicals Limit", "longName": "Sanginita Chemicals Limited", "currency": "INR", "quoteSourceName": "Delayed Quote", "currencySymbol": "\u20b9", "fromCurrency": null, "lastMarket": null, "marketCap": 404064160}, "balanceSheetHistory": {"balanceSheetStatements": [{"maxAge": 1, "endDate": "2020-03-31", "cash": 264000, "netReceivables": 391737000, "inventory": 203766000, "otherCurrentAssets": 141417000, "totalCurrentAssets": 737229000, "propertyPlantEquipment": 38656000, "intangibleAssets": 527000, "otherAssets": 7353000, "totalAssets": 783765000, "accountsPayable": 30236000, "shortLongTermDebt": 1634000, "otherCurrentLiab": 12854000, "longTermDebt": 2585000, "otherLiab": 368000, "totalCurrentLiabilities": 394710000, "totalLiab": 397663000, "commonStock": 172677000, "retainedEarnings": 150268000, "capitalSurplus": 63157000, "totalStockholderEquity": 386102000, "netTangibleAssets": 385575000}, {"maxAge": 1, "endDate": "2019-03-31", "cash": 438000, "netReceivables": 317531000, "inventory": 189365000, "otherCurrentAssets": 162553000, "totalCurrentAssets": 669939000, "propertyPlantEquipment": 37156000, "intangibleAssets": 1052000, "otherAssets": 7646000, "totalAssets": 715793000, "accountsPayable": 38891000, "shortLongTermDebt": 1634000, "otherCurrentLiab": 16983000, "longTermDebt": 3516000, "otherLiab": 508000, "totalCurrentLiabilities": 359329000, "totalLiab": 363353000, "commonStock": 172677000, "retainedEarnings": 116606000, "capitalSurplus": 63157000, "totalStockholderEquity": 352440000, "netTangibleAssets": 351388000}, {"maxAge": 1, "endDate": "2018-03-31", "cash": 236193, "netReceivables": 356002767, "inventory": 142855925, "otherCurrentAssets": 69769091, "totalCurrentAssets": 568863976, "propertyPlantEquipment": 39908037, "otherAssets": 687785, "totalAssets": 609459798, "accountsPayable": 8951640, "shortLongTermDebt": 4807356, "otherCurrentLiab": 17882305, "longTermDebt": 6454954, "otherLiab": 747976, "totalCurrentLiabilities": 289248942, "totalLiab": 296451872, "commonStock": 172677000, "retainedEarnings": 77173486, "capitalSurplus": 63157440, "totalStockholderEquity": 313007926, "netTangibleAssets": 313007926}, {"maxAge": 1, "endDate": "2017-03-31", "cash": 2326114, "netReceivables": 404986045, "inventory": 108925068, "otherCurrentAssets": 48641433, "totalCurrentAssets": 564878660, "propertyPlantEquipment": 33952630, "otherAssets": 1717305, "totalAssets": 600548595, "accountsPayable": 55138351, "shortLongTermDebt": 3900288, "otherCurrentLiab": 6263872, "longTermDebt": 6665147, "otherLiab": 774696, "totalCurrentLiabilities": 314626162, "totalLiab": 322066005, "commonStock": 172677000, "retainedEarnings": 42648150, "capitalSurplus": 63157440, "totalStockholderEquity": 278482590, "netTangibleAssets": 278482590}], "maxAge": 86400}, "financialData": {"maxAge": 86400, "currentPrice": 23.4, "recommendationKey": "none", "totalCash": 425000, "totalCashPerShare": 0.024, "ebitda": 41721500, "totalDebt": 347492992, "totalRevenue": 1485969024, "debtToEquity": 87.554, "revenuePerShare": 86.028, "grossProfits": 111305000, "revenueGrowth": -0.18, "grossMargins": 0.04443, "ebitdaMargins": 0.028080001, "operatingMargins": 0.02319, "profitMargins": 0.00408, "financialCurrency": "INR"}}}