{"SANGHIIND.NS": {"assetProfile": {"address1": "Kataria Arcade", "address2": "10th Floor Off. S.G. Highway Post Makaraba", "city": "Ahmedabad", "zip": "380051", "country": "India", "phone": "91 79 2683 8000", "fax": "91 79 2683 8111", "website": "http://www.sanghicement.com", "industry": "Building Materials", "sector": "Basic Materials", "longBusinessSummary": "Sanghi Industries Limited manufactures and markets cement and cement products in India and internationally. It provides ordinary Portland, Portland Pozzolana, and Portland slag cement; and ready mix concrete and clinker. The company was incorporated in 1985 and is based in Ahmedabad, India.", "fullTimeEmployees": 905, "companyOfficers": [{"maxAge": 1, "name": "Ms. Bina  Engineer", "age": 53, "title": "Whole Time Director", "yearBorn": 1967, "fiscalYear": 2020, "totalPay": 12500000, "exercisedValue": 0, "unexercisedValue": 0}, {"maxAge": 1, "name": "Mr. Alok  Sanghi", "age": 36, "title": "Whole Time Director", "yearBorn": 1984, "fiscalYear": 2020, "totalPay": 11458333, "exercisedValue": 0, "unexercisedValue": 0}], "compensationAsOfEpochDate": "2020-12-31 05:30:00", "maxAge": 86400}, "recommendationTrend": {"trend": [{"period": "0m", "strongBuy": 0, "buy": 0, "hold": 0, "sell": 0, "strongSell": 0}, {"period": "-1m", "strongBuy": 0, "buy": 0, "hold": 0, "sell": 0, "strongSell": 0}, {"period": "-2m", "strongBuy": 0, "buy": 0, "hold": 0, "sell": 0, "strongSell": 0}, {"period": "-3m", "strongBuy": 0, "buy": 0, "hold": 0, "sell": 0, "strongSell": 0}], "maxAge": 86400}, "cashflowStatementHistory": {"cashflowStatements": [{"maxAge": 1, "endDate": "2020-03-31", "netIncome": 653500000, "depreciation": 620800000, "changeToNetincome": 732500000, "changeToAccountReceivables": 48000000, "changeToLiabilities": -600700000, "changeToInventory": -1192900000, "changeToOperatingActivities": 452100000, "totalCashFromOperatingActivities": 713300000, "capitalExpenditures": -5975400000, "investments": 1145600000, "otherCashflowsFromInvestingActivities": 76500000, "totalCashflowsFromInvestingActivities": -4709700000, "netBorrowings": 4800900000, "otherCashflowsFromFinancingActivities": -786200000, "totalCashFromFinancingActivities": 4014700000, "changeInCash": 18300000}, {"maxAge": 1, "endDate": "2019-03-31", "netIncome": 526000000, "depreciation": 713400000, "changeToNetincome": 360100000, "changeToAccountReceivables": -121000000, "changeToLiabilities": 603400000, "changeToInventory": -897900000, "changeToOperatingActivities": 38800000, "totalCashFromOperatingActivities": 1222800000, "capitalExpenditures": -3998800000, "investments": 2614400000, "otherCashflowsFromInvestingActivities": 262600000, "totalCashflowsFromInvestingActivities": -1118800000, "netBorrowings": 455000000, "otherCashflowsFromFinancingActivities": -558600000, "totalCashFromFinancingActivities": -103600000, "changeInCash": 400000}, {"maxAge": 1, "endDate": "2018-03-31", "netIncome": 933100000, "depreciation": 723800000, "changeToNetincome": 680400000, "changeToAccountReceivables": -81400000, "changeToLiabilities": -94300000, "changeToInventory": 390900000, "changeToOperatingActivities": -334700000, "totalCashFromOperatingActivities": 2217800000, "capitalExpenditures": -2891200000, "investments": -4115400000, "otherCashflowsFromInvestingActivities": 160500000, "totalCashflowsFromInvestingActivities": -6844100000, "netBorrowings": 1404900000, "otherCashflowsFromFinancingActivities": -777900000, "totalCashFromFinancingActivities": 4628700000, "changeInCash": 2400000, "issuanceOfStock": 4001700000}, {"maxAge": 1, "endDate": "2017-03-31", "netIncome": 631400000, "depreciation": 730600000, "changeToNetincome": 620800000, "changeToAccountReceivables": -55000000, "changeToLiabilities": -18300000, "changeToInventory": -481300000, "changeToOperatingActivities": -668100000, "totalCashFromOperatingActivities": 760100000, "capitalExpenditures": -752200000, "investments": 666800000, "otherCashflowsFromInvestingActivities": 5400000, "totalCashflowsFromInvestingActivities": -78700000, "netBorrowings": 20700000, "otherCashflowsFromFinancingActivities": -702900000, "totalCashFromFinancingActivities": -682200000, "changeInCash": -800000, "issuanceOfStock": 4001700000}], "maxAge": 86400}, "indexTrend": {"maxAge": 1, "symbol": "SP5", "peRatio": 19.7411, "pegRatio": 1.34172, "estimates": [{"period": "0q", "growth": 0.549}, {"period": "+1q", "growth": 0.431}, {"period": "0y", "growth": 0.305}, {"period": "+1y", "growth": 0.109}, {"period": "+5y", "growth": 0.120865}, {"period": "-5y"}]}, "defaultKeyStatistics": {"maxAge": 1, "priceHint": 2, "enterpriseValue": 22074265600, "forwardPE": 7.2003155, "profitMargins": 0.08169, "floatShares": 66811804, "sharesOutstanding": 251000000, "heldPercentInsiders": 0.71926004, "heldPercentInstitutions": 0.040560003, "beta": 1.320694, "category": null, "bookValue": 66.804, "priceToBook": 0.68334234, "fundFamily": null, "legalType": null, "lastFiscalYearEnd": "2020-03-31 05:30:00", "nextFiscalYearEnd": "2022-03-31 05:30:00", "mostRecentQuarter": "2020-12-31 05:30:00", "earningsQuarterlyGrowth": 7.514, "netIncomeToCommon": 680174016, "trailingEps": 2.71, "forwardEps": 6.34, "pegRatio": 0.14, "lastSplitFactor": null, "enterpriseToRevenue": 2.651, "enterpriseToEbitda": 11.557}, "industryTrend": {"maxAge": 1, "symbol": null, "estimates": []}, "quoteType": {"exchange": "NSI", "quoteType": "EQUITY", "symbol": "SANGHIIND.NS", "underlyingSymbol": "SANGHIIND.NS", "shortName": "SANGHI INDUSTRIES", "longName": "Sanghi Industries Limited", "firstTradeDateEpochUtc": "2006-06-23 09:15:00", "timeZoneFullName": "Asia/Kolkata", "timeZoneShortName": "IST", "uuid": "5ebf598a-ff05-3fe8-8993-e3a0d5169537", "gmtOffSetMilliseconds": 19800000, "maxAge": 1}, "incomeStatementHistory": {"incomeStatementHistory": [{"maxAge": 1, "endDate": "2020-03-31", "totalRevenue": 8874200000, "costOfRevenue": 3124500000, "grossProfit": 5749700000, "researchDevelopment": {}, "sellingGeneralAdministrative": 3117900000, "nonRecurring": {}, "otherOperatingExpenses": 660000000, "totalOperatingExpenses": 7523200000, "operatingIncome": 1351000000, "totalOtherIncomeExpenseNet": -697500000, "ebit": 1351000000, "interestExpense": -779600000, "incomeBeforeTax": 653500000, "incomeTaxExpense": 0, "minorityInterest": {}, "netIncomeFromContinuingOps": 653500000, "discontinuedOperations": {}, "extraordinaryItems": {}, "effectOfAccountingCharges": {}, "otherItems": {}, "netIncome": 653500000, "netIncomeApplicableToCommonShares": 653500000}, {"maxAge": 1, "endDate": "2019-03-31", "totalRevenue": 10606100000, "costOfRevenue": 4094000000, "grossProfit": 6512100000, "researchDevelopment": {}, "sellingGeneralAdministrative": 4139000000, "nonRecurring": {}, "otherOperatingExpenses": 762600000, "totalOperatingExpenses": 9709000000, "operatingIncome": 897100000, "totalOtherIncomeExpenseNet": -371100000, "ebit": 897100000, "interestExpense": -573300000, "incomeBeforeTax": 526000000, "incomeTaxExpense": 0, "minorityInterest": {}, "netIncomeFromContinuingOps": 526000000, "discontinuedOperations": {}, "extraordinaryItems": {}, "effectOfAccountingCharges": {}, "otherItems": {}, "netIncome": 526000000, "netIncomeApplicableToCommonShares": 526000000}, {"maxAge": 1, "endDate": "2018-03-31", "totalRevenue": 10258100000, "costOfRevenue": 3263200000, "grossProfit": 6994900000, "researchDevelopment": {}, "sellingGeneralAdministrative": 3869600000, "nonRecurring": {}, "otherOperatingExpenses": 967400000, "totalOperatingExpenses": 8824000000, "operatingIncome": 1434100000, "totalOtherIncomeExpenseNet": -501000000, "ebit": 1434100000, "interestExpense": -721200000, "incomeBeforeTax": 933100000, "incomeTaxExpense": 0, "minorityInterest": {}, "netIncomeFromContinuingOps": 933100000, "discontinuedOperations": {}, "extraordinaryItems": {}, "effectOfAccountingCharges": {}, "otherItems": {}, "netIncome": 933100000, "netIncomeApplicableToCommonShares": 933100000}, {"maxAge": 1, "endDate": "2017-03-31", "totalRevenue": 9942100000, "costOfRevenue": 3285500000, "grossProfit": 6656600000, "researchDevelopment": {}, "sellingGeneralAdministrative": 3858500000, "nonRecurring": {}, "otherOperatingExpenses": 811500000, "totalOperatingExpenses": 8686100000, "operatingIncome": 1256000000, "totalOtherIncomeExpenseNet": -624600000, "ebit": 1256000000, "interestExpense": -642300000, "incomeBeforeTax": 631400000, "incomeTaxExpense": 0, "minorityInterest": {}, "netIncomeFromContinuingOps": 631400000, "discontinuedOperations": {}, "extraordinaryItems": {}, "effectOfAccountingCharges": {}, "otherItems": {}, "netIncome": 631400000, "netIncomeApplicableToCommonShares": 631400000}], "maxAge": 86400}, "fundOwnership": {"ownershipList": [], "maxAge": 1}, "summaryDetail": {"maxAge": 1, "priceHint": 2, "previousClose": 43.05, "open": 46.45, "dayLow": 45.5, "dayHigh": 47.55, "regularMarketPreviousClose": 43.05, "regularMarketOpen": 46.45, "regularMarketDayLow": 45.5, "regularMarketDayHigh": 47.55, "payoutRatio": 0.0, "beta": 1.320694, "trailingPE": 16.845018, "forwardPE": 7.2003155, "volume": 6055679, "regularMarketVolume": 6055679, "averageVolume": 2931238, "averageVolume10days": 1258430, "averageDailyVolume10Day": 1258430, "bid": 0.0, "ask": 0.0, "bidSize": 0, "askSize": 0, "marketCap": 11418206208, "fiftyTwoWeekLow": 14.0, "fiftyTwoWeekHigh": 49.3, "priceToSalesTrailing12Months": 1.3714212, "fiftyDayAverage": 42.425, "twoHundredDayAverage": 34.70851, "currency": "INR", "fromCurrency": null, "lastMarket": null, "algorithm": null, "tradeable": false}, "insiderHolders": {"holders": [{"maxAge": 1, "name": "Samruddhi Investors Services Pvt Ltd", "relation": "Promoter", "url": "", "transactionDescription": "Acquisition", "latestTransDate": "2019-09-27", "positionDirect": 61533791, "positionDirectDate": "2019-09-27"}, {"maxAge": 1, "name": "Sanghi (Aditya)", "relation": "Promoter", "url": "", "transactionDescription": "Acquisition", "latestTransDate": "2020-03-13", "positionDirect": 4959500, "positionDirectDate": "2020-03-13"}, {"maxAge": 1, "name": "Sanghi (Alok)", "relation": "Promoter", "url": "", "transactionDescription": "Acquisition", "latestTransDate": "2020-03-13", "positionDirect": 4959500, "positionDirectDate": "2020-03-13"}, {"maxAge": 1, "name": "Sanghi (Amit)", "relation": "Promoter", "url": "", "transactionDescription": "Other", "latestTransDate": "2015-03-30", "positionDirect": 0, "positionDirectDate": "2015-03-30"}, {"maxAge": 1, "name": "Sanghi (Anand Prakash)", "relation": "Promoter", "url": "", "transactionDescription": "Other", "latestTransDate": "2014-12-18", "positionDirect": 0, "positionDirectDate": "2014-12-18"}, {"maxAge": 1, "name": "Sanghi (Anand) HUF", "relation": "Promoter", "url": "", "transactionDescription": "Other", "latestTransDate": "2014-12-18", "positionDirect": 0, "positionDirectDate": "2014-12-18"}, {"maxAge": 1, "name": "Sanghi (Anjana)", "relation": "Promoter", "url": "", "transactionDescription": "Other", "latestTransDate": "2015-03-30", "positionDirect": 0, "positionDirectDate": "2015-03-30"}, {"maxAge": 1, "name": "Sanghi (Gireesh)", "relation": "Promoter", "url": "", "transactionDescription": "Sale", "latestTransDate": "2017-10-13", "positionDirect": 1354457, "positionDirectDate": "2017-10-13"}, {"maxAge": 1, "name": "Sanghi (Ravi)", "relation": "Promoter", "url": "", "transactionDescription": "Other", "latestTransDate": "2017-07-20", "positionDirect": 49878750, "positionDirectDate": "2017-07-20"}, {"maxAge": 1, "name": "Sanghi (Swati Ashok Kumar)", "relation": "Promoter", "url": "", "transactionDescription": "Other", "latestTransDate": "2015-03-30", "positionDirect": 0, "positionDirectDate": "2015-03-30"}], "maxAge": 1}, "calendarEvents": {"maxAge": 1, "earnings": {"earningsDate": [], "earningsAverage": 1.33, "earningsLow": 1.33, "earningsHigh": 1.33, "revenueAverage": 2759000000, "revenueLow": 2759000000, "revenueHigh": 2759000000}}, "upgradeDowngradeHistory": {"history": [], "maxAge": 86400}, "price": {"maxAge": 1, "regularMarketChangePercent": 0.060394946, "regularMarketChange": 2.6000023, "regularMarketTime": "2021-04-30 15:30:01", "priceHint": 2, "regularMarketPrice": 45.65, "regularMarketDayHigh": 47.55, "regularMarketDayLow": 45.5, "regularMarketVolume": 6055679, "averageDailyVolume10Day": 1258430, "averageDailyVolume3Month": 2931238, "regularMarketPreviousClose": 43.05, "regularMarketSource": "FREE_REALTIME", "regularMarketOpen": 46.45, "exchange": "NSI", "exchangeName": "NSE", "exchangeDataDelayedBy": 15, "marketState": "CLOSED", "quoteType": "EQUITY", "symbol": "SANGHIIND.NS", "underlyingSymbol": null, "shortName": "SANGHI INDUSTRIES", "longName": "Sanghi Industries Limited", "currency": "INR", "quoteSourceName": "Delayed Quote", "currencySymbol": "\u20b9", "fromCurrency": null, "lastMarket": null, "marketCap": 11418206208}, "balanceSheetHistory": {"balanceSheetStatements": [{"maxAge": 1, "endDate": "2020-03-31", "cash": 22800000, "shortTermInvestments": 215900000, "netReceivables": 393800000, "inventory": 3565800000, "otherCurrentAssets": 1683700000, "totalCurrentAssets": 5882000000, "propertyPlantEquipment": 27103300000, "otherAssets": 1057300000, "deferredLongTermAssetCharges": 860500000, "totalAssets": 34042600000, "accountsPayable": 1329700000, "shortLongTermDebt": 1171100000, "otherCurrentLiab": 1426700000, "longTermDebt": 8802200000, "otherLiab": 824700000, "totalCurrentLiabilities": 7146800000, "totalLiab": 16889000000, "commonStock": 2510000000, "retainedEarnings": 9474000000, "treasuryStock": 1076200000, "capitalSurplus": 4093400000, "otherStockholderEquity": 1076200000, "totalStockholderEquity": 17153600000, "netTangibleAssets": 17153600000}, {"maxAge": 1, "endDate": "2019-03-31", "cash": 4500000, "shortTermInvestments": 1333300000, "netReceivables": 441800000, "inventory": 2372900000, "otherCurrentAssets": 1692700000, "totalCurrentAssets": 5845200000, "propertyPlantEquipment": 20418800000, "otherAssets": 1894600000, "deferredLongTermAssetCharges": 860500000, "totalAssets": 28158600000, "accountsPayable": 1930400000, "shortLongTermDebt": 571900000, "otherCurrentLiab": 736400000, "longTermDebt": 5211800000, "otherLiab": 698400000, "totalCurrentLiabilities": 5744800000, "totalLiab": 11655000000, "commonStock": 2510000000, "retainedEarnings": 8824000000, "treasuryStock": 1076200000, "capitalSurplus": 4093400000, "otherStockholderEquity": 1076200000, "totalStockholderEquity": 16503600000, "netTangibleAssets": 16503600000}, {"maxAge": 1, "endDate": "2018-03-31", "cash": 4100000, "shortTermInvestments": 3547900000, "netReceivables": 320800000, "inventory": 1474900000, "otherCurrentAssets": 1965000000, "totalCurrentAssets": 7312700000, "propertyPlantEquipment": 18023000000, "otherAssets": 1207500000, "deferredLongTermAssetCharges": 870900000, "totalAssets": 26543200000, "accountsPayable": 1327000000, "shortLongTermDebt": 264600000, "otherCurrentLiab": 191300000, "longTermDebt": 5508300000, "otherLiab": 1119600000, "totalCurrentLiabilities": 3936500000, "totalLiab": 10564400000, "commonStock": 2510000000, "retainedEarnings": 8518200000, "treasuryStock": 857200000, "capitalSurplus": 4093400000, "otherStockholderEquity": 857200000, "totalStockholderEquity": 15978800000, "netTangibleAssets": 15978800000}, {"maxAge": 1, "endDate": "2017-03-31", "cash": 1700000, "shortTermInvestments": 98900000, "netReceivables": 239400000, "inventory": 1865800000, "otherCurrentAssets": 938700000, "totalCurrentAssets": 3144500000, "propertyPlantEquipment": 16190000000, "otherAssets": 1321700000, "deferredLongTermAssetCharges": 956500000, "totalAssets": 20656200000, "accountsPayable": 1421300000, "shortLongTermDebt": 125800000, "otherCurrentLiab": 232900000, "longTermDebt": 4590200000, "otherLiab": 1550500000, "totalCurrentLiabilities": 3375700000, "totalLiab": 9516400000, "commonStock": 2199800000, "retainedEarnings": 7461300000, "treasuryStock": 980500000, "capitalSurplus": 498200000, "otherStockholderEquity": 980500000, "totalStockholderEquity": 11139800000, "netTangibleAssets": 11139800000}], "maxAge": 86400}, "earningsTrend": {"trend": [{"maxAge": 1, "period": "0q", "endDate": "2018-06-30", "growth": -0.076, "earningsEstimate": {"avg": 1.33, "low": 1.33, "high": 1.33, "yearAgoEps": 1.44, "numberOfAnalysts": 1, "growth": -0.076}, "revenueEstimate": {"avg": 2759000000, "low": 2759000000, "high": 2759000000, "numberOfAnalysts": 1, "yearAgoRevenue": 2875420000, "growth": -0.04}, "epsTrend": {"current": 1.33, "7daysAgo": 1.33, "30daysAgo": 0.0, "60daysAgo": 0.0, "90daysAgo": 0.0}, "epsRevisions": {"upLast7days": 0, "upLast30days": 0, "downLast30days": 0, "downLast90days": {}}}, {"maxAge": 1, "period": "+1q", "endDate": "2018-09-30", "growth": {}, "earningsEstimate": {"avg": 0.0, "low": 0.0, "high": 0.0, "yearAgoEps": 0.5, "numberOfAnalysts": 0, "growth": {}}, "revenueEstimate": {"avg": 2192000000, "low": 2192000000, "high": 2192000000, "numberOfAnalysts": 1, "yearAgoRevenue": 2055920000, "growth": 0.066}, "epsTrend": {"current": 0.0, "7daysAgo": 0.0, "30daysAgo": 0.0, "60daysAgo": 0.0, "90daysAgo": 0.0}, "epsRevisions": {"upLast7days": 0, "upLast30days": 0, "downLast30days": 0, "downLast90days": {}}}, {"maxAge": 1, "period": "0y", "endDate": "2019-03-31", "growth": 1.053, "earningsEstimate": {"avg": 8.5, "low": 8.5, "high": 8.5, "yearAgoEps": 4.14, "numberOfAnalysts": 1, "growth": 1.053}, "revenueEstimate": {"avg": 12057000000, "low": 12057000000, "high": 12057000000, "numberOfAnalysts": 1, "yearAgoRevenue": 10263700000, "growth": 0.175}, "epsTrend": {"current": 8.5, "7daysAgo": 8.5, "30daysAgo": 8.5, "60daysAgo": 5.24, "90daysAgo": 5.6}, "epsRevisions": {"upLast7days": 0, "upLast30days": 0, "downLast30days": 0, "downLast90days": {}}}, {"maxAge": 1, "period": "+1y", "endDate": "2020-03-31", "growth": -0.254, "earningsEstimate": {"avg": 6.34, "low": 2.4, "high": 9.8, "yearAgoEps": 8.5, "numberOfAnalysts": 8, "growth": -0.254}, "revenueEstimate": {"avg": 14065300000, "low": 12384300000, "high": 16119200000, "numberOfAnalysts": 8, "yearAgoRevenue": 12057000000, "growth": 0.16700001}, "epsTrend": {"current": 6.34, "7daysAgo": 6.34, "30daysAgo": 6.51, "60daysAgo": 5.94, "90daysAgo": 6.59}, "epsRevisions": {"upLast7days": 0, "upLast30days": 0, "downLast30days": 0, "downLast90days": {}}}, {"maxAge": 1, "period": "+5y", "endDate": null, "growth": 0.689, "earningsEstimate": {"avg": {}, "low": {}, "high": {}, "yearAgoEps": {}, "numberOfAnalysts": {}, "growth": {}}, "revenueEstimate": {"avg": {}, "low": {}, "high": {}, "numberOfAnalysts": {}, "yearAgoRevenue": {}, "growth": {}}, "epsTrend": {"current": {}, "7daysAgo": {}, "30daysAgo": {}, "60daysAgo": {}, "90daysAgo": {}}, "epsRevisions": {"upLast7days": {}, "upLast30days": {}, "downLast30days": {}, "downLast90days": {}}}, {"maxAge": 1, "period": "-5y", "endDate": null, "growth": 0.43852, "earningsEstimate": {"avg": {}, "low": {}, "high": {}, "yearAgoEps": {}, "numberOfAnalysts": {}, "growth": {}}, "revenueEstimate": {"avg": {}, "low": {}, "high": {}, "numberOfAnalysts": {}, "yearAgoRevenue": {}, "growth": {}}, "epsTrend": {"current": {}, "7daysAgo": {}, "30daysAgo": {}, "60daysAgo": {}, "90daysAgo": {}}, "epsRevisions": {"upLast7days": {}, "upLast30days": {}, "downLast30days": {}, "downLast90days": {}}}], "maxAge": 1}, "institutionOwnership": {"ownershipList": [], "maxAge": 1}, "majorHoldersBreakdown": {"maxAge": 1, "insidersPercentHeld": 0.71926004, "institutionsPercentHeld": 0.040560003, "institutionsFloatPercentHeld": 0.14446999, "institutionsCount": 4}, "balanceSheetHistoryQuarterly": {"balanceSheetStatements": [{"maxAge": 1, "endDate": "2020-12-31", "totalStockholderEquity": 17253382000, "netTangibleAssets": 17253382000}, {"maxAge": 1, "endDate": "2020-09-30", "cash": 594383000, "netReceivables": 390440000, "inventory": 3039651000, "otherCurrentAssets": 1133705000, "totalCurrentAssets": 5158179000, "propertyPlantEquipment": 29405392000, "otherAssets": 984452000, "deferredLongTermAssetCharges": 860471000, "totalAssets": 35548023000, "accountsPayable": 1893489000, "otherCurrentLiab": 3042831000, "longTermDebt": 9160223000, "otherLiab": 1123742000, "totalCurrentLiabilities": 8010676000, "totalLiab": 18294641000, "commonStock": 2510000000, "treasuryStock": 14743382000, "otherStockholderEquity": 14743382000, "totalStockholderEquity": 17253382000, "netTangibleAssets": 17253382000}, {"maxAge": 1, "endDate": "2020-06-30", "totalStockholderEquity": 17153600000, "netTangibleAssets": 17153600000}, {"maxAge": 1, "endDate": "2020-03-31", "cash": 22800000, "shortTermInvestments": 215900000, "netReceivables": 393800000, "inventory": 3565800000, "otherCurrentAssets": 1683700000, "totalCurrentAssets": 5882000000, "propertyPlantEquipment": 27103300000, "otherAssets": 1057300000, "deferredLongTermAssetCharges": 860500000, "totalAssets": 34042600000, "accountsPayable": 1329700000, "shortLongTermDebt": 1171100000, "otherCurrentLiab": 1426700000, "longTermDebt": 8802200000, "otherLiab": 824700000, "totalCurrentLiabilities": 7146800000, "totalLiab": 16889000000, "commonStock": 2510000000, "retainedEarnings": 9474000000, "treasuryStock": 1076200000, "capitalSurplus": 4093400000, "otherStockholderEquity": 1076200000, "totalStockholderEquity": 17153600000, "netTangibleAssets": 17153600000}], "maxAge": 86400}, "earningsHistory": {"history": [{"maxAge": 1, "epsActual": 1.44, "epsEstimate": 1.05, "epsDifference": 0.39, "surprisePercent": 0.371, "quarter": "2017-06-30", "period": "-4q"}, {"maxAge": 1, "epsActual": 0.5, "epsEstimate": 0.58, "epsDifference": -0.08, "surprisePercent": -0.138, "quarter": "2017-09-30", "period": "-3q"}, {"maxAge": 1, "epsActual": 1.46, "epsEstimate": 0.85, "epsDifference": 0.61, "surprisePercent": 0.71800005, "quarter": "2017-12-31", "period": "-2q"}, {"maxAge": 1, "epsActual": 0.77, "epsEstimate": 1.05, "epsDifference": -0.28, "surprisePercent": -0.26700002, "quarter": "2018-03-31", "period": "-1q"}], "maxAge": 86400}, "summaryProfile": {"address1": "Kataria Arcade", "address2": "10th Floor Off. S.G. Highway Post Makaraba", "city": "Ahmedabad", "zip": "380051", "country": "India", "phone": "91 79 2683 8000", "fax": "91 79 2683 8111", "website": "http://www.sanghicement.com", "industry": "Building Materials", "sector": "Basic Materials", "longBusinessSummary": "Sanghi Industries Limited manufactures and markets cement and cement products in India and internationally. It provides ordinary Portland, Portland Pozzolana, and Portland slag cement; and ready mix concrete and clinker. The company was incorporated in 1985 and is based in Ahmedabad, India.", "fullTimeEmployees": 905, "companyOfficers": [], "maxAge": 86400}, "netSharePurchaseActivity": {"maxAge": 1, "period": "6m", "buyInfoCount": 0, "buyInfoShares": 0, "sellInfoCount": 0, "netInfoCount": 0, "netInfoShares": 0, "netPercentInsiderShares": 0.0, "totalInsiderShares": 181018800}, "insiderTransactions": {"transactions": [{"maxAge": 1, "shares": 720000, "filerUrl": "", "transactionText": "", "filerName": "Sanghi (Alok)", "filerRelation": "Promoter", "moneyText": "", "startDate": "2020-03-13", "ownership": "D"}, {"maxAge": 1, "shares": 720000, "filerUrl": "", "transactionText": "", "filerName": "Sanghi (Aditya)", "filerRelation": "Promoter", "moneyText": "", "startDate": "2020-03-13", "ownership": "D"}, {"maxAge": 1, "shares": 700000, "filerUrl": "", "transactionText": "", "filerName": "Sanghi (Aditya)", "filerRelation": "Wholetime Director", "moneyText": "", "startDate": "2020-03-06", "ownership": "D"}, {"maxAge": 1, "shares": 700000, "filerUrl": "", "transactionText": "", "filerName": "Sanghi (Alok)", "filerRelation": "Wholetime Director", "moneyText": "", "startDate": "2020-03-06", "ownership": "D"}, {"maxAge": 1, "shares": 650000, "filerUrl": "", "transactionText": "", "filerName": "Sanghi (Alok)", "filerRelation": "Wholetime Director", "moneyText": "", "startDate": "2020-02-20", "ownership": "D"}, {"maxAge": 1, "shares": 650000, "filerUrl": "", "transactionText": "", "filerName": "Sanghi (Aditya)", "filerRelation": "Wholetime Director", "moneyText": "", "startDate": "2020-02-19", "ownership": "D"}, {"maxAge": 1, "shares": 7456816, "filerUrl": "", "transactionText": "", "filerName": "Samruddhi Investors Services Pvt Ltd", "filerRelation": "Promoter", "moneyText": "", "startDate": "2019-09-27", "ownership": "D"}, {"maxAge": 1, "shares": 120000, "filerUrl": "", "transactionText": "", "filerName": "Samruddhi Investors Services Pvt Ltd", "filerRelation": "Promoter", "moneyText": "", "startDate": "2017-12-27", "ownership": "D"}, {"maxAge": 1, "shares": 120000, "filerUrl": "", "transactionText": "", "filerName": "Sanghi (Gireesh)", "filerRelation": "Promoter", "moneyText": "", "startDate": "2017-10-13", "ownership": "D"}, {"maxAge": 1, "shares": 1333443, "filerUrl": "", "transactionText": "", "filerName": "Samruddhi Investors Services Pvt Ltd", "filerRelation": "Promoter", "moneyText": "", "startDate": "2017-09-27", "ownership": "D"}, {"maxAge": 1, "shares": 320820, "filerUrl": "", "transactionText": "", "filerName": "Sanghi (Gireesh)", "filerRelation": "Promoter", "moneyText": "", "startDate": "2017-09-22", "ownership": "D"}, {"maxAge": 1, "shares": 17905, "filerUrl": "", "transactionText": "", "filerName": "Sanghi (Gireesh)", "filerRelation": "Promoter", "moneyText": "", "startDate": "2017-08-11", "ownership": "D"}, {"maxAge": 1, "shares": 142, "filerUrl": "", "transactionText": "", "filerName": "Sanghi (Gireesh)", "filerRelation": "Promoter", "moneyText": "", "startDate": "2017-07-28", "ownership": "D"}, {"maxAge": 1, "shares": 73500, "filerUrl": "", "transactionText": "", "filerName": "Sanghi (Gireesh)", "filerRelation": "Promoter", "moneyText": "", "startDate": "2017-07-21", "ownership": "D"}, {"maxAge": 1, "shares": 13816600, "filerUrl": "", "transactionText": "", "filerName": "Sanghi (Ravi)", "filerRelation": "Promoter", "moneyText": "", "startDate": "2017-07-20", "ownership": "D"}, {"maxAge": 1, "shares": 13500, "filerUrl": "", "transactionText": "", "filerName": "Sanghi (Gireesh)", "filerRelation": "Promoter", "moneyText": "", "startDate": "2017-07-14", "ownership": "D"}, {"maxAge": 1, "shares": 212489, "filerUrl": "", "transactionText": "", "filerName": "Sanghi (Gireesh)", "filerRelation": "Promoter", "moneyText": "", "startDate": "2017-07-07", "ownership": "D"}, {"maxAge": 1, "shares": 690087, "filerUrl": "", "transactionText": "", "filerName": "Sanghi (Gireesh)", "filerRelation": "Promoter", "moneyText": "", "startDate": "2017-06-30", "ownership": "D"}, {"maxAge": 1, "shares": 4275688, "filerUrl": "", "transactionText": "", "filerName": "Samruddhi Investors Services Pvt Ltd", "filerRelation": "Promoter", "moneyText": "", "startDate": "2015-04-28", "ownership": "D"}, {"maxAge": 1, "shares": 4424312, "filerUrl": "", "transactionText": "", "filerName": "Samruddhi Investors Services Pvt Ltd", "filerRelation": "Promoter", "moneyText": "", "startDate": "2015-04-17", "ownership": "D"}, {"maxAge": 1, "shares": 140250, "filerUrl": "", "transactionText": "", "filerName": "Sanghi (Anjana)", "filerRelation": "Promoter", "moneyText": "", "startDate": "2015-03-30", "ownership": "D"}, {"maxAge": 1, "shares": 343750, "filerUrl": "", "transactionText": "", "filerName": "Sanghi (Swati Ashok Kumar)", "filerRelation": "Promoter", "moneyText": "", "startDate": "2015-03-30", "ownership": "D"}, {"maxAge": 1, "shares": 5279600, "filerUrl": "", "transactionText": "", "filerName": "Sanghi (Amit)", "filerRelation": "Promoter", "moneyText": "", "startDate": "2015-03-30", "ownership": "D"}, {"maxAge": 1, "shares": 5763600, "filerUrl": "", "transactionText": "", "filerName": "Sanghi (Ravi)", "filerRelation": "Promoter", "moneyText": "", "startDate": "2015-03-30", "ownership": "D"}, {"maxAge": 1, "shares": 7866250, "filerUrl": "", "transactionText": "", "filerName": "Sanghi (Anand) HUF", "filerRelation": "Promoter", "moneyText": "", "startDate": "2014-12-18", "ownership": "D"}, {"maxAge": 1, "shares": 187000, "filerUrl": "", "transactionText": "", "filerName": "Sanghi (Anand Prakash)", "filerRelation": "Promoter", "moneyText": "", "startDate": "2014-12-18", "ownership": "D"}, {"maxAge": 1, "shares": 27286050, "filerUrl": "", "transactionText": "", "filerName": "Sanghi (Ravi)", "filerRelation": "Promoter", "moneyText": "", "startDate": "2014-12-18", "ownership": "D"}, {"maxAge": 1, "shares": 1202625, "filerUrl": "", "transactionText": "", "filerName": "Samruddhi Investors Services Pvt Ltd", "filerRelation": "Promoter", "moneyText": "", "startDate": "2014-05-28", "ownership": "D"}, {"maxAge": 1, "shares": 1350000, "filerUrl": "", "transactionText": "", "filerName": "Samruddhi Investors Services Pvt Ltd", "filerRelation": "Promoter", "moneyText": "", "startDate": "2014-05-23", "ownership": "D"}, {"maxAge": 1, "shares": 1071200, "filerUrl": "", "transactionText": "", "filerName": "Samruddhi Investors Services Pvt Ltd", "filerRelation": "Promoter", "moneyText": "", "startDate": "2014-05-19", "ownership": "D"}, {"maxAge": 1, "shares": 1000000, "filerUrl": "", "transactionText": "", "filerName": "Samruddhi Investors Services Pvt Ltd", "filerRelation": "Promoter", "moneyText": "", "startDate": "2014-05-09", "ownership": "D"}, {"maxAge": 1, "shares": 1000000, "filerUrl": "", "transactionText": "", "filerName": "Samruddhi Investors Services Pvt Ltd", "filerRelation": "Promoter", "moneyText": "", "startDate": "2014-05-05", "ownership": "D"}, {"maxAge": 1, "shares": 1000000, "filerUrl": "", "transactionText": "", "filerName": "Samruddhi Investors Services Pvt Ltd", "filerRelation": "Promoter", "moneyText": "", "startDate": "2014-04-29", "ownership": "D"}, {"maxAge": 1, "shares": 4375000, "filerUrl": "", "transactionText": "", "filerName": "Samruddhi Investors Services Pvt Ltd", "filerRelation": "Promoter", "moneyText": "", "startDate": "2014-04-12", "ownership": "D"}, {"maxAge": 1, "shares": 2598950, "filerUrl": "", "transactionText": "", "filerName": "Samruddhi Investors Services Pvt Ltd", "filerRelation": "Promoter", "moneyText": "", "startDate": "2014-03-19", "ownership": "D"}, {"maxAge": 1, "shares": 3000000, "filerUrl": "", "transactionText": "", "filerName": "Samruddhi Investors Services Pvt Ltd", "filerRelation": "Promoter", "moneyText": "", "startDate": "2014-03-14", "ownership": "D"}, {"maxAge": 1, "shares": 2100000, "filerUrl": "", "transactionText": "", "filerName": "Samruddhi Investors Services Pvt Ltd", "filerRelation": "Promoter", "moneyText": "", "startDate": "2014-03-10", "ownership": "D"}, {"maxAge": 1, "shares": 3300000, "filerUrl": "", "transactionText": "", "filerName": "Samruddhi Investors Services Pvt Ltd", "filerRelation": "Promoter", "moneyText": "", "startDate": "2014-03-07", "ownership": "D"}, {"maxAge": 1, "shares": 10917807, "filerUrl": "", "transactionText": "", "filerName": "Samruddhi Investors Services Pvt Ltd", "filerRelation": "Promoter", "moneyText": "", "startDate": "2012-11-02", "ownership": "D"}, {"maxAge": 1, "shares": 2128252, "filerUrl": "", "transactionText": "", "filerName": "Spinnakar Global Opportunity Fund, Ltd.", "filerRelation": "Investment Advisor", "moneyText": "", "startDate": "2010-08-10", "ownership": "D"}, {"maxAge": 1, "shares": 4006639, "filerUrl": "", "transactionText": "", "filerName": "Spinnakar Global Opportunity Fund, Ltd.", "filerRelation": "Investment Advisor", "moneyText": "", "startDate": "2010-08-10", "ownership": "D"}, {"maxAge": 1, "shares": 2440092, "filerUrl": "", "transactionText": "", "filerName": "Spinnakar Global Opportunity Fund, Ltd.", "filerRelation": "Investment Advisor", "moneyText": "", "startDate": "2010-08-10", "ownership": "D"}], "maxAge": 1}, "sectorTrend": {"maxAge": 1, "symbol": null, "estimates": []}, "incomeStatementHistoryQuarterly": {"incomeStatementHistory": [{"maxAge": 1, "endDate": "2020-12-31", "totalRevenue": 2905243000, "costOfRevenue": 1115931000, "grossProfit": 1789312000, "researchDevelopment": {}, "sellingGeneralAdministrative": 923790000, "nonRecurring": {}, "otherOperatingExpenses": 138507000, "totalOperatingExpenses": 2337395000, "operatingIncome": 567848000, "totalOtherIncomeExpenseNet": -147553000, "ebit": 567848000, "interestExpense": -175367000, "incomeBeforeTax": 420295000, "incomeTaxExpense": 0, "minorityInterest": {}, "netIncomeFromContinuingOps": 420295000, "discontinuedOperations": {}, "extraordinaryItems": {}, "effectOfAccountingCharges": {}, "otherItems": {}, "netIncome": 420295000, "netIncomeApplicableToCommonShares": 420295000}, {"maxAge": 1, "endDate": "2020-09-30", "totalRevenue": 1718364000, "costOfRevenue": 638633000, "grossProfit": 1079731000, "researchDevelopment": {}, "sellingGeneralAdministrative": 618796000, "nonRecurring": {}, "otherOperatingExpenses": 98813000, "totalOperatingExpenses": 1511445000, "operatingIncome": 206919000, "totalOtherIncomeExpenseNet": -165596000, "ebit": 206919000, "interestExpense": -182648000, "incomeBeforeTax": 41323000, "incomeTaxExpense": 0, "minorityInterest": {}, "netIncomeFromContinuingOps": 41323000, "discontinuedOperations": {}, "extraordinaryItems": {}, "effectOfAccountingCharges": {}, "otherItems": {}, "netIncome": 41323000, "netIncomeApplicableToCommonShares": 41323000}, {"maxAge": 1, "endDate": "2020-06-30", "totalRevenue": 1487396000, "costOfRevenue": 501597000, "grossProfit": 985799000, "researchDevelopment": {}, "sellingGeneralAdministrative": 518509000, "nonRecurring": {}, "otherOperatingExpenses": 95160000, "totalOperatingExpenses": 1270318000, "operatingIncome": 217078000, "totalOtherIncomeExpenseNet": -156861000, "ebit": 217078000, "interestExpense": -171012000, "incomeBeforeTax": 60217000, "incomeTaxExpense": 0, "minorityInterest": {}, "netIncomeFromContinuingOps": 60217000, "discontinuedOperations": {}, "extraordinaryItems": {}, "effectOfAccountingCharges": {}, "otherItems": {}, "netIncome": 60217000, "netIncomeApplicableToCommonShares": 60217000}, {"maxAge": 1, "endDate": "2020-03-31", "totalRevenue": 2214817000, "costOfRevenue": 670797000, "grossProfit": 1544020000, "researchDevelopment": {}, "sellingGeneralAdministrative": 782933000, "nonRecurring": {}, "otherOperatingExpenses": 204439000, "totalOperatingExpenses": 1821789000, "operatingIncome": 393028000, "totalOtherIncomeExpenseNet": -234687000, "ebit": 393028000, "interestExpense": -215924000, "incomeBeforeTax": 158341000, "incomeTaxExpense": 0, "minorityInterest": {}, "netIncomeFromContinuingOps": 158341000, "discontinuedOperations": {}, "extraordinaryItems": {}, "effectOfAccountingCharges": {}, "otherItems": {}, "netIncome": 158341000, "netIncomeApplicableToCommonShares": 158341000}], "maxAge": 86400}, "cashflowStatementHistoryQuarterly": {"cashflowStatements": [{"maxAge": 1, "endDate": "2020-12-31", "netIncome": 420295000, "changeToLiabilities": 0}, {"maxAge": 1, "endDate": "2020-09-30", "netIncome": 41323000, "changeToLiabilities": 0}, {"maxAge": 1, "endDate": "2020-06-30", "netIncome": 60217000, "changeToLiabilities": 0}, {"maxAge": 1, "endDate": "2020-03-31", "netIncome": 158341000, "changeToLiabilities": 0}], "maxAge": 86400}, "earnings": {"maxAge": 86400, "earningsChart": {"quarterly": [{"date": "2Q2017", "actual": 1.44, "estimate": 1.05}, {"date": "3Q2017", "actual": 0.5, "estimate": 0.58}, {"date": "4Q2017", "actual": 1.46, "estimate": 0.85}, {"date": "1Q2018", "actual": 0.77, "estimate": 1.05}], "currentQuarterEstimate": 1.33, "currentQuarterEstimateDate": "2Q", "currentQuarterEstimateYear": 2018, "earningsDate": []}, "financialsChart": {"yearly": [{"date": 2017, "revenue": 9942100000, "earnings": 631400000}, {"date": 2018, "revenue": 10258100000, "earnings": 933100000}, {"date": 2019, "revenue": 10606100000, "earnings": 526000000}, {"date": 2020, "revenue": 8874200000, "earnings": 653500000}], "quarterly": [{"date": "1Q2020", "revenue": 2214817000, "earnings": 158341000}, {"date": "2Q2020", "revenue": 1487396000, "earnings": 60217000}, {"date": "3Q2020", "revenue": 1718364000, "earnings": 41323000}, {"date": "4Q2020", "revenue": 2905243000, "earnings": 420295000}]}, "financialCurrency": "INR"}, "financialData": {"maxAge": 86400, "currentPrice": 45.65, "targetHighPrice": 155.0, "targetLowPrice": 90.0, "targetMeanPrice": 120.13, "targetMedianPrice": 114.0, "recommendationMean": 1.6, "recommendationKey": "buy", "numberOfAnalystOpinions": 8, "totalCash": 594382976, "totalCashPerShare": 2.362, "ebitda": 1909972992, "totalDebt": 11834096640, "totalRevenue": 8325819904, "debtToEquity": 68.59, "revenuePerShare": 33.217, "grossProfits": 5749700000, "earningsGrowth": 7.35, "revenueGrowth": 0.552, "grossMargins": 0.64845, "ebitdaMargins": 0.22940001, "operatingMargins": 0.16633, "profitMargins": 0.08169, "financialCurrency": "INR"}}}