{"SANGHIIND.BO": {"recommendationTrend": {"trend": [{"period": "0m", "strongBuy": 0, "buy": 0, "hold": 0, "sell": 0, "strongSell": 0}, {"period": "-1m", "strongBuy": 0, "buy": 0, "hold": 0, "sell": 0, "strongSell": 0}, {"period": "-2m", "strongBuy": 0, "buy": 0, "hold": 0, "sell": 0, "strongSell": 0}, {"period": "-3m", "strongBuy": 0, "buy": 0, "hold": 0, "sell": 0, "strongSell": 0}], "maxAge": 86400}, "cashflowStatementHistory": {"cashflowStatements": [{"maxAge": 1, "endDate": "2020-03-31", "netIncome": 653500000, "depreciation": 620800000, "changeToNetincome": 732500000, "changeToAccountReceivables": 48000000, "changeToLiabilities": -600700000, "changeToInventory": -1192900000, "changeToOperatingActivities": 452100000, "totalCashFromOperatingActivities": 713300000, "capitalExpenditures": -5975400000, "investments": 1145600000, "otherCashflowsFromInvestingActivities": 76500000, "totalCashflowsFromInvestingActivities": -4709700000, "netBorrowings": 4800900000, "otherCashflowsFromFinancingActivities": -786200000, "totalCashFromFinancingActivities": 4014700000, "changeInCash": 18300000}, {"maxAge": 1, "endDate": "2019-03-31", "netIncome": 526000000, "depreciation": 713400000, "changeToNetincome": 360100000, "changeToAccountReceivables": -121000000, "changeToLiabilities": 603400000, "changeToInventory": -897900000, "changeToOperatingActivities": 38800000, "totalCashFromOperatingActivities": 1222800000, "capitalExpenditures": -3998800000, "investments": 2614400000, "otherCashflowsFromInvestingActivities": 262600000, "totalCashflowsFromInvestingActivities": -1118800000, "netBorrowings": 455000000, "otherCashflowsFromFinancingActivities": -558600000, "totalCashFromFinancingActivities": -103600000, "changeInCash": 400000}, {"maxAge": 1, "endDate": "2018-03-31", "netIncome": 933100000, "depreciation": 723800000, "changeToNetincome": 680400000, "changeToAccountReceivables": -81400000, "changeToLiabilities": -94300000, "changeToInventory": 390900000, "changeToOperatingActivities": -334700000, "totalCashFromOperatingActivities": 2217800000, "capitalExpenditures": -2891200000, "investments": -4115400000, "otherCashflowsFromInvestingActivities": 160500000, "totalCashflowsFromInvestingActivities": -6844100000, "netBorrowings": 1404900000, "otherCashflowsFromFinancingActivities": -777900000, "totalCashFromFinancingActivities": 4628700000, "changeInCash": 2400000, "issuanceOfStock": 4001700000}, {"maxAge": 1, "endDate": "2017-03-31", "netIncome": 631400000, "depreciation": 730600000, "changeToNetincome": 620800000, "changeToAccountReceivables": -55000000, "changeToLiabilities": -18300000, "changeToInventory": -481300000, "changeToOperatingActivities": -668100000, "totalCashFromOperatingActivities": 760100000, "capitalExpenditures": -752200000, "investments": 666800000, "otherCashflowsFromInvestingActivities": 5400000, "totalCashflowsFromInvestingActivities": -78700000, "netBorrowings": 20700000, "otherCashflowsFromFinancingActivities": -702900000, "totalCashFromFinancingActivities": -682200000, "changeInCash": -800000, "issuanceOfStock": 4001700000}], "maxAge": 86400}, "institutionOwnership": {"ownershipList": [], "maxAge": 1}, "balanceSheetHistoryQuarterly": {"balanceSheetStatements": [{"maxAge": 1, "endDate": "2020-06-30", "totalStockholderEquity": 17153600000, "netTangibleAssets": 17153600000}, {"maxAge": 1, "endDate": "2020-03-31", "cash": 22800000, "shortTermInvestments": 215900000, "netReceivables": 393800000, "inventory": 3565800000, "otherCurrentAssets": 1683700000, "totalCurrentAssets": 5882000000, "propertyPlantEquipment": 27103300000, "otherAssets": 1057300000, "deferredLongTermAssetCharges": 860500000, "totalAssets": 34042600000, "accountsPayable": 1329700000, "shortLongTermDebt": 1171100000, "otherCurrentLiab": 1426700000, "longTermDebt": 8802200000, "otherLiab": 824700000, "totalCurrentLiabilities": 7146800000, "totalLiab": 16889000000, "commonStock": 2510000000, "retainedEarnings": 9474000000, "treasuryStock": 1076200000, "capitalSurplus": 4093400000, "otherStockholderEquity": 1076200000, "totalStockholderEquity": 17153600000, "netTangibleAssets": 17153600000}, {"maxAge": 1, "endDate": "2019-12-31", "totalStockholderEquity": 16949063000, "netTangibleAssets": 16949063000}, {"maxAge": 1, "endDate": "2019-09-30", "cash": 1384174000, "netReceivables": 378179000, "inventory": 2646078000, "otherCurrentAssets": 1422385000, "totalCurrentAssets": 5830816000, "propertyPlantEquipment": 23555511000, "otherAssets": 1880078000, "deferredLongTermAssetCharges": 860471000, "totalAssets": 31266405000, "accountsPayable": 1616037000, "otherCurrentLiab": 1265787000, "longTermDebt": 7770799000, "otherLiab": 838810000, "totalCurrentLiabilities": 5707733000, "totalLiab": 14317342000, "commonStock": 2510000000, "treasuryStock": 14439063000, "otherStockholderEquity": 14439063000, "totalStockholderEquity": 16949063000, "netTangibleAssets": 16949063000}], "maxAge": 86400}, "earningsHistory": {"history": [{"maxAge": 1, "epsActual": 1.46, "epsEstimate": 0.85, "epsDifference": 0.61, "surprisePercent": 0.71800005, "quarter": "2017-12-31", "period": "-4q"}, {"maxAge": 1, "epsActual": 0.77, "epsEstimate": 1.05, "epsDifference": -0.28, "surprisePercent": -0.26700002, "quarter": "2018-03-31", "period": "-3q"}, {"maxAge": 1, "epsActual": 0.79, "epsEstimate": 1.08, "epsDifference": -0.29, "surprisePercent": -0.269, "quarter": "2018-06-30", "period": "-2q"}, {"maxAge": 1, "epsActual": 0.08, "epsEstimate": 0.3, "epsDifference": -0.22, "surprisePercent": -0.73300004, "quarter": "2018-09-30", "period": "-1q"}], "maxAge": 86400}, "indexTrend": {"maxAge": 1, "symbol": "SP5", "peRatio": 19.7411, "pegRatio": 1.34172, "estimates": [{"period": "0q", "growth": 0.549}, {"period": "+1q", "growth": 0.431}, {"period": "0y", "growth": 0.305}, {"period": "+1y", "growth": 0.109}, {"period": "+5y", "growth": 0.120865}, {"period": "-5y"}]}, "industryTrend": {"maxAge": 1, "symbol": null, "estimates": []}, "insiderTransactions": {"transactions": [{"maxAge": 1, "shares": 720000, "filerUrl": "", "transactionText": "", "filerName": "Sanghi (Aditya)", "filerRelation": "Promoter", "moneyText": "", "startDate": "2020-03-13", "ownership": "D"}, {"maxAge": 1, "shares": 720000, "filerUrl": "", "transactionText": "", "filerName": "Sanghi (Alok)", "filerRelation": "Promoter", "moneyText": "", "startDate": "2020-03-13", "ownership": "D"}, {"maxAge": 1, "shares": 700000, "filerUrl": "", "transactionText": "", "filerName": "Sanghi (Alok)", "filerRelation": "Wholetime Director", "moneyText": "", "startDate": "2020-03-06", "ownership": "D"}, {"maxAge": 1, "shares": 700000, "filerUrl": "", "transactionText": "", "filerName": "Sanghi (Aditya)", "filerRelation": "Wholetime Director", "moneyText": "", "startDate": "2020-03-06", "ownership": "D"}, {"maxAge": 1, "shares": 650000, "filerUrl": "", "transactionText": "", "filerName": "Sanghi (Alok)", "filerRelation": "Wholetime Director", "moneyText": "", "startDate": "2020-02-20", "ownership": "D"}, {"maxAge": 1, "shares": 650000, "filerUrl": "", "transactionText": "", "filerName": "Sanghi (Aditya)", "filerRelation": "Wholetime Director", "moneyText": "", "startDate": "2020-02-19", "ownership": "D"}, {"maxAge": 1, "shares": 7456816, "filerUrl": "", "transactionText": "", "filerName": "Samruddhi Investors Services Pvt Ltd", "filerRelation": "Promoter", "moneyText": "", "startDate": "2019-09-27", "ownership": "D"}, {"maxAge": 1, "shares": 120000, "filerUrl": "", "transactionText": "", "filerName": "Samruddhi Investors Services Pvt Ltd", "filerRelation": "Promoter", "moneyText": "", "startDate": "2017-12-27", "ownership": "D"}, {"maxAge": 1, "shares": 120000, "filerUrl": "", "transactionText": "", "filerName": "Sanghi (Gireesh)", "filerRelation": "Promoter", "moneyText": "", "startDate": "2017-10-13", "ownership": "D"}, {"maxAge": 1, "shares": 1333443, "filerUrl": "", "transactionText": "", "filerName": "Samruddhi Investors Services Pvt Ltd", "filerRelation": "Promoter", "moneyText": "", "startDate": "2017-09-27", "ownership": "D"}, {"maxAge": 1, "shares": 320820, "filerUrl": "", "transactionText": "", "filerName": "Sanghi (Gireesh)", "filerRelation": "Promoter", "moneyText": "", "startDate": "2017-09-22", "ownership": "D"}, {"maxAge": 1, "shares": 17905, "filerUrl": "", "transactionText": "", "filerName": "Sanghi (Gireesh)", "filerRelation": "Promoter", "moneyText": "", "startDate": "2017-08-11", "ownership": "D"}, {"maxAge": 1, "shares": 142, "filerUrl": "", "transactionText": "", "filerName": "Sanghi (Gireesh)", "filerRelation": "Promoter", "moneyText": "", "startDate": "2017-07-28", "ownership": "D"}, {"maxAge": 1, "shares": 73500, "filerUrl": "", "transactionText": "", "filerName": "Sanghi (Gireesh)", "filerRelation": "Promoter", "moneyText": "", "startDate": "2017-07-21", "ownership": "D"}, {"maxAge": 1, "shares": 13816600, "filerUrl": "", "transactionText": "", "filerName": "Sanghi (Ravi)", "filerRelation": "Promoter", "moneyText": "", "startDate": "2017-07-20", "ownership": "D"}, {"maxAge": 1, "shares": 13500, "filerUrl": "", "transactionText": "", "filerName": "Sanghi (Gireesh)", "filerRelation": "Promoter", "moneyText": "", "startDate": "2017-07-14", "ownership": "D"}, {"maxAge": 1, "shares": 212489, "filerUrl": "", "transactionText": "", "filerName": "Sanghi (Gireesh)", "filerRelation": "Promoter", "moneyText": "", "startDate": "2017-07-07", "ownership": "D"}, {"maxAge": 1, "shares": 690087, "filerUrl": "", "transactionText": "", "filerName": "Sanghi (Gireesh)", "filerRelation": "Promoter", "moneyText": "", "startDate": "2017-06-30", "ownership": "D"}, {"maxAge": 1, "shares": 4275688, "filerUrl": "", "transactionText": "", "filerName": "Samruddhi Investors Services Pvt Ltd", "filerRelation": "Promoter", "moneyText": "", "startDate": "2015-04-28", "ownership": "D"}, {"maxAge": 1, "shares": 4424312, "filerUrl": "", "transactionText": "", "filerName": "Samruddhi Investors Services Pvt Ltd", "filerRelation": "Promoter", "moneyText": "", "startDate": "2015-04-17", "ownership": "D"}, {"maxAge": 1, "shares": 140250, "filerUrl": "", "transactionText": "", "filerName": "Sanghi (Anjana)", "filerRelation": "Promoter", "moneyText": "", "startDate": "2015-03-30", "ownership": "D"}, {"maxAge": 1, "shares": 343750, "filerUrl": "", "transactionText": "", "filerName": "Sanghi (Swati Ashok Kumar)", "filerRelation": "Promoter", "moneyText": "", "startDate": "2015-03-30", "ownership": "D"}, {"maxAge": 1, "shares": 5279600, "filerUrl": "", "transactionText": "", "filerName": "Sanghi (Amit)", "filerRelation": "Promoter", "moneyText": "", "startDate": "2015-03-30", "ownership": "D"}, {"maxAge": 1, "shares": 5763600, "filerUrl": "", "transactionText": "", "filerName": "Sanghi (Ravi)", "filerRelation": "Promoter", "moneyText": "", "startDate": "2015-03-30", "ownership": "D"}, {"maxAge": 1, "shares": 7866250, "filerUrl": "", "transactionText": "", "filerName": "Sanghi (Anand) HUF", "filerRelation": "Promoter", "moneyText": "", "startDate": "2014-12-18", "ownership": "D"}, {"maxAge": 1, "shares": 27286050, "filerUrl": "", "transactionText": "", "filerName": "Sanghi (Ravi)", "filerRelation": "Promoter", "moneyText": "", "startDate": "2014-12-18", "ownership": "D"}, {"maxAge": 1, "shares": 187000, "filerUrl": "", "transactionText": "", "filerName": "Sanghi (Anand Prakash)", "filerRelation": "Promoter", "moneyText": "", "startDate": "2014-12-18", "ownership": "D"}, {"maxAge": 1, "shares": 1202625, "filerUrl": "", "transactionText": "", "filerName": "Samruddhi Investors Services Pvt Ltd", "filerRelation": "Promoter", "moneyText": "", "startDate": "2014-05-28", "ownership": "D"}, {"maxAge": 1, "shares": 1350000, "filerUrl": "", "transactionText": "", "filerName": "Samruddhi Investors Services Pvt Ltd", "filerRelation": "Promoter", "moneyText": "", "startDate": "2014-05-23", "ownership": "D"}, {"maxAge": 1, "shares": 1071200, "filerUrl": "", "transactionText": "", "filerName": "Samruddhi Investors Services Pvt Ltd", "filerRelation": "Promoter", "moneyText": "", "startDate": "2014-05-19", "ownership": "D"}, {"maxAge": 1, "shares": 1000000, "filerUrl": "", "transactionText": "", "filerName": "Samruddhi Investors Services Pvt Ltd", "filerRelation": "Promoter", "moneyText": "", "startDate": "2014-05-09", "ownership": "D"}, {"maxAge": 1, "shares": 1000000, "filerUrl": "", "transactionText": "", "filerName": "Samruddhi Investors Services Pvt Ltd", "filerRelation": "Promoter", "moneyText": "", "startDate": "2014-05-05", "ownership": "D"}, {"maxAge": 1, "shares": 1000000, "filerUrl": "", "transactionText": "", "filerName": "Samruddhi Investors Services Pvt Ltd", "filerRelation": "Promoter", "moneyText": "", "startDate": "2014-04-29", "ownership": "D"}, {"maxAge": 1, "shares": 4375000, "filerUrl": "", "transactionText": "", "filerName": "Samruddhi Investors Services Pvt Ltd", "filerRelation": "Promoter", "moneyText": "", "startDate": "2014-04-12", "ownership": "D"}, {"maxAge": 1, "shares": 2598950, "filerUrl": "", "transactionText": "", "filerName": "Samruddhi Investors Services Pvt Ltd", "filerRelation": "Promoter", "moneyText": "", "startDate": "2014-03-19", "ownership": "D"}, {"maxAge": 1, "shares": 3000000, "filerUrl": "", "transactionText": "", "filerName": "Samruddhi Investors Services Pvt Ltd", "filerRelation": "Promoter", "moneyText": "", "startDate": "2014-03-14", "ownership": "D"}, {"maxAge": 1, "shares": 2100000, "filerUrl": "", "transactionText": "", "filerName": "Samruddhi Investors Services Pvt Ltd", "filerRelation": "Promoter", "moneyText": "", "startDate": "2014-03-10", "ownership": "D"}, {"maxAge": 1, "shares": 3300000, "filerUrl": "", "transactionText": "", "filerName": "Samruddhi Investors Services Pvt Ltd", "filerRelation": "Promoter", "moneyText": "", "startDate": "2014-03-07", "ownership": "D"}, {"maxAge": 1, "shares": 10917807, "filerUrl": "", "transactionText": "", "filerName": "Samruddhi Investors Services Pvt Ltd", "filerRelation": "Promoter", "moneyText": "", "startDate": "2012-11-02", "ownership": "D"}, {"maxAge": 1, "shares": 2440092, "filerUrl": "", "transactionText": "", "filerName": "Spinnakar Global Opportunity Fund, Ltd.", "filerRelation": "Investment Advisor", "moneyText": "", "startDate": "2010-08-10", "ownership": "D"}, {"maxAge": 1, "shares": 2128252, "filerUrl": "", "transactionText": "", "filerName": "Spinnakar Global Opportunity Fund, Ltd.", "filerRelation": "Investment Advisor", "moneyText": "", "startDate": "2010-08-10", "ownership": "D"}, {"maxAge": 1, "shares": 4006639, "filerUrl": "", "transactionText": "", "filerName": "Spinnakar Global Opportunity Fund, Ltd.", "filerRelation": "Investment Advisor", "moneyText": "", "startDate": "2010-08-10", "ownership": "D"}], "maxAge": 1}, "quoteType": {"exchange": "BSE", "quoteType": "EQUITY", "symbol": "SANGHIIND.BO", "underlyingSymbol": "SANGHIIND.BO", "shortName": "SANGHI INDUSTRIES LTD.", "longName": "Sanghi Industries Limited", "firstTradeDateEpochUtc": "2000-11-03 09:15:00", "timeZoneFullName": "Asia/Kolkata", "timeZoneShortName": "IST", "uuid": "ab9bcb85-2900-3bf9-90ea-d4a0a4572893", "gmtOffSetMilliseconds": 19800000, "maxAge": 1}, "incomeStatementHistory": {"incomeStatementHistory": [{"maxAge": 1, "endDate": "2020-03-31", "totalRevenue": 8874200000, "costOfRevenue": 3124500000, "grossProfit": 5749700000, "researchDevelopment": {}, "sellingGeneralAdministrative": 3117900000, "nonRecurring": {}, "otherOperatingExpenses": 660000000, "totalOperatingExpenses": 7523200000, "operatingIncome": 1351000000, "totalOtherIncomeExpenseNet": -697500000, "ebit": 1351000000, "interestExpense": -779600000, "incomeBeforeTax": 653500000, "incomeTaxExpense": 0, "minorityInterest": {}, "netIncomeFromContinuingOps": 653500000, "discontinuedOperations": {}, "extraordinaryItems": {}, "effectOfAccountingCharges": {}, "otherItems": {}, "netIncome": 653500000, "netIncomeApplicableToCommonShares": 653500000}, {"maxAge": 1, "endDate": "2019-03-31", "totalRevenue": 10606100000, "costOfRevenue": 4094000000, "grossProfit": 6512100000, "researchDevelopment": {}, "sellingGeneralAdministrative": 4139000000, "nonRecurring": {}, "otherOperatingExpenses": 762600000, "totalOperatingExpenses": 9709000000, "operatingIncome": 897100000, "totalOtherIncomeExpenseNet": -371100000, "ebit": 897100000, "interestExpense": -573300000, "incomeBeforeTax": 526000000, "incomeTaxExpense": 0, "minorityInterest": {}, "netIncomeFromContinuingOps": 526000000, "discontinuedOperations": {}, "extraordinaryItems": {}, "effectOfAccountingCharges": {}, "otherItems": {}, "netIncome": 526000000, "netIncomeApplicableToCommonShares": 526000000}, {"maxAge": 1, "endDate": "2018-03-31", "totalRevenue": 10258100000, "costOfRevenue": 3263200000, "grossProfit": 6994900000, "researchDevelopment": {}, "sellingGeneralAdministrative": 3869600000, "nonRecurring": {}, "otherOperatingExpenses": 967400000, "totalOperatingExpenses": 8824000000, "operatingIncome": 1434100000, "totalOtherIncomeExpenseNet": -501000000, "ebit": 1434100000, "interestExpense": -721200000, "incomeBeforeTax": 933100000, "incomeTaxExpense": 0, "minorityInterest": {}, "netIncomeFromContinuingOps": 933100000, "discontinuedOperations": {}, "extraordinaryItems": {}, "effectOfAccountingCharges": {}, "otherItems": {}, "netIncome": 933100000, "netIncomeApplicableToCommonShares": 933100000}, {"maxAge": 1, "endDate": "2017-03-31", "totalRevenue": 9942100000, "costOfRevenue": 3285500000, "grossProfit": 6656600000, "researchDevelopment": {}, "sellingGeneralAdministrative": 3858500000, "nonRecurring": {}, "otherOperatingExpenses": 811500000, "totalOperatingExpenses": 8686100000, "operatingIncome": 1256000000, "totalOtherIncomeExpenseNet": -624600000, "ebit": 1256000000, "interestExpense": -642300000, "incomeBeforeTax": 631400000, "incomeTaxExpense": 0, "minorityInterest": {}, "netIncomeFromContinuingOps": 631400000, "discontinuedOperations": {}, "extraordinaryItems": {}, "effectOfAccountingCharges": {}, "otherItems": {}, "netIncome": 631400000, "netIncomeApplicableToCommonShares": 631400000}], "maxAge": 86400}, "fundOwnership": {"ownershipList": [], "maxAge": 1}, "summaryDetail": {"maxAge": 1, "priceHint": 2, "previousClose": 42.9, "open": 46.4, "dayLow": 45.5, "dayHigh": 47.6, "regularMarketPreviousClose": 42.9, "regularMarketOpen": 46.4, "regularMarketDayLow": 45.5, "regularMarketDayHigh": 47.6, "trailingPE": 34.858887, "forwardPE": 7.5787725, "volume": 453802, "regularMarketVolume": 453802, "averageVolume": 269068, "averageVolume10days": 317258, "averageDailyVolume10Day": 317258, "bid": 45.5, "ask": 45.95, "bidSize": 0, "askSize": 0, "marketCap": 11470700544, "fiftyTwoWeekLow": 15.15, "fiftyTwoWeekHigh": 47.6, "fiftyDayAverage": 35.29091, "twoHundredDayAverage": 29.89669, "currency": "INR", "fromCurrency": null, "lastMarket": null, "algorithm": null, "tradeable": false}, "sectorTrend": {"maxAge": 1, "symbol": null, "estimates": []}, "incomeStatementHistoryQuarterly": {"incomeStatementHistory": [{"maxAge": 1, "endDate": "2020-06-30", "totalRevenue": 1487396000, "costOfRevenue": 501597000, "grossProfit": 985799000, "researchDevelopment": {}, "sellingGeneralAdministrative": 518509000, "nonRecurring": {}, "otherOperatingExpenses": 95160000, "totalOperatingExpenses": 1270318000, "operatingIncome": 217078000, "totalOtherIncomeExpenseNet": -156861000, "ebit": 217078000, "interestExpense": -171012000, "incomeBeforeTax": 60217000, "incomeTaxExpense": 0, "minorityInterest": {}, "netIncomeFromContinuingOps": 60217000, "discontinuedOperations": {}, "extraordinaryItems": {}, "effectOfAccountingCharges": {}, "otherItems": {}, "netIncome": 60217000, "netIncomeApplicableToCommonShares": 60217000}, {"maxAge": 1, "endDate": "2020-03-31", "totalRevenue": 2214817000, "costOfRevenue": 670797000, "grossProfit": 1544020000, "researchDevelopment": {}, "sellingGeneralAdministrative": 782933000, "nonRecurring": {}, "otherOperatingExpenses": 204439000, "totalOperatingExpenses": 1821789000, "operatingIncome": 393028000, "totalOtherIncomeExpenseNet": -234687000, "ebit": 393028000, "interestExpense": -215924000, "incomeBeforeTax": 158341000, "incomeTaxExpense": 0, "minorityInterest": {}, "netIncomeFromContinuingOps": 158341000, "discontinuedOperations": {}, "extraordinaryItems": {}, "effectOfAccountingCharges": {}, "otherItems": {}, "netIncome": 158341000, "netIncomeApplicableToCommonShares": 158341000}, {"maxAge": 1, "endDate": "2019-12-31", "totalRevenue": 1871599000, "costOfRevenue": 666682000, "grossProfit": 1204917000, "researchDevelopment": {}, "sellingGeneralAdministrative": 677441000, "nonRecurring": {}, "otherOperatingExpenses": 139405000, "totalOperatingExpenses": 1638537000, "operatingIncome": 233062000, "totalOtherIncomeExpenseNet": -183699000, "ebit": 233062000, "interestExpense": -207957000, "incomeBeforeTax": 49363000, "incomeTaxExpense": 0, "minorityInterest": {}, "netIncomeFromContinuingOps": 49363000, "discontinuedOperations": {}, "extraordinaryItems": {}, "effectOfAccountingCharges": {}, "otherItems": {}, "netIncome": 49363000, "netIncomeApplicableToCommonShares": 49363000}, {"maxAge": 1, "endDate": "2019-09-30", "totalRevenue": 2046589000, "costOfRevenue": 825326000, "grossProfit": 1221263000, "researchDevelopment": {}, "sellingGeneralAdministrative": 715295000, "nonRecurring": {}, "otherOperatingExpenses": 135940000, "totalOperatingExpenses": 1833821000, "operatingIncome": 212768000, "totalOtherIncomeExpenseNet": -150588000, "ebit": 212768000, "interestExpense": -184983000, "incomeBeforeTax": 62180000, "incomeTaxExpense": 0, "minorityInterest": {}, "netIncomeFromContinuingOps": 62180000, "discontinuedOperations": {}, "extraordinaryItems": {}, "effectOfAccountingCharges": {}, "otherItems": {}, "netIncome": 62180000, "netIncomeApplicableToCommonShares": 62180000}], "maxAge": 86400}, "cashflowStatementHistoryQuarterly": {"cashflowStatements": [{"maxAge": 1, "endDate": "2020-06-30", "netIncome": 60217000, "changeToLiabilities": 0}, {"maxAge": 1, "endDate": "2020-03-31", "netIncome": 158341000, "changeToLiabilities": 0}, {"maxAge": 1, "endDate": "2019-12-31", "netIncome": 49363000, "changeToLiabilities": 0}, {"maxAge": 1, "endDate": "2019-09-30", "netIncome": 62180000, "changeToLiabilities": 0}], "maxAge": 86400}, "insiderHolders": {"holders": [{"maxAge": 1, "name": "Samruddhi Investors Services Pvt Ltd", "relation": "Promoter", "url": "", "transactionDescription": "Acquisition", "latestTransDate": "2019-09-27", "positionDirect": 61533791, "positionDirectDate": "2019-09-27"}, {"maxAge": 1, "name": "Sanghi (Aditya)", "relation": "Promoter", "url": "", "transactionDescription": "Acquisition", "latestTransDate": "2020-03-13", "positionDirect": 4959500, "positionDirectDate": "2020-03-13"}, {"maxAge": 1, "name": "Sanghi (Alok)", "relation": "Promoter", "url": "", "transactionDescription": "Acquisition", "latestTransDate": "2020-03-13", "positionDirect": 4959500, "positionDirectDate": "2020-03-13"}, {"maxAge": 1, "name": "Sanghi (Amit)", "relation": "Promoter", "url": "", "transactionDescription": "Other", "latestTransDate": "2015-03-30", "positionDirect": 0, "positionDirectDate": "2015-03-30"}, {"maxAge": 1, "name": "Sanghi (Anand Prakash)", "relation": "Promoter", "url": "", "transactionDescription": "Other", "latestTransDate": "2014-12-18", "positionDirect": 0, "positionDirectDate": "2014-12-18"}, {"maxAge": 1, "name": "Sanghi (Anand) HUF", "relation": "Promoter", "url": "", "transactionDescription": "Other", "latestTransDate": "2014-12-18", "positionDirect": 0, "positionDirectDate": "2014-12-18"}, {"maxAge": 1, "name": "Sanghi (Anjana)", "relation": "Promoter", "url": "", "transactionDescription": "Other", "latestTransDate": "2015-03-30", "positionDirect": 0, "positionDirectDate": "2015-03-30"}, {"maxAge": 1, "name": "Sanghi (Gireesh)", "relation": "Promoter", "url": "", "transactionDescription": "Sale", "latestTransDate": "2017-10-13", "positionDirect": 1354457, "positionDirectDate": "2017-10-13"}, {"maxAge": 1, "name": "Sanghi (Ravi)", "relation": "Promoter", "url": "", "transactionDescription": "Other", "latestTransDate": "2017-07-20", "positionDirect": 49878750, "positionDirectDate": "2017-07-20"}, {"maxAge": 1, "name": "Sanghi (Swati Ashok Kumar)", "relation": "Promoter", "url": "", "transactionDescription": "Other", "latestTransDate": "2015-03-30", "positionDirect": 0, "positionDirectDate": "2015-03-30"}], "maxAge": 1}, "earnings": {"maxAge": 86400, "earningsChart": {"quarterly": [{"date": "4Q2017", "actual": 1.46, "estimate": 0.85}, {"date": "1Q2018", "actual": 0.77, "estimate": 1.05}, {"date": "2Q2018", "actual": 0.79, "estimate": 1.08}, {"date": "3Q2018", "actual": 0.08, "estimate": 0.3}], "currentQuarterEstimateDate": "4Q", "currentQuarterEstimateYear": 2018, "earningsDate": []}, "financialsChart": {"yearly": [{"date": 2017, "revenue": 9942100000, "earnings": 631400000}, {"date": 2018, "revenue": 10258100000, "earnings": 933100000}, {"date": 2019, "revenue": 10606100000, "earnings": 526000000}, {"date": 2020, "revenue": 8874200000, "earnings": 653500000}], "quarterly": [{"date": "3Q2019", "revenue": 2046589000, "earnings": 62180000}, {"date": "4Q2019", "revenue": 1871599000, "earnings": 49363000}, {"date": "1Q2020", "revenue": 2214817000, "earnings": 158341000}, {"date": "2Q2020", "revenue": 1487396000, "earnings": 60217000}]}, "financialCurrency": "INR"}, "calendarEvents": {"maxAge": 1, "earnings": {"earningsDate": [], "revenueAverage": 3253000000, "revenueLow": 3253000000, "revenueHigh": 3253000000}}, "upgradeDowngradeHistory": {"history": [], "maxAge": 86400}, "price": {"maxAge": 1, "regularMarketChangePercent": 0.06526805, "regularMarketChange": 2.7999992, "regularMarketTime": "2021-04-30 15:46:33", "priceHint": 2, "regularMarketPrice": 45.7, "regularMarketDayHigh": 47.6, "regularMarketDayLow": 45.5, "regularMarketVolume": 453802, "averageDailyVolume10Day": 317258, "averageDailyVolume3Month": 269068, "regularMarketPreviousClose": 42.9, "regularMarketSource": "FREE_REALTIME", "regularMarketOpen": 46.4, "exchange": "BSE", "exchangeName": "BSE", "exchangeDataDelayedBy": 0, "marketState": "CLOSED", "quoteType": "EQUITY", "symbol": "SANGHIIND.BO", "underlyingSymbol": null, "shortName": "SANGHI INDUSTRIES LTD.", "longName": "Sanghi Industries Limited", "currency": "INR", "quoteSourceName": "Delayed Quote", "currencySymbol": "\u20b9", "fromCurrency": null, "lastMarket": null, "marketCap": 11470700544}, "balanceSheetHistory": {"balanceSheetStatements": [{"maxAge": 1, "endDate": "2020-03-31", "cash": 22800000, "shortTermInvestments": 215900000, "netReceivables": 393800000, "inventory": 3565800000, "otherCurrentAssets": 1683700000, "totalCurrentAssets": 5882000000, "propertyPlantEquipment": 27103300000, "otherAssets": 1057300000, "deferredLongTermAssetCharges": 860500000, "totalAssets": 34042600000, "accountsPayable": 1329700000, "shortLongTermDebt": 1171100000, "otherCurrentLiab": 1426700000, "longTermDebt": 8802200000, "otherLiab": 824700000, "totalCurrentLiabilities": 7146800000, "totalLiab": 16889000000, "commonStock": 2510000000, "retainedEarnings": 9474000000, "treasuryStock": 1076200000, "capitalSurplus": 4093400000, "otherStockholderEquity": 1076200000, "totalStockholderEquity": 17153600000, "netTangibleAssets": 17153600000}, {"maxAge": 1, "endDate": "2019-03-31", "cash": 4500000, "shortTermInvestments": 1333300000, "netReceivables": 441800000, "inventory": 2372900000, "otherCurrentAssets": 1692700000, "totalCurrentAssets": 5845200000, "propertyPlantEquipment": 20418800000, "otherAssets": 1894600000, "deferredLongTermAssetCharges": 860500000, "totalAssets": 28158600000, "accountsPayable": 1930400000, "shortLongTermDebt": 571900000, "otherCurrentLiab": 736400000, "longTermDebt": 5211800000, "otherLiab": 698400000, "totalCurrentLiabilities": 5744800000, "totalLiab": 11655000000, "commonStock": 2510000000, "retainedEarnings": 8824000000, "treasuryStock": 1076200000, "capitalSurplus": 4093400000, "otherStockholderEquity": 1076200000, "totalStockholderEquity": 16503600000, "netTangibleAssets": 16503600000}, {"maxAge": 1, "endDate": "2018-03-31", "cash": 4100000, "shortTermInvestments": 3547900000, "netReceivables": 320800000, "inventory": 1474900000, "otherCurrentAssets": 1965000000, "totalCurrentAssets": 7312700000, "propertyPlantEquipment": 18023000000, "otherAssets": 1207500000, "deferredLongTermAssetCharges": 870900000, "totalAssets": 26543200000, "accountsPayable": 1327000000, "shortLongTermDebt": 264600000, "otherCurrentLiab": 191300000, "longTermDebt": 5508300000, "otherLiab": 1119600000, "totalCurrentLiabilities": 3936500000, "totalLiab": 10564400000, "commonStock": 2510000000, "retainedEarnings": 8518200000, "treasuryStock": 857200000, "capitalSurplus": 4093400000, "otherStockholderEquity": 857200000, "totalStockholderEquity": 15978800000, "netTangibleAssets": 15978800000}, {"maxAge": 1, "endDate": "2017-03-31", "cash": 1700000, "shortTermInvestments": 98900000, "netReceivables": 239400000, "inventory": 1865800000, "otherCurrentAssets": 938700000, "totalCurrentAssets": 3144500000, "propertyPlantEquipment": 16190000000, "otherAssets": 1321700000, "deferredLongTermAssetCharges": 956500000, "totalAssets": 20656200000, "accountsPayable": 1421300000, "shortLongTermDebt": 125800000, "otherCurrentLiab": 232900000, "longTermDebt": 4590200000, "otherLiab": 1550500000, "totalCurrentLiabilities": 3375700000, "totalLiab": 9516400000, "commonStock": 2199800000, "retainedEarnings": 7461300000, "treasuryStock": 980500000, "capitalSurplus": 498200000, "otherStockholderEquity": 980500000, "totalStockholderEquity": 11139800000, "netTangibleAssets": 11139800000}], "maxAge": 86400}, "earningsTrend": {"trend": [{"maxAge": 1, "period": "0q", "endDate": "2018-12-31", "growth": {}, "earningsEstimate": {"avg": 0.0, "low": 0.0, "high": 0.0, "yearAgoEps": 1.46, "numberOfAnalysts": 0, "growth": {}}, "revenueEstimate": {"avg": 3253000000, "low": 3253000000, "high": 3253000000, "numberOfAnalysts": 1, "yearAgoRevenue": 2796010000, "growth": 0.16299999}, "epsTrend": {"current": 0.0, "7daysAgo": 0.0, "30daysAgo": 0.0, "60daysAgo": 0.0, "90daysAgo": 0.0}, "epsRevisions": {"upLast7days": 0, "upLast30days": 0, "downLast30days": 0, "downLast90days": {}}}, {"maxAge": 1, "period": "+1q", "endDate": "2019-03-31", "growth": {}, "earningsEstimate": {"avg": 0.0, "low": 0.0, "high": 0.0, "yearAgoEps": 0.77, "numberOfAnalysts": 0, "growth": {}}, "revenueEstimate": {"avg": 3159000000, "low": 3159000000, "high": 3159000000, "numberOfAnalysts": 1, "yearAgoRevenue": 2536300000, "growth": 0.246}, "epsTrend": {"current": 0.0, "7daysAgo": 0.0, "30daysAgo": 0.0, "60daysAgo": 0.0, "90daysAgo": 0.0}, "epsRevisions": {"upLast7days": 0, "upLast30days": 0, "downLast30days": 0, "downLast90days": {}}}, {"maxAge": 1, "period": "0y", "endDate": "2019-03-31", "growth": {}, "earningsEstimate": {"avg": 0.0, "low": 0.0, "high": 0.0, "yearAgoEps": {}, "numberOfAnalysts": 0, "growth": {}}, "revenueEstimate": {"avg": 11602000000, "low": 11602000000, "high": 11602000000, "numberOfAnalysts": 1, "yearAgoRevenue": 10263700000, "growth": 0.13}, "epsTrend": {"current": 0.0, "7daysAgo": 3.1, "30daysAgo": 3.1, "60daysAgo": 3.1, "90daysAgo": 3.1}, "epsRevisions": {"upLast7days": 0, "upLast30days": 0, "downLast30days": 0, "downLast90days": {}}}, {"maxAge": 1, "period": "+1y", "endDate": "2020-03-31", "growth": {}, "earningsEstimate": {"avg": 0.0, "low": 0.0, "high": 0.0, "yearAgoEps": {}, "numberOfAnalysts": 0, "growth": {}}, "revenueEstimate": {"avg": 13198400000, "low": 12513000000, "high": 14009000000, "numberOfAnalysts": 5, "yearAgoRevenue": 11602000000, "growth": 0.138}, "epsTrend": {"current": 0.0, "7daysAgo": 4.09, "30daysAgo": 4.09, "60daysAgo": 4.09, "90daysAgo": 4.09}, "epsRevisions": {"upLast7days": 0, "upLast30days": 0, "downLast30days": 0, "downLast90days": {}}}, {"maxAge": 1, "period": "+5y", "endDate": null, "growth": 0.689, "earningsEstimate": {"avg": {}, "low": {}, "high": {}, "yearAgoEps": {}, "numberOfAnalysts": {}, "growth": {}}, "revenueEstimate": {"avg": {}, "low": {}, "high": {}, "numberOfAnalysts": {}, "yearAgoRevenue": {}, "growth": {}}, "epsTrend": {"current": {}, "7daysAgo": {}, "30daysAgo": {}, "60daysAgo": {}, "90daysAgo": {}}, "epsRevisions": {"upLast7days": {}, "upLast30days": {}, "downLast30days": {}, "downLast90days": {}}}, {"maxAge": 1, "period": "-5y", "endDate": null, "growth": {}, "earningsEstimate": {"avg": {}, "low": {}, "high": {}, "yearAgoEps": {}, "numberOfAnalysts": {}, "growth": {}}, "revenueEstimate": {"avg": {}, "low": {}, "high": {}, "numberOfAnalysts": {}, "yearAgoRevenue": {}, "growth": {}}, "epsTrend": {"current": {}, "7daysAgo": {}, "30daysAgo": {}, "60daysAgo": {}, "90daysAgo": {}}, "epsRevisions": {"upLast7days": {}, "upLast30days": {}, "downLast30days": {}, "downLast90days": {}}}], "maxAge": 1}, "financialData": {"maxAge": 86400, "currentPrice": 45.7, "targetHighPrice": 150.0, "targetLowPrice": 63.0, "targetMeanPrice": 87.33, "targetMedianPrice": 75.0, "recommendationKey": "none", "numberOfAnalystOpinions": 6, "grossProfits": 5749700000, "financialCurrency": "INR"}}}