{"SANGAMIND.BO": {"recommendationTrend": {"trend": [{"period": "0m", "strongBuy": 0, "buy": 0, "hold": 0, "sell": 0, "strongSell": 0}, {"period": "-1m", "strongBuy": 0, "buy": 0, "hold": 0, "sell": 0, "strongSell": 0}, {"period": "-2m", "strongBuy": 0, "buy": 0, "hold": 0, "sell": 0, "strongSell": 0}, {"period": "-3m", "strongBuy": 0, "buy": 0, "hold": 0, "sell": 0, "strongSell": 0}], "maxAge": 86400}, "cashflowStatementHistory": {"cashflowStatements": [{"maxAge": 1, "endDate": "2020-03-31", "netIncome": 132800000, "depreciation": 810500000, "changeToNetincome": 698800000, "changeToAccountReceivables": 575900000, "changeToLiabilities": -501600000, "changeToInventory": -119700000, "changeToOperatingActivities": 237200000, "totalCashFromOperatingActivities": 1833900000, "capitalExpenditures": -482100000, "otherCashflowsFromInvestingActivities": 76400000, "totalCashflowsFromInvestingActivities": -386700000, "dividendsPaid": -47600000, "netBorrowings": -595300000, "otherCashflowsFromFinancingActivities": -674600000, "totalCashFromFinancingActivities": -1317500000, "changeInCash": 129700000}, {"maxAge": 1, "endDate": "2019-03-31", "netIncome": 132300000, "depreciation": 802900000, "changeToNetincome": 853300000, "changeToAccountReceivables": -341700000, "changeToLiabilities": 135700000, "changeToInventory": -7600000, "changeToOperatingActivities": 162900000, "totalCashFromOperatingActivities": 1740200000, "capitalExpenditures": -329500000, "otherCashflowsFromInvestingActivities": 61100000, "totalCashflowsFromInvestingActivities": -237200000, "dividendsPaid": -39500000, "netBorrowings": -800900000, "otherCashflowsFromFinancingActivities": -672600000, "totalCashFromFinancingActivities": -1513000000, "changeInCash": -10000000}, {"maxAge": 1, "endDate": "2018-03-31", "netIncome": 286200000, "depreciation": 769200000, "changeToNetincome": 235900000, "changeToAccountReceivables": -638700000, "changeToLiabilities": 487100000, "changeToInventory": 7300000, "changeToOperatingActivities": -196100000, "totalCashFromOperatingActivities": 952600000, "capitalExpenditures": -1222000000, "otherCashflowsFromInvestingActivities": 117400000, "totalCashflowsFromInvestingActivities": -1068300000, "dividendsPaid": -95300000, "netBorrowings": 791300000, "otherCashflowsFromFinancingActivities": -620400000, "totalCashFromFinancingActivities": 75600000, "changeInCash": -40100000}, {"maxAge": 1, "endDate": "2017-03-31", "netIncome": 529300000, "depreciation": 724400000, "changeToNetincome": 570800000, "changeToAccountReceivables": 232600000, "changeToLiabilities": 258100000, "changeToInventory": -662800000, "changeToOperatingActivities": -179500000, "totalCashFromOperatingActivities": 1474500000, "capitalExpenditures": -1403100000, "otherCashflowsFromInvestingActivities": 80000000, "totalCashflowsFromInvestingActivities": -1312200000, "dividendsPaid": -94500000, "netBorrowings": 594000000, "otherCashflowsFromFinancingActivities": -641000000, "totalCashFromFinancingActivities": -141500000, "changeInCash": 20800000}], "maxAge": 86400}, "institutionOwnership": {"ownershipList": [], "maxAge": 1}, "balanceSheetHistoryQuarterly": {"balanceSheetStatements": [{"maxAge": 1, "endDate": "2020-06-30", "totalStockholderEquity": 5271200000, "netTangibleAssets": 5227500000}, {"maxAge": 1, "endDate": "2020-03-31", "cash": 136500000, "shortTermInvestments": 495200000, "netReceivables": 2960000000, "inventory": 3727800000, "otherCurrentAssets": 610200000, "totalCurrentAssets": 7929700000, "longTermInvestments": 58500000, "propertyPlantEquipment": 6214300000, "intangibleAssets": 43700000, "otherAssets": 158900000, "totalAssets": 14405100000, "accountsPayable": 1146600000, "otherCurrentLiab": 1308300000, "longTermDebt": 2422800000, "otherLiab": 491100000, "totalCurrentLiabilities": 6220000000, "totalLiab": 9133900000, "commonStock": 394200000, "treasuryStock": 4877000000, "otherStockholderEquity": 4877000000, "totalStockholderEquity": 5271200000, "netTangibleAssets": 5227500000}, {"maxAge": 1, "endDate": "2019-12-31", "totalStockholderEquity": 5203600000, "netTangibleAssets": 5167700000}, {"maxAge": 1, "endDate": "2019-09-30", "cash": 84400000, "shortTermInvestments": 446400000, "netReceivables": 3530800000, "inventory": 3318600000, "otherCurrentAssets": 590100000, "totalCurrentAssets": 7970300000, "longTermInvestments": 58500000, "propertyPlantEquipment": 6428100000, "intangibleAssets": 35900000, "otherAssets": 198600000, "totalAssets": 14691400000, "accountsPayable": 1455200000, "otherCurrentLiab": 1549800000, "longTermDebt": 2452500000, "otherLiab": 464300000, "totalCurrentLiabilities": 6571000000, "totalLiab": 9487800000, "commonStock": 394200000, "treasuryStock": 4809400000, "otherStockholderEquity": 4809400000, "totalStockholderEquity": 5203600000, "netTangibleAssets": 5167700000}], "maxAge": 86400}, "earningsHistory": {"history": [{"maxAge": 1, "epsActual": {}, "epsEstimate": {}, "epsDifference": {}, "surprisePercent": {}, "quarter": {}, "period": "-4q"}, {"maxAge": 1, "epsActual": {}, "epsEstimate": {}, "epsDifference": {}, "surprisePercent": {}, "quarter": {}, "period": "-3q"}, {"maxAge": 1, "epsActual": {}, "epsEstimate": {}, "epsDifference": {}, "surprisePercent": {}, "quarter": {}, "period": "-2q"}, {"maxAge": 1, "epsActual": {}, "epsEstimate": {}, "epsDifference": {}, "surprisePercent": {}, "quarter": {}, "period": "-1q"}], "maxAge": 86400}, "indexTrend": {"maxAge": 1, "symbol": "SP5", "peRatio": 19.7411, "pegRatio": 1.34172, "estimates": [{"period": "0q", "growth": 0.549}, {"period": "+1q", "growth": 0.431}, {"period": "0y", "growth": 0.305}, {"period": "+1y", "growth": 0.109}, {"period": "+5y", "growth": 0.120859005}, {"period": "-5y"}]}, "industryTrend": {"maxAge": 1, "symbol": null, "estimates": []}, "insiderTransactions": {"transactions": [{"maxAge": 1, "shares": 60000, "filerUrl": "", "transactionText": "", "filerName": "Sangam Ecom Ltd", "filerRelation": "Promoter", "moneyText": "", "startDate": "2020-08-28", "ownership": "D"}, {"maxAge": 1, "shares": 60000, "filerUrl": "", "transactionText": "", "filerName": "Sahyog Finance Pvt Ltd", "filerRelation": "Promoter", "moneyText": "", "startDate": "2019-08-28", "ownership": "D"}, {"maxAge": 1, "shares": 60000, "filerUrl": "", "transactionText": "", "filerName": "Sangam Ecom Ltd", "filerRelation": "UNREPORTED", "moneyText": "", "startDate": "2019-08-28", "ownership": "D"}, {"maxAge": 1, "shares": 1182817, "filerUrl": "", "transactionText": "", "filerName": "Sangam Ecom Ltd", "filerRelation": "UNREPORTED", "moneyText": "", "startDate": "2019-08-26", "ownership": "D"}, {"maxAge": 1, "shares": 4799995, "filerUrl": "", "transactionText": "", "filerName": "Sangam Ecom Ltd", "filerRelation": "UNREPORTED", "moneyText": "", "startDate": "2019-08-21", "ownership": "D"}, {"maxAge": 1, "shares": 1950275, "filerUrl": "", "transactionText": "", "filerName": "Sangam Ecom Ltd", "filerRelation": "UNREPORTED", "moneyText": "", "startDate": "2019-07-19", "ownership": "D"}, {"maxAge": 1, "shares": 0, "filerUrl": "", "transactionText": "", "filerName": "Soni (Anurag)", "filerRelation": "Promoter", "moneyText": "", "startDate": "2019-03-15", "ownership": "I"}, {"maxAge": 1, "shares": 1065000, "filerUrl": "", "transactionText": "", "filerName": "Soni (Anurag)", "filerRelation": "Promoter", "moneyText": "", "startDate": "2019-03-15", "ownership": "D"}, {"maxAge": 1, "shares": 1606000, "filerUrl": "", "transactionText": "", "filerName": "Soni (Badrilal Rampal) HUF", "filerRelation": "Promoter", "moneyText": "", "startDate": "2017-03-24", "ownership": "D"}, {"maxAge": 1, "shares": 1606000, "filerUrl": "", "transactionText": "", "filerName": "Soni (Anurag)", "filerRelation": "Promoter", "moneyText": "", "startDate": "2017-03-24", "ownership": "D"}, {"maxAge": 1, "shares": 1031029, "filerUrl": "", "transactionText": "", "filerName": "Sangam Business Credit Ltd", "filerRelation": "Promoter", "moneyText": "", "startDate": "2016-11-16", "ownership": "D"}, {"maxAge": 1, "shares": 1031029, "filerUrl": "", "transactionText": "", "filerName": "Sangam Infratech, Ltd.", "filerRelation": "Promoter", "moneyText": "", "startDate": "2016-11-16", "ownership": "D"}, {"maxAge": 1, "shares": 1795990, "filerUrl": "", "transactionText": "", "filerName": "Sangam Business Credit Ltd", "filerRelation": "Promoter", "moneyText": "", "startDate": "2015-05-19", "ownership": "D"}, {"maxAge": 1, "shares": 43749, "filerUrl": "", "transactionText": "", "filerName": "Nidhi Mercantiles, Ltd.", "filerRelation": "Institution- Corporation", "moneyText": "", "startDate": "2014-03-25", "ownership": "D"}, {"maxAge": 1, "shares": 110000, "filerUrl": "", "transactionText": "", "filerName": "Nidhi Mercantiles, Ltd.", "filerRelation": "Institution- Corporation", "moneyText": "", "startDate": "2014-03-20", "ownership": "D"}, {"maxAge": 1, "shares": 247418, "filerUrl": "", "transactionText": "", "filerName": "Nidhi Mercantiles, Ltd.", "filerRelation": "Institution- Corporation", "moneyText": "", "startDate": "2014-03-18", "ownership": "D"}, {"maxAge": 1, "shares": 200000, "filerUrl": "", "transactionText": "", "filerName": "Nidhi Mercantiles, Ltd.", "filerRelation": "Institution- Corporation", "moneyText": "", "startDate": "2014-03-11", "ownership": "D"}, {"maxAge": 1, "shares": 200000, "filerUrl": "", "transactionText": "", "filerName": "Nidhi Mercantiles, Ltd.", "filerRelation": "Institution- Corporation", "moneyText": "", "startDate": "2014-03-10", "ownership": "D"}, {"maxAge": 1, "shares": 1635229, "filerUrl": "", "transactionText": "", "filerName": "Hawamahal Finance Pvt. Ltd.", "filerRelation": "Promoter", "moneyText": "", "startDate": "2014-01-02", "ownership": "D"}, {"maxAge": 1, "shares": 54300, "filerUrl": "", "transactionText": "", "filerName": "Sangam Infratech, Ltd.", "filerRelation": "Promoter", "moneyText": "", "startDate": "2013-02-21", "ownership": "D"}, {"maxAge": 1, "shares": 5696, "filerUrl": "", "transactionText": "", "filerName": "Sangam Infratech, Ltd.", "filerRelation": "Promoter", "moneyText": "", "startDate": "2013-02-18", "ownership": "D"}, {"maxAge": 1, "shares": 39900, "filerUrl": "", "transactionText": "", "filerName": "Sangam Infratech, Ltd.", "filerRelation": "Promoter", "moneyText": "", "startDate": "2013-02-12", "ownership": "D"}, {"maxAge": 1, "shares": 2000, "filerUrl": "", "transactionText": "", "filerName": "Sangam Infratech, Ltd.", "filerRelation": "Promoter", "moneyText": "", "startDate": "2013-02-11", "ownership": "D"}, {"maxAge": 1, "shares": 20310, "filerUrl": "", "transactionText": "", "filerName": "Sangam Infratech, Ltd.", "filerRelation": "Promoter", "moneyText": "", "startDate": "2013-02-05", "ownership": "D"}, {"maxAge": 1, "shares": 10000, "filerUrl": "", "transactionText": "", "filerName": "Sangam Infratech, Ltd.", "filerRelation": "Promoter", "moneyText": "", "startDate": "2013-01-31", "ownership": "D"}, {"maxAge": 1, "shares": 33500, "filerUrl": "", "transactionText": "", "filerName": "Sangam Infratech, Ltd.", "filerRelation": "Promoter", "moneyText": "", "startDate": "2013-01-28", "ownership": "D"}, {"maxAge": 1, "shares": 17500, "filerUrl": "", "transactionText": "", "filerName": "Sangam Infratech, Ltd.", "filerRelation": "Promoter", "moneyText": "", "startDate": "2013-01-22", "ownership": "D"}, {"maxAge": 1, "shares": 8919, "filerUrl": "", "transactionText": "", "filerName": "Sangam Infratech, Ltd.", "filerRelation": "Promoter", "moneyText": "", "startDate": "2013-01-18", "ownership": "D"}, {"maxAge": 1, "shares": 67347, "filerUrl": "", "transactionText": "", "filerName": "Sangam Infratech, Ltd.", "filerRelation": "Promoter", "moneyText": "", "startDate": "2013-01-17", "ownership": "D"}, {"maxAge": 1, "shares": 41050, "filerUrl": "", "transactionText": "", "filerName": "Sangam Infratech, Ltd.", "filerRelation": "Promoter", "moneyText": "", "startDate": "2012-08-22", "ownership": "D"}, {"maxAge": 1, "shares": 15000, "filerUrl": "", "transactionText": "", "filerName": "Sangam Infratech, Ltd.", "filerRelation": "Promoter", "moneyText": "", "startDate": "2012-08-21", "ownership": "D"}, {"maxAge": 1, "shares": 52900, "filerUrl": "", "transactionText": "", "filerName": "Sangam Infratech, Ltd.", "filerRelation": "Promoter", "moneyText": "", "startDate": "2012-08-17", "ownership": "D"}, {"maxAge": 1, "shares": 23977, "filerUrl": "", "transactionText": "", "filerName": "Sangam Infratech, Ltd.", "filerRelation": "Promoter", "moneyText": "", "startDate": "2012-06-29", "ownership": "D"}, {"maxAge": 1, "shares": 40000, "filerUrl": "", "transactionText": "", "filerName": "Sangam Infratech, Ltd.", "filerRelation": "Promoter", "moneyText": "", "startDate": "2012-06-06", "ownership": "D"}, {"maxAge": 1, "shares": 53892, "filerUrl": "", "transactionText": "", "filerName": "Sangam Infratech, Ltd.", "filerRelation": "Promoter", "moneyText": "", "startDate": "2012-05-28", "ownership": "D"}, {"maxAge": 1, "shares": 165738, "filerUrl": "", "transactionText": "", "filerName": "Sangam Infratech, Ltd.", "filerRelation": "Promoter", "moneyText": "", "startDate": "2012-03-30", "ownership": "D"}, {"maxAge": 1, "shares": 175000, "filerUrl": "", "transactionText": "", "filerName": "Nidhi Mercantiles, Ltd.", "filerRelation": "Institution- Corporation", "moneyText": "", "startDate": "2011-03-28", "ownership": "D"}], "maxAge": 1}, "quoteType": {"exchange": "BSE", "quoteType": "EQUITY", "symbol": "SANGAMIND.BO", "underlyingSymbol": "SANGAMIND.BO", "shortName": "SANGAM (INDIA) LTD.", "longName": "Sangam (India) Limited", "firstTradeDateEpochUtc": "2002-01-04 09:15:00", "timeZoneFullName": "Asia/Kolkata", "timeZoneShortName": "IST", "uuid": "3470f6e4-0fea-306e-9dc3-d1688e6640e2", "gmtOffSetMilliseconds": 19800000, "maxAge": 1}, "incomeStatementHistory": {"incomeStatementHistory": [{"maxAge": 1, "endDate": "2020-03-31", "totalRevenue": 17901100000, "costOfRevenue": 12396300000, "grossProfit": 5504800000, "researchDevelopment": {}, "sellingGeneralAdministrative": 1924100000, "nonRecurring": {}, "otherOperatingExpenses": 1965400000, "totalOperatingExpenses": 17096300000, "operatingIncome": 804800000, "totalOtherIncomeExpenseNet": -603400000, "ebit": 804800000, "interestExpense": -688100000, "incomeBeforeTax": 201400000, "incomeTaxExpense": 68600000, "minorityInterest": {}, "netIncomeFromContinuingOps": 132800000, "discontinuedOperations": {}, "extraordinaryItems": {}, "effectOfAccountingCharges": {}, "otherItems": {}, "netIncome": 132800000, "netIncomeApplicableToCommonShares": 132800000}, {"maxAge": 1, "endDate": "2019-03-31", "totalRevenue": 18735300000, "costOfRevenue": 13419600000, "grossProfit": 5315700000, "researchDevelopment": {}, "sellingGeneralAdministrative": 1917500000, "nonRecurring": {}, "otherOperatingExpenses": 1739800000, "totalOperatingExpenses": 17890600000, "operatingIncome": 844700000, "totalOtherIncomeExpenseNet": -633800000, "ebit": 844700000, "interestExpense": -619600000, "incomeBeforeTax": 210900000, "incomeTaxExpense": 78600000, "minorityInterest": {}, "netIncomeFromContinuingOps": 132300000, "discontinuedOperations": {}, "extraordinaryItems": {}, "effectOfAccountingCharges": {}, "otherItems": {}, "netIncome": 132300000, "netIncomeApplicableToCommonShares": 132300000}, {"maxAge": 1, "endDate": "2018-03-31", "totalRevenue": 16372600000, "costOfRevenue": 11737100000, "grossProfit": 4635500000, "researchDevelopment": {}, "sellingGeneralAdministrative": 1775500000, "nonRecurring": {}, "otherOperatingExpenses": 1613000000, "totalOperatingExpenses": 15896500000, "operatingIncome": 476100000, "totalOtherIncomeExpenseNet": -376100000, "ebit": 476100000, "interestExpense": -565900000, "incomeBeforeTax": 100000000, "incomeTaxExpense": -186200000, "minorityInterest": {}, "netIncomeFromContinuingOps": 286200000, "discontinuedOperations": {}, "extraordinaryItems": {}, "effectOfAccountingCharges": {}, "otherItems": {}, "netIncome": 286200000, "netIncomeApplicableToCommonShares": 286200000}, {"maxAge": 1, "endDate": "2017-03-31", "totalRevenue": 15914300000, "costOfRevenue": 10834700000, "grossProfit": 5079600000, "researchDevelopment": {}, "sellingGeneralAdministrative": 1619400000, "nonRecurring": {}, "otherOperatingExpenses": 1724000000, "totalOperatingExpenses": 14904100000, "operatingIncome": 1010200000, "totalOtherIncomeExpenseNet": -402500000, "ebit": 1010200000, "interestExpense": -600700000, "incomeBeforeTax": 607700000, "incomeTaxExpense": 78400000, "minorityInterest": {}, "netIncomeFromContinuingOps": 529300000, "discontinuedOperations": {}, "extraordinaryItems": {}, "effectOfAccountingCharges": {}, "otherItems": {}, "netIncome": 529300000, "netIncomeApplicableToCommonShares": 529300000}], "maxAge": 86400}, "fundOwnership": {"ownershipList": [], "maxAge": 1}, "summaryDetail": {"maxAge": 1, "priceHint": 2, "previousClose": 80.0, "open": 80.8, "dayLow": 77.1, "dayHigh": 81.8, "regularMarketPreviousClose": 80.0, "regularMarketOpen": 80.8, "regularMarketDayLow": 77.1, "regularMarketDayHigh": 81.8, "forwardPE": 3.1022596, "volume": 5121, "regularMarketVolume": 5121, "averageVolume": 6425, "averageVolume10days": 1977, "averageDailyVolume10Day": 1977, "bid": 80.0, "ask": 81.0, "bidSize": 0, "askSize": 0, "marketCap": 3193149696, "fiftyTwoWeekLow": 33.6, "fiftyTwoWeekHigh": 103.75, "fiftyDayAverage": 82.683334, "twoHundredDayAverage": 58.85772, "trailingAnnualDividendRate": 1.0, "trailingAnnualDividendYield": 0.0125, "currency": "INR", "fromCurrency": null, "lastMarket": null, "algorithm": null, "tradeable": false}, "sectorTrend": {"maxAge": 1, "symbol": null, "estimates": []}, "incomeStatementHistoryQuarterly": {"incomeStatementHistory": [{"maxAge": 1, "endDate": "2020-06-30", "totalRevenue": 1088600000, "costOfRevenue": 741300000, "grossProfit": 347300000, "researchDevelopment": {}, "sellingGeneralAdministrative": 241200000, "nonRecurring": {}, "otherOperatingExpenses": 272000000, "totalOperatingExpenses": 1459300000, "operatingIncome": -370700000, "totalOtherIncomeExpenseNet": -125400000, "ebit": -370700000, "interestExpense": -138500000, "incomeBeforeTax": -496100000, "incomeTaxExpense": -170900000, "minorityInterest": {}, "netIncomeFromContinuingOps": -325200000, "discontinuedOperations": {}, "extraordinaryItems": {}, "effectOfAccountingCharges": {}, "otherItems": {}, "netIncome": -325200000, "netIncomeApplicableToCommonShares": -325200000}, {"maxAge": 1, "endDate": "2020-03-31", "totalRevenue": 4015000000, "costOfRevenue": 2569100000, "grossProfit": 1445900000, "researchDevelopment": {}, "sellingGeneralAdministrative": 451100000, "nonRecurring": {}, "otherOperatingExpenses": 559600000, "totalOperatingExpenses": 3780500000, "operatingIncome": 234500000, "totalOtherIncomeExpenseNet": -164100000, "ebit": 234500000, "interestExpense": -174900000, "incomeBeforeTax": 70400000, "incomeTaxExpense": 35500000, "minorityInterest": {}, "netIncomeFromContinuingOps": 34900000, "discontinuedOperations": {}, "extraordinaryItems": {}, "effectOfAccountingCharges": {}, "otherItems": {}, "netIncome": 34900000, "netIncomeApplicableToCommonShares": 34900000}, {"maxAge": 1, "endDate": "2019-12-31", "totalRevenue": 4402800000, "costOfRevenue": 3016500000, "grossProfit": 1386300000, "researchDevelopment": {}, "sellingGeneralAdministrative": 491400000, "nonRecurring": {}, "otherOperatingExpenses": 477700000, "totalOperatingExpenses": 4190300000, "operatingIncome": 212500000, "totalOtherIncomeExpenseNet": -140200000, "ebit": 212500000, "interestExpense": -151200000, "incomeBeforeTax": 72300000, "incomeTaxExpense": 16900000, "minorityInterest": {}, "netIncomeFromContinuingOps": 55400000, "discontinuedOperations": {}, "extraordinaryItems": {}, "effectOfAccountingCharges": {}, "otherItems": {}, "netIncome": 55400000, "netIncomeApplicableToCommonShares": 55400000}, {"maxAge": 1, "endDate": "2019-09-30", "totalRevenue": 4876900000, "costOfRevenue": 3517500000, "grossProfit": 1359400000, "researchDevelopment": {}, "sellingGeneralAdministrative": 496700000, "nonRecurring": {}, "otherOperatingExpenses": 467200000, "totalOperatingExpenses": 4684900000, "operatingIncome": 192000000, "totalOtherIncomeExpenseNet": -151700000, "ebit": 192000000, "interestExpense": -173600000, "incomeBeforeTax": 40300000, "incomeTaxExpense": 9200000, "minorityInterest": {}, "netIncomeFromContinuingOps": 31100000, "discontinuedOperations": {}, "extraordinaryItems": {}, "effectOfAccountingCharges": {}, "otherItems": {}, "netIncome": 31100000, "netIncomeApplicableToCommonShares": 31100000}], "maxAge": 86400}, "cashflowStatementHistoryQuarterly": {"cashflowStatements": [{"maxAge": 1, "endDate": "2020-06-30", "netIncome": -325200000, "changeToLiabilities": 0}, {"maxAge": 1, "endDate": "2020-03-31", "netIncome": 34900000, "changeToLiabilities": 0}, {"maxAge": 1, "endDate": "2019-12-31", "netIncome": 55400000, "changeToLiabilities": 0}, {"maxAge": 1, "endDate": "2019-09-30", "netIncome": 31100000, "changeToLiabilities": 0}], "maxAge": 86400}, "insiderHolders": {"holders": [{"maxAge": 1, "name": "Hawamahal Finance Pvt. Ltd.", "relation": "Promoter", "url": "", "transactionDescription": "Acquisition", "latestTransDate": "2014-01-02", "positionDirect": 2335500, "positionDirectDate": "2014-01-02"}, {"maxAge": 1, "name": "Nidhi Mercantiles, Ltd.", "relation": "Institution- Corporation", "url": "", "transactionDescription": "Sale", "latestTransDate": "2014-03-25", "positionDirect": 4898833, "positionDirectDate": "2014-03-25"}, {"maxAge": 1, "name": "Sahyog Finance Pvt Ltd", "relation": "Promoter", "url": "", "transactionDescription": "Acquisition", "latestTransDate": "2019-08-28", "positionDirect": 232750, "positionDirectDate": "2019-08-28"}, {"maxAge": 1, "name": "Sangam Business Credit Ltd", "relation": "Promoter", "url": "", "transactionDescription": "Purchase", "latestTransDate": "2016-11-16", "positionDirect": 5982812, "positionDirectDate": "2016-11-16"}, {"maxAge": 1, "name": "Sangam Ecom Ltd", "relation": "Promoter", "url": "", "transactionDescription": "Acquisition", "latestTransDate": "2020-08-28", "positionDirect": 7933087, "positionDirectDate": "2020-08-28"}, {"maxAge": 1, "name": "Sangam Infratech, Ltd.", "relation": "Promoter", "url": "", "transactionDescription": "Sale", "latestTransDate": "2016-11-16", "positionDirect": 0, "positionDirectDate": "2016-11-16"}, {"maxAge": 1, "name": "Soni (Anurag)", "relation": "Promoter", "url": "", "transactionDescription": "Acquisition", "latestTransDate": "2019-03-15", "positionIndirect": 2710397, "positionIndirectDate": 1552608000}, {"maxAge": 1, "name": "Soni (Badrilal Rampal) HUF", "relation": "Promoter", "url": "", "transactionDescription": "Sale", "latestTransDate": "2017-03-24", "positionDirect": 128268, "positionDirectDate": "2017-03-24"}], "maxAge": 1}, "earnings": {"maxAge": 86400, "earningsChart": {"quarterly": [], "earningsDate": []}, "financialsChart": {"yearly": [{"date": 2017, "revenue": 15914300000, "earnings": 529300000}, {"date": 2018, "revenue": 16372600000, "earnings": 286200000}, {"date": 2019, "revenue": 18735300000, "earnings": 132300000}, {"date": 2020, "revenue": 17901100000, "earnings": 132800000}], "quarterly": [{"date": "3Q2019", "revenue": 4876900000, "earnings": 31100000}, {"date": "4Q2019", "revenue": 4402800000, "earnings": 55400000}, {"date": "1Q2020", "revenue": 4015000000, "earnings": 34900000}, {"date": "2Q2020", "revenue": 1088600000, "earnings": -325200000}]}, "financialCurrency": "INR"}, "calendarEvents": {"maxAge": 1, "earnings": {"earningsDate": []}}, "upgradeDowngradeHistory": {"history": [], "maxAge": 86400}, "price": {"maxAge": 1, "regularMarketChangePercent": 0.0125, "regularMarketChange": 1.0, "regularMarketTime": "2021-04-30 15:08:25", "priceHint": 2, "regularMarketPrice": 81.0, "regularMarketDayHigh": 81.8, "regularMarketDayLow": 77.1, "regularMarketVolume": 5121, "averageDailyVolume10Day": 1977, "averageDailyVolume3Month": 6425, "regularMarketPreviousClose": 80.0, "regularMarketSource": "FREE_REALTIME", "regularMarketOpen": 80.8, "exchange": "BSE", "exchangeName": "BSE", "exchangeDataDelayedBy": 0, "marketState": "CLOSED", "quoteType": "EQUITY", "symbol": "SANGAMIND.BO", "underlyingSymbol": null, "shortName": "SANGAM (INDIA) LTD.", "longName": "Sangam (India) Limited", "currency": "INR", "quoteSourceName": "Delayed Quote", "currencySymbol": "\u20b9", "fromCurrency": null, "lastMarket": null, "marketCap": 3193149696}, "balanceSheetHistory": {"balanceSheetStatements": [{"maxAge": 1, "endDate": "2020-03-31", "cash": 136500000, "shortTermInvestments": 495200000, "netReceivables": 2960000000, "inventory": 3727800000, "otherCurrentAssets": 610200000, "totalCurrentAssets": 7929700000, "longTermInvestments": 58500000, "propertyPlantEquipment": 6214300000, "intangibleAssets": 43700000, "otherAssets": 158900000, "totalAssets": 14405100000, "accountsPayable": 1146600000, "otherCurrentLiab": 1308300000, "longTermDebt": 2422800000, "otherLiab": 491100000, "totalCurrentLiabilities": 6220000000, "totalLiab": 9133900000, "commonStock": 394200000, "treasuryStock": 4877000000, "otherStockholderEquity": 4877000000, "totalStockholderEquity": 5271200000, "netTangibleAssets": 5227500000}, {"maxAge": 1, "endDate": "2019-03-31", "cash": 3900000, "netReceivables": 4490600000, "inventory": 3943600000, "otherCurrentAssets": 35400000, "totalCurrentAssets": 8497500000, "longTermInvestments": 58500000, "propertyPlantEquipment": 6576600000, "intangibleAssets": 25600000, "otherAssets": 185800000, "totalAssets": 15344000000, "accountsPayable": 1645800000, "shortLongTermDebt": 670600000, "otherCurrentLiab": 134300000, "longTermDebt": 2851700000, "otherLiab": 459800000, "totalCurrentLiabilities": 6825500000, "totalLiab": 10137000000, "commonStock": 394200000, "retainedEarnings": 4069500000, "treasuryStock": 156500000, "capitalSurplus": 586800000, "otherStockholderEquity": 156500000, "totalStockholderEquity": 5207000000, "netTangibleAssets": 5181400000}, {"maxAge": 1, "endDate": "2018-03-31", "cash": 6400000, "netReceivables": 4584800000, "inventory": 3855600000, "otherCurrentAssets": 44900000, "totalCurrentAssets": 8505400000, "longTermInvestments": 58500000, "propertyPlantEquipment": 7074000000, "intangibleAssets": 16300000, "otherAssets": 143300000, "totalAssets": 15797500000, "accountsPayable": 1509400000, "shortLongTermDebt": 707900000, "otherCurrentLiab": 150800000, "longTermDebt": 3443000000, "otherLiab": 428700000, "totalCurrentLiabilities": 6808300000, "totalLiab": 10680000000, "commonStock": 394200000, "retainedEarnings": 3984700000, "treasuryStock": 151800000, "capitalSurplus": 586800000, "otherStockholderEquity": 151800000, "totalStockholderEquity": 5117500000, "netTangibleAssets": 5101200000}, {"maxAge": 1, "endDate": "2017-03-31", "cash": 53500000, "netReceivables": 3366700000, "inventory": 3919300000, "otherCurrentAssets": 35900000, "totalCurrentAssets": 7388000000, "longTermInvestments": 58500000, "propertyPlantEquipment": 6649500000, "intangibleAssets": 6900000, "otherAssets": 181100000, "totalAssets": 14284000000, "accountsPayable": 1022300000, "shortLongTermDebt": 612400000, "otherCurrentLiab": 193300000, "longTermDebt": 3271100000, "otherLiab": 441100000, "totalCurrentLiabilities": 5652400000, "totalLiab": 9364600000, "commonStock": 394200000, "retainedEarnings": 3793300000, "treasuryStock": 145100000, "capitalSurplus": 586800000, "otherStockholderEquity": 145100000, "totalStockholderEquity": 4919400000, "netTangibleAssets": 4912500000}], "maxAge": 86400}, "earningsTrend": {"trend": [{"maxAge": 1, "period": "0q", "endDate": null, "growth": {}, "earningsEstimate": {"avg": 0.0, "low": 0.0, "high": 0.0, "yearAgoEps": {}, "numberOfAnalysts": 0, "growth": {}}, "revenueEstimate": {"avg": 0, "low": 0, "high": 0, "numberOfAnalysts": 0, "yearAgoRevenue": {}, "growth": {}}, "epsTrend": {"current": 0.0, "7daysAgo": 0.0, "30daysAgo": 0.0, "60daysAgo": 0.0, "90daysAgo": 0.0}, "epsRevisions": {"upLast7days": 0, "upLast30days": 0, "downLast30days": 0, "downLast90days": {}}}, {"maxAge": 1, "period": "+1q", "endDate": null, "growth": {}, "earningsEstimate": {"avg": 0.0, "low": 0.0, "high": 0.0, "yearAgoEps": {}, "numberOfAnalysts": 0, "growth": {}}, "revenueEstimate": {"avg": 0, "low": 0, "high": 0, "numberOfAnalysts": 0, "yearAgoRevenue": {}, "growth": {}}, "epsTrend": {"current": 0.0, "7daysAgo": 0.0, "30daysAgo": 0.0, "60daysAgo": 0.0, "90daysAgo": 0.0}, "epsRevisions": {"upLast7days": 0, "upLast30days": 0, "downLast30days": 0, "downLast90days": {}}}, {"maxAge": 1, "period": "0y", "endDate": null, "growth": {}, "earningsEstimate": {"avg": 0.0, "low": 0.0, "high": 0.0, "yearAgoEps": {}, "numberOfAnalysts": 0, "growth": {}}, "revenueEstimate": {"avg": 0, "low": 0, "high": 0, "numberOfAnalysts": 0, "yearAgoRevenue": {}, "growth": {}}, "epsTrend": {"current": 0.0, "7daysAgo": 0.0, "30daysAgo": 0.0, "60daysAgo": 0.0, "90daysAgo": 0.0}, "epsRevisions": {"upLast7days": 0, "upLast30days": 0, "downLast30days": 0, "downLast90days": {}}}, {"maxAge": 1, "period": "+1y", "endDate": null, "growth": {}, "earningsEstimate": {"avg": 0.0, "low": 0.0, "high": 0.0, "yearAgoEps": {}, "numberOfAnalysts": 0, "growth": {}}, "revenueEstimate": {"avg": 0, "low": 0, "high": 0, "numberOfAnalysts": 0, "yearAgoRevenue": {}, "growth": {}}, "epsTrend": {"current": 0.0, "7daysAgo": 0.0, "30daysAgo": 0.0, "60daysAgo": 0.0, "90daysAgo": 0.0}, "epsRevisions": {"upLast7days": 0, "upLast30days": 0, "downLast30days": 0, "downLast90days": {}}}, {"maxAge": 1, "period": "+5y", "endDate": null, "growth": {}, "earningsEstimate": {"avg": {}, "low": {}, "high": {}, "yearAgoEps": {}, "numberOfAnalysts": {}, "growth": {}}, "revenueEstimate": {"avg": {}, "low": {}, "high": {}, "numberOfAnalysts": {}, "yearAgoRevenue": {}, "growth": {}}, "epsTrend": {"current": {}, "7daysAgo": {}, "30daysAgo": {}, "60daysAgo": {}, "90daysAgo": {}}, "epsRevisions": {"upLast7days": {}, "upLast30days": {}, "downLast30days": {}, "downLast90days": {}}}, {"maxAge": 1, "period": "-5y", "endDate": null, "growth": {}, "earningsEstimate": {"avg": {}, "low": {}, "high": {}, "yearAgoEps": {}, "numberOfAnalysts": {}, "growth": {}}, "revenueEstimate": {"avg": {}, "low": {}, "high": {}, "numberOfAnalysts": {}, "yearAgoRevenue": {}, "growth": {}}, "epsTrend": {"current": {}, "7daysAgo": {}, "30daysAgo": {}, "60daysAgo": {}, "90daysAgo": {}}, "epsRevisions": {"upLast7days": {}, "upLast30days": {}, "downLast30days": {}, "downLast90days": {}}}], "maxAge": 1}, "financialData": {"maxAge": 86400, "currentPrice": 81.0, "targetHighPrice": 354.0, "targetLowPrice": 354.0, "targetMeanPrice": 354.0, "targetMedianPrice": 354.0, "recommendationKey": "none", "numberOfAnalystOpinions": 1, "grossProfits": 5504800000, "financialCurrency": "INR"}}}