{"SANINFRA.BO": {"cashflowStatementHistory": {"cashflowStatements": [{"maxAge": 1, "endDate": "2020-03-31", "netIncome": 10979013, "depreciation": 1745506, "changeToAccountReceivables": 8444900, "changeToLiabilities": 13192393, "changeToInventory": 3003711, "changeToOperatingActivities": -3229656, "totalCashFromOperatingActivities": 34135867, "capitalExpenditures": -13227430, "totalCashflowsFromInvestingActivities": -13227430, "netBorrowings": -22995699, "totalCashFromFinancingActivities": -22995699, "changeInCash": -2087262}, {"maxAge": 1, "endDate": "2019-03-31", "netIncome": 6663333, "depreciation": 18012, "changeToNetincome": 7740, "changeToAccountReceivables": 117971373, "changeToLiabilities": -172252550, "changeToInventory": 2503737, "changeToOperatingActivities": -8682265, "totalCashFromOperatingActivities": -53770620, "capitalExpenditures": -80685, "totalCashflowsFromInvestingActivities": -80685, "netBorrowings": -35455546, "totalCashFromFinancingActivities": 49696854, "changeInCash": -4154452, "issuanceOfStock": 85152400}, {"maxAge": 1, "endDate": "2018-03-31", "netIncome": 5189551, "depreciation": 18012, "changeToNetincome": 7740, "changeToAccountReceivables": -193145359, "changeToLiabilities": 152691754, "changeToInventory": -8582484, "changeToOperatingActivities": -11677086, "totalCashFromOperatingActivities": -55523624, "capitalExpenditures": -80685, "totalCashflowsFromInvestingActivities": -80685, "netBorrowings": 61140653, "totalCashFromFinancingActivities": 61140653, "changeInCash": 5617029, "issuanceOfStock": 85152400}, {"maxAge": 1, "endDate": "2017-03-31", "netIncome": 1983433, "depreciation": 7806, "changeToNetincome": 1483, "changeToAccountReceivables": -31324704, "changeToLiabilities": 23094706, "changeToInventory": -6636072, "changeToOperatingActivities": 12755002, "totalCashFromOperatingActivities": -118346, "capitalExpenditures": -80685, "totalCashflowsFromInvestingActivities": -80685, "netBorrowings": 1374579, "totalCashFromFinancingActivities": 1374579, "changeInCash": 1256233, "issuanceOfStock": 85152400}], "maxAge": 86400}, "institutionOwnership": {"maxAge": 1, "ownershipList": []}, "balanceSheetHistoryQuarterly": {"balanceSheetStatements": [{"maxAge": 1, "endDate": "2020-06-30", "totalStockholderEquity": 123159567, "netTangibleAssets": 123159567}, {"maxAge": 1, "endDate": "2020-03-31", "cash": 759382, "netReceivables": 129281900, "inventory": 9711108, "otherCurrentAssets": 808879, "totalCurrentAssets": 140561269, "propertyPlantEquipment": 11544597, "otherAssets": 1, "totalAssets": 152105867, "accountsPayable": 16915546, "otherCurrentLiab": 5656328, "longTermDebt": 5759972, "otherLiab": 200342, "totalCurrentLiabilities": 22985986, "totalLiab": 28946300, "commonStock": 100000000, "retainedEarnings": 23159567, "totalStockholderEquity": 123159567, "netTangibleAssets": 123159567}, {"maxAge": 1, "endDate": "2019-12-31", "totalStockholderEquity": 112833000, "netTangibleAssets": 112833000}, {"maxAge": 1, "endDate": "2019-09-30", "cash": 5162000, "netReceivables": 98768000, "inventory": 12146000, "otherCurrentAssets": -1000, "totalCurrentAssets": 116075000, "propertyPlantEquipment": 7528000, "otherAssets": 48000, "deferredLongTermAssetCharges": 18000, "totalAssets": 123651000, "accountsPayable": 1886000, "otherCurrentLiab": 2000000, "longTermDebt": 6932000, "totalCurrentLiabilities": 3886000, "totalLiab": 10818000, "commonStock": 100000000, "retainedEarnings": 12833000, "totalStockholderEquity": 112833000, "netTangibleAssets": 112833000}], "maxAge": 86400}, "indexTrend": {"maxAge": 1, "symbol": "SP5", "peRatio": 19.7411, "pegRatio": 1.34172, "estimates": [{"period": "0q", "growth": 0.549}, {"period": "+1q", "growth": 0.431}, {"period": "0y", "growth": 0.305}, {"period": "+1y", "growth": 0.109}, {"period": "+5y", "growth": 0.120859005}, {"period": "-5y"}]}, "insiderTransactions": {"transactions": [{"maxAge": 1, "shares": 41900, "filerUrl": "", "transactionText": "", "filerName": "Pujara (Mitesh)", "filerRelation": "UNREPORTED", "moneyText": "", "startDate": "2014-12-15", "ownership": "D"}, {"maxAge": 1, "shares": 19900, "filerUrl": "", "transactionText": "", "filerName": "Pujara (Vilas)", "filerRelation": "UNREPORTED", "moneyText": "", "startDate": "2014-12-15", "ownership": "D"}, {"maxAge": 1, "shares": 62000, "filerUrl": "", "transactionText": "", "filerName": "Pujara (Vilas)", "filerRelation": "UNREPORTED", "moneyText": "", "startDate": "2014-12-15", "ownership": "D"}, {"maxAge": 1, "shares": 10000, "filerUrl": "", "transactionText": "", "filerName": "Pujara (Bhavin Mahesh)", "filerRelation": "UNREPORTED", "moneyText": "", "startDate": "2014-02-19", "ownership": "D"}, {"maxAge": 1, "shares": 17041, "filerUrl": "", "transactionText": "", "filerName": "Makhija (Rhea Kamal)", "filerRelation": "UNREPORTED", "moneyText": "", "startDate": "2013-12-31", "ownership": "D"}, {"maxAge": 1, "shares": 9900, "filerUrl": "", "transactionText": "", "filerName": "Pujara (Vilas)", "filerRelation": "UNREPORTED", "moneyText": "", "startDate": "2013-12-12", "ownership": "D"}, {"maxAge": 1, "shares": 10000, "filerUrl": "", "transactionText": "", "filerName": "Pujara (Vilas)", "filerRelation": "UNREPORTED", "moneyText": "", "startDate": "2013-12-10", "ownership": "D"}, {"maxAge": 1, "shares": 62000, "filerUrl": "", "transactionText": "", "filerName": "Pujara (Vilas)", "filerRelation": "UNREPORTED", "moneyText": "", "startDate": "2013-11-14", "ownership": "D"}], "maxAge": 1}, "quoteType": {"exchange": "BSE", "quoteType": "EQUITY", "symbol": "SANINFRA.BO", "underlyingSymbol": "SANINFRA.BO", "shortName": "SANMIT INFRA LIMITED", "longName": "Sanmit Infra Limited", "firstTradeDateEpochUtc": "2002-04-01 09:15:00", "timeZoneFullName": "Asia/Kolkata", "timeZoneShortName": "IST", "uuid": "f60ab641-9800-3c58-ad01-586738c1f404", "messageBoardId": null, "gmtOffSetMilliseconds": 19800000, "maxAge": 1}, "incomeStatementHistory": {"incomeStatementHistory": [{"maxAge": 1, "endDate": "2020-03-31", "totalRevenue": 508042465, "costOfRevenue": 478632788, "grossProfit": 29409677, "researchDevelopment": {}, "sellingGeneralAdministrative": 6572219, "nonRecurring": {}, "otherOperatingExpenses": 7718580, "totalOperatingExpenses": 494669094, "operatingIncome": 13373371, "totalOtherIncomeExpenseNet": 53676, "ebit": 13373371, "interestExpense": -163084, "incomeBeforeTax": 13427047, "incomeTaxExpense": 2448034, "minorityInterest": {}, "netIncomeFromContinuingOps": 10979013, "discontinuedOperations": {}, "extraordinaryItems": {}, "effectOfAccountingCharges": {}, "otherItems": {}, "netIncome": 10979013, "netIncomeApplicableToCommonShares": 10979013}, {"maxAge": 1, "endDate": "2019-03-31", "totalRevenue": 1202427820, "costOfRevenue": 1183737707, "grossProfit": 18690113, "researchDevelopment": {}, "sellingGeneralAdministrative": 6098468, "nonRecurring": {}, "otherOperatingExpenses": 6523304, "totalOperatingExpenses": 1196377491, "operatingIncome": 6050329, "totalOtherIncomeExpenseNet": 1126563, "ebit": 6050329, "interestExpense": -2304246, "incomeBeforeTax": 7176892, "incomeTaxExpense": 513559, "minorityInterest": {}, "netIncomeFromContinuingOps": 6663333, "discontinuedOperations": {}, "extraordinaryItems": {}, "effectOfAccountingCharges": {}, "otherItems": {}, "netIncome": 6663333, "netIncomeApplicableToCommonShares": 6663333}, {"maxAge": 1, "endDate": "2018-03-31", "totalRevenue": 559956527, "costOfRevenue": 551957574, "grossProfit": 7998953, "researchDevelopment": {}, "sellingGeneralAdministrative": 1103244, "nonRecurring": {}, "otherOperatingExpenses": 1674053, "totalOperatingExpenses": 554734871, "operatingIncome": 5221656, "totalOtherIncomeExpenseNet": -26216, "ebit": 5221656, "interestExpense": -2304246, "incomeBeforeTax": 5195440, "incomeTaxExpense": 5889, "minorityInterest": {}, "netIncomeFromContinuingOps": 5189551, "discontinuedOperations": {}, "extraordinaryItems": {}, "effectOfAccountingCharges": {}, "otherItems": {}, "netIncome": 5189551, "netIncomeApplicableToCommonShares": 5189551}, {"maxAge": 1, "endDate": "2017-03-31", "totalRevenue": 955692463, "costOfRevenue": 951322798, "grossProfit": 4369665, "researchDevelopment": {}, "sellingGeneralAdministrative": 479646, "nonRecurring": {}, "otherOperatingExpenses": 1897297, "totalOperatingExpenses": 953707547, "operatingIncome": 1984916, "totalOtherIncomeExpenseNet": -1346, "ebit": 1984916, "interestExpense": -1346, "incomeBeforeTax": 1984916, "incomeTaxExpense": 1483, "minorityInterest": {}, "netIncomeFromContinuingOps": 1983433, "discontinuedOperations": {}, "extraordinaryItems": {}, "effectOfAccountingCharges": {}, "otherItems": {}, "netIncome": 1983433, "netIncomeApplicableToCommonShares": 1983433}], "maxAge": 86400}, "fundOwnership": {"maxAge": 1, "ownershipList": []}, "summaryDetail": {"maxAge": 1, "priceHint": 2, "previousClose": 84.2, "open": 87.0, "dayLow": 78.7, "dayHigh": 87.5, "regularMarketPreviousClose": 84.2, "regularMarketOpen": 87.0, "regularMarketDayLow": 78.7, "regularMarketDayHigh": 87.5, "trailingPE": 60.528168, "volume": 1675, "regularMarketVolume": 1675, "averageVolume": 7371, "averageVolume10days": 5578, "averageDailyVolume10Day": 5578, "bid": 81.7, "ask": 85.95, "bidSize": 0, "askSize": 0, "marketCap": 859499968, "fiftyTwoWeekLow": 52.65, "fiftyTwoWeekHigh": 163.0, "fiftyDayAverage": 96.741425, "twoHundredDayAverage": 106.320076, "trailingAnnualDividendRate": 0.25, "trailingAnnualDividendYield": 0.0029691213, "currency": "INR", "fromCurrency": null, "toCurrency": null, "lastMarket": null, "algorithm": null, "tradeable": false}, "incomeStatementHistoryQuarterly": {"incomeStatementHistory": [{"maxAge": 1, "endDate": "2020-06-30", "totalRevenue": 74311000, "costOfRevenue": 63417000, "grossProfit": 10894000, "researchDevelopment": {}, "sellingGeneralAdministrative": 1244000, "nonRecurring": {}, "otherOperatingExpenses": 4783000, "totalOperatingExpenses": 70499000, "operatingIncome": 3812000, "totalOtherIncomeExpenseNet": -92000, "ebit": 3812000, "interestExpense": -100000, "incomeBeforeTax": 3720000, "incomeTaxExpense": 621000, "minorityInterest": {}, "netIncomeFromContinuingOps": 3099000, "discontinuedOperations": {}, "extraordinaryItems": {}, "effectOfAccountingCharges": {}, "otherItems": {}, "netIncome": 3099000, "netIncomeApplicableToCommonShares": 3099000}, {"maxAge": 1, "endDate": "2020-03-31", "totalRevenue": 188056465, "costOfRevenue": 175773788, "grossProfit": 12282677, "researchDevelopment": {}, "sellingGeneralAdministrative": 2519219, "nonRecurring": {}, "otherOperatingExpenses": 1056580, "totalOperatingExpenses": 180296094, "operatingIncome": 7760371, "totalOtherIncomeExpenseNet": 101676, "ebit": 7760371, "interestExpense": -108084, "incomeBeforeTax": 7862047, "incomeTaxExpense": 1580034, "minorityInterest": {}, "netIncomeFromContinuingOps": 6282013, "discontinuedOperations": {}, "extraordinaryItems": {}, "effectOfAccountingCharges": {}, "otherItems": {}, "netIncome": 6282013, "netIncomeApplicableToCommonShares": 6282013}, {"maxAge": 1, "endDate": "2019-12-31", "totalRevenue": 119656000, "costOfRevenue": 110588000, "grossProfit": 9068000, "researchDevelopment": {}, "sellingGeneralAdministrative": 1697000, "nonRecurring": {}, "otherOperatingExpenses": 1875000, "totalOperatingExpenses": 114844000, "operatingIncome": 4812000, "totalOtherIncomeExpenseNet": -55000, "ebit": 4812000, "interestExpense": -55000, "incomeBeforeTax": 4757000, "incomeTaxExpense": 713000, "minorityInterest": {}, "netIncomeFromContinuingOps": 4044000, "discontinuedOperations": {}, "extraordinaryItems": {}, "effectOfAccountingCharges": {}, "otherItems": {}, "netIncome": 4044000, "netIncomeApplicableToCommonShares": 4044000}, {"maxAge": 1, "endDate": "2019-09-30", "totalRevenue": 85901000, "costOfRevenue": 82500000, "grossProfit": 3401000, "researchDevelopment": {}, "sellingGeneralAdministrative": 1184000, "nonRecurring": {}, "otherOperatingExpenses": 1577000, "totalOperatingExpenses": 85363000, "operatingIncome": 538000, "totalOtherIncomeExpenseNet": 0, "ebit": 538000, "interestExpense": -55000, "incomeBeforeTax": 538000, "incomeTaxExpense": 105000, "minorityInterest": {}, "netIncomeFromContinuingOps": 433000, "discontinuedOperations": {}, "extraordinaryItems": {}, "effectOfAccountingCharges": {}, "otherItems": {}, "netIncome": 433000, "netIncomeApplicableToCommonShares": 433000}], "maxAge": 86400}, "cashflowStatementHistoryQuarterly": {"cashflowStatements": [{"maxAge": 1, "endDate": "2020-06-30", "netIncome": 3099000, "changeToLiabilities": 0}, {"maxAge": 1, "endDate": "2020-03-31", "netIncome": 6282013, "changeToLiabilities": 0}, {"maxAge": 1, "endDate": "2019-12-31", "netIncome": 4044000, "changeToLiabilities": 0}, {"maxAge": 1, "endDate": "2019-09-30", "netIncome": 433000, "changeToLiabilities": 0}], "maxAge": 86400}, "insiderHolders": {"holders": [{"maxAge": 1, "name": "Makhija (Rhea Kamal)", "relation": "UNREPORTED", "url": "", "transactionDescription": "Acquisition", "latestTransDate": "2013-12-31", "positionDirect": 19092, "positionDirectDate": "2013-12-31"}, {"maxAge": 1, "name": "Pujara (Bhavin Mahesh)", "relation": "UNREPORTED", "url": "", "transactionDescription": "Acquisition", "latestTransDate": "2014-02-19", "positionDirect": 495125, "positionDirectDate": "2014-02-19"}, {"maxAge": 1, "name": "Pujara (Mitesh)", "relation": "UNREPORTED", "url": "", "transactionDescription": "Acquisition", "latestTransDate": "2014-12-15", "positionDirect": 362450, "positionDirectDate": "2014-12-15"}, {"maxAge": 1, "name": "Pujara (Vilas)", "relation": "UNREPORTED", "url": "", "transactionDescription": "Sale", "latestTransDate": "2014-12-15", "positionDirect": 0, "positionDirectDate": "2014-12-15"}], "maxAge": 1}, "calendarEvents": {"maxAge": 1, "earnings": {"earningsDate": []}}, "price": {"maxAge": 1, "regularMarketChangePercent": 0.020783849, "regularMarketChange": 1.75, "regularMarketTime": "2021-04-30 15:29:38", "priceHint": 2, "regularMarketPrice": 85.95, "regularMarketDayHigh": 87.5, "regularMarketDayLow": 78.7, "regularMarketVolume": 1675, "averageDailyVolume10Day": 5578, "averageDailyVolume3Month": 7371, "regularMarketPreviousClose": 84.2, "regularMarketSource": "FREE_REALTIME", "regularMarketOpen": 87.0, "exchange": "BSE", "exchangeName": "BSE", "exchangeDataDelayedBy": 0, "marketState": "CLOSED", "quoteType": "EQUITY", "symbol": "SANINFRA.BO", "underlyingSymbol": null, "shortName": "SANMIT INFRA LIMITED", "longName": "Sanmit Infra Limited", "currency": "INR", "quoteSourceName": "Delayed Quote", "currencySymbol": "\u20b9", "fromCurrency": null, "toCurrency": null, "lastMarket": null, "marketCap": 859499968}, "balanceSheetHistory": {"balanceSheetStatements": [{"maxAge": 1, "endDate": "2020-03-31", "cash": 759382, "netReceivables": 129281900, "inventory": 9711108, "otherCurrentAssets": 808879, "totalCurrentAssets": 140561269, "propertyPlantEquipment": 11544597, "otherAssets": 1, "totalAssets": 152105867, "accountsPayable": 16915546, "otherCurrentLiab": 5656328, "longTermDebt": 5759972, "otherLiab": 200342, "totalCurrentLiabilities": 22985986, "totalLiab": 28946300, "commonStock": 100000000, "retainedEarnings": 23159567, "totalStockholderEquity": 123159567, "netTangibleAssets": 123159567}, {"maxAge": 1, "endDate": "2019-03-31", "cash": 2846644, "netReceivables": 130600763, "inventory": 12714819, "otherCurrentAssets": 240000, "totalCurrentAssets": 146402226, "propertyPlantEquipment": 62674, "otherAssets": 17692, "deferredLongTermAssetCharges": 17693, "totalAssets": 146482592, "accountsPayable": 3923495, "otherCurrentLiab": 1622873, "longTermDebt": 28755671, "otherLiab": -1, "totalCurrentLiabilities": 5546368, "totalLiab": 34302038, "commonStock": 100000000, "retainedEarnings": 12180554, "totalStockholderEquity": 112180554, "netTangibleAssets": 112180554}, {"maxAge": 1, "endDate": "2018-03-31", "cash": 7001096, "netReceivables": 239275512, "inventory": 15218556, "otherCurrentAssets": 75000, "totalCurrentAssets": 261570164, "propertyPlantEquipment": 7739, "otherAssets": 99252, "deferredLongTermAssetCharges": 15349, "totalAssets": 261677155, "accountsPayable": 174764597, "otherCurrentLiab": 925073, "longTermDebt": 64211217, "totalCurrentLiabilities": 177101117, "totalLiab": 241312334, "commonStock": 14847600, "retainedEarnings": 5517221, "treasuryStock": 5517000, "otherStockholderEquity": 5517000, "totalStockholderEquity": 20364821, "netTangibleAssets": 20364821}, {"maxAge": 1, "endDate": "2017-03-31", "cash": 1384067, "netReceivables": 33524704, "inventory": 6636072, "otherCurrentAssets": 75000, "totalCurrentAssets": 41619843, "propertyPlantEquipment": 7739, "otherAssets": 181377, "deferredLongTermAssetCharges": 21238, "totalAssets": 41808959, "accountsPayable": 23484290, "otherCurrentLiab": 78835, "longTermDebt": 3070564, "totalCurrentLiabilities": 23563125, "totalLiab": 26633689, "commonStock": 14847600, "retainedEarnings": 327670, "totalStockholderEquity": 15175270, "netTangibleAssets": 15175270}], "maxAge": 86400}, "financialData": {"maxAge": 86400, "currentPrice": 85.95, "recommendationKey": "none", "grossProfits": 29409677, "financialCurrency": "INR"}}}