{"SANKHYAIN.BO": {"recommendationTrend": {"trend": [{"period": "0m", "strongBuy": 0, "buy": 0, "hold": 0, "sell": 0, "strongSell": 0}, {"period": "-1m", "strongBuy": 0, "buy": 0, "hold": 0, "sell": 0, "strongSell": 0}, {"period": "-2m", "strongBuy": 0, "buy": 0, "hold": 0, "sell": 0, "strongSell": 0}, {"period": "-3m", "strongBuy": 0, "buy": 0, "hold": 0, "sell": 0, "strongSell": 0}], "maxAge": 86400}, "cashflowStatementHistory": {"cashflowStatements": [{"maxAge": 1, "endDate": "2019-03-31", "netIncome": -16057000, "depreciation": 23397000, "changeToNetincome": 43876000, "changeToAccountReceivables": 74181000, "changeToLiabilities": 4447000, "changeToOperatingActivities": 54880000, "totalCashFromOperatingActivities": 261562000, "capitalExpenditures": -217670000, "otherCashflowsFromInvestingActivities": 173000, "totalCashflowsFromInvestingActivities": -217663000, "netBorrowings": 4848000, "otherCashflowsFromFinancingActivities": -42956000, "totalCashFromFinancingActivities": -38108000, "changeInCash": 5791000}, {"maxAge": 1, "endDate": "2018-03-31", "netIncome": 90069000, "depreciation": 82930000, "changeToNetincome": 41893000, "changeToAccountReceivables": -8997000, "changeToLiabilities": 1703000, "changeToOperatingActivities": -107946000, "totalCashFromOperatingActivities": 99652000, "capitalExpenditures": -174361000, "otherCashflowsFromInvestingActivities": 1314000, "totalCashflowsFromInvestingActivities": -171248000, "netBorrowings": -24513000, "otherCashflowsFromFinancingActivities": -12729000, "totalCashFromFinancingActivities": 69291000, "changeInCash": -2305000, "issuanceOfStock": 106533000}, {"maxAge": 1, "endDate": "2017-03-31", "netIncome": 58319000, "depreciation": 60758000, "changeToNetincome": 46343000, "changeToAccountReceivables": -37430000, "changeToLiabilities": 16671000, "changeToOperatingActivities": 55205000, "totalCashFromOperatingActivities": 199866000, "capitalExpenditures": -159753000, "otherCashflowsFromInvestingActivities": 7842000, "totalCashflowsFromInvestingActivities": -140765000, "netBorrowings": 1587000, "otherCashflowsFromFinancingActivities": -50973000, "totalCashFromFinancingActivities": -49386000, "changeInCash": 9735000, "issuanceOfStock": 106533000}, {"maxAge": 1, "endDate": "2016-03-31", "netIncome": 39568000, "depreciation": 53003000, "changeToNetincome": 58530000, "changeToAccountReceivables": -63772000, "changeToLiabilities": -14638000, "changeToOperatingActivities": 13823000, "totalCashFromOperatingActivities": 86514000, "capitalExpenditures": -114187000, "otherCashflowsFromInvestingActivities": 7842000, "totalCashflowsFromInvestingActivities": -65543000, "netBorrowings": -35127000, "otherCashflowsFromFinancingActivities": 12453000, "totalCashFromFinancingActivities": -22674000, "changeInCash": -1702000, "issuanceOfStock": 106533000}], "maxAge": 86400}, "institutionOwnership": {"maxAge": 1, "ownershipList": []}, "balanceSheetHistoryQuarterly": {"balanceSheetStatements": [{"maxAge": 1, "endDate": "2020-06-30"}, {"maxAge": 1, "endDate": "2019-12-31", "totalStockholderEquity": 445809000, "netTangibleAssets": -345872000}, {"maxAge": 1, "endDate": "2019-09-30", "cash": 965000, "netReceivables": 378000, "otherCurrentAssets": 107897000, "totalCurrentAssets": 109240000, "propertyPlantEquipment": 74516000, "intangibleAssets": 791681000, "otherAssets": 478000, "totalAssets": 975915000, "accountsPayable": 57998000, "shortLongTermDebt": 271262000, "otherCurrentLiab": 91013000, "longTermDebt": 33428000, "otherLiab": 53113000, "totalCurrentLiabilities": 443565000, "totalLiab": 530106000, "commonStock": 145971000, "treasuryStock": 299838000, "otherStockholderEquity": 299838000, "totalStockholderEquity": 445809000, "netTangibleAssets": -345872000}, {"maxAge": 1, "endDate": "2019-06-30"}], "maxAge": 86400}, "earningsHistory": {"history": [{"maxAge": 1, "epsActual": {}, "epsEstimate": {}, "epsDifference": {}, "surprisePercent": {}, "quarter": {}, "period": "-4q"}, {"maxAge": 1, "epsActual": {}, "epsEstimate": {}, "epsDifference": {}, "surprisePercent": {}, "quarter": {}, "period": "-3q"}, {"maxAge": 1, "epsActual": {}, "epsEstimate": {}, "epsDifference": {}, "surprisePercent": {}, "quarter": {}, "period": "-2q"}, {"maxAge": 1, "epsActual": {}, "epsEstimate": {}, "epsDifference": {}, "surprisePercent": {}, "quarter": {}, "period": "-1q"}], "maxAge": 86400}, "indexTrend": {"maxAge": 1, "symbol": "SP5", "peRatio": 19.7411, "pegRatio": 1.34172, "estimates": [{"period": "0q", "growth": 0.549}, {"period": "+1q", "growth": 0.431}, {"period": "0y", "growth": 0.305}, {"period": "+1y", "growth": 0.109}, {"period": "+5y", "growth": 0.120859005}, {"period": "-5y"}]}, "industryTrend": {"maxAge": 1, "symbol": null, "estimates": []}, "insiderTransactions": {"transactions": [{"maxAge": 1, "shares": 201553, "filerUrl": "", "transactionText": "", "filerName": "Nadupalli (Gayatri)", "filerRelation": "Promoter", "moneyText": "", "startDate": "2019-07-05", "ownership": "D"}, {"maxAge": 1, "shares": 192478, "filerUrl": "", "transactionText": "", "filerName": "Parvatavardhani (N)", "filerRelation": "Promoter", "moneyText": "", "startDate": "2019-07-05", "ownership": "D"}, {"maxAge": 1, "shares": 790821, "filerUrl": "", "transactionText": "", "filerName": "Ramani (Indira N)", "filerRelation": "Promoter", "moneyText": "", "startDate": "2019-07-05", "ownership": "D"}], "maxAge": 1}, "quoteType": {"exchange": "BSE", "quoteType": "EQUITY", "symbol": "SANKHYAIN.BO", "underlyingSymbol": "SANKHYAIN.BO", "shortName": "SANKHYA INFOTECH LTD.", "longName": "Sankhya Infotech Limited", "firstTradeDateEpochUtc": "2008-05-14 09:15:00", "timeZoneFullName": "Asia/Kolkata", "timeZoneShortName": "IST", "uuid": "f3fcc405-fb4d-38e0-a997-22f181baccd7", "messageBoardId": null, "gmtOffSetMilliseconds": 19800000, "maxAge": 1}, "incomeStatementHistory": {"incomeStatementHistory": [{"maxAge": 1, "endDate": "2019-03-31", "totalRevenue": 1640473000, "costOfRevenue": 942028000, "grossProfit": 698445000, "researchDevelopment": {}, "sellingGeneralAdministrative": 68595000, "nonRecurring": {}, "otherOperatingExpenses": 503331000, "totalOperatingExpenses": 1614189000, "operatingIncome": 26284000, "totalOtherIncomeExpenseNet": -41447000, "ebit": 26284000, "interestExpense": -42180000, "incomeBeforeTax": -15163000, "incomeTaxExpense": 894000, "minorityInterest": {}, "netIncomeFromContinuingOps": -16057000, "discontinuedOperations": {}, "extraordinaryItems": {}, "effectOfAccountingCharges": {}, "otherItems": {}, "netIncome": -16057000, "netIncomeApplicableToCommonShares": -16057000}, {"maxAge": 1, "endDate": "2018-03-31", "totalRevenue": 1779801000, "costOfRevenue": 978321000, "grossProfit": 801480000, "researchDevelopment": {}, "sellingGeneralAdministrative": 90234000, "nonRecurring": {}, "otherOperatingExpenses": 551905000, "totalOperatingExpenses": 1703390000, "operatingIncome": 76411000, "totalOtherIncomeExpenseNet": 8387000, "ebit": 76411000, "interestExpense": -50072000, "incomeBeforeTax": 84798000, "incomeTaxExpense": -5271000, "minorityInterest": {}, "netIncomeFromContinuingOps": 90069000, "discontinuedOperations": {}, "extraordinaryItems": {}, "effectOfAccountingCharges": {}, "otherItems": {}, "netIncome": 90069000, "netIncomeApplicableToCommonShares": 90069000}, {"maxAge": 1, "endDate": "2017-03-31", "totalRevenue": 1616000000, "costOfRevenue": 858235000, "grossProfit": 757765000, "researchDevelopment": {}, "sellingGeneralAdministrative": 88581000, "nonRecurring": {}, "otherOperatingExpenses": 463584000, "totalOperatingExpenses": 1471158000, "operatingIncome": 144842000, "totalOtherIncomeExpenseNet": -80714000, "ebit": 144842000, "interestExpense": -46549000, "incomeBeforeTax": 64128000, "incomeTaxExpense": 5809000, "minorityInterest": {}, "netIncomeFromContinuingOps": 58319000, "discontinuedOperations": {}, "extraordinaryItems": {}, "effectOfAccountingCharges": {}, "otherItems": {}, "netIncome": 58319000, "netIncomeApplicableToCommonShares": 58319000}, {"maxAge": 1, "endDate": "2016-03-31", "totalRevenue": 1529378000, "costOfRevenue": 832316000, "grossProfit": 697062000, "researchDevelopment": {}, "sellingGeneralAdministrative": 356240000, "nonRecurring": {}, "otherOperatingExpenses": 231943000, "totalOperatingExpenses": 1474796000, "operatingIncome": 54582000, "totalOtherIncomeExpenseNet": 845000, "ebit": 54582000, "interestExpense": -46793000, "incomeBeforeTax": 55427000, "incomeTaxExpense": 15859000, "minorityInterest": {}, "netIncomeFromContinuingOps": 39568000, "discontinuedOperations": {}, "extraordinaryItems": {}, "effectOfAccountingCharges": {}, "otherItems": {}, "netIncome": 39568000, "netIncomeApplicableToCommonShares": 39568000}], "maxAge": 86400}, "fundOwnership": {"maxAge": 1, "ownershipList": []}, "summaryDetail": {"maxAge": 1, "priceHint": 4, "previousClose": 3.2, "open": 3.2, "dayLow": 3.04, "dayHigh": 3.36, "regularMarketPreviousClose": 3.2, "regularMarketOpen": 3.2, "regularMarketDayLow": 3.04, "regularMarketDayHigh": 3.36, "forwardPE": 0.5323993, "volume": 46267, "regularMarketVolume": 46267, "averageVolume": 15552, "averageVolume10days": 11359, "averageDailyVolume10Day": 11359, "bid": 0.0, "ask": 3.04, "bidSize": 0, "askSize": 0, "marketCap": 44375184, "fiftyTwoWeekLow": 1.73, "fiftyTwoWeekHigh": 6.17, "fiftyDayAverage": 4.587714, "twoHundredDayAverage": 3.8461313, "currency": "INR", "fromCurrency": null, "toCurrency": null, "lastMarket": null, "algorithm": null, "tradeable": false}, "sectorTrend": {"maxAge": 1, "symbol": null, "estimates": []}, "incomeStatementHistoryQuarterly": {"incomeStatementHistory": [{"maxAge": 1, "endDate": "2020-06-30", "totalRevenue": 0, "costOfRevenue": 0, "grossProfit": 0, "researchDevelopment": {}, "sellingGeneralAdministrative": {}, "nonRecurring": {}, "otherOperatingExpenses": 681000, "totalOperatingExpenses": 19878000, "operatingIncome": -19878000, "totalOtherIncomeExpenseNet": -110000, "ebit": -19878000, "interestExpense": -110000, "incomeBeforeTax": -19988000, "incomeTaxExpense": -970000, "minorityInterest": {}, "netIncomeFromContinuingOps": -19018000, "discontinuedOperations": {}, "extraordinaryItems": {}, "effectOfAccountingCharges": {}, "otherItems": {}, "netIncome": -19018000, "netIncomeApplicableToCommonShares": -19018000}, {"maxAge": 1, "endDate": "2019-12-31", "totalRevenue": 6187000, "costOfRevenue": 211000, "grossProfit": 5976000, "researchDevelopment": {}, "sellingGeneralAdministrative": {}, "nonRecurring": {}, "otherOperatingExpenses": 1370000, "totalOperatingExpenses": 23593000, "operatingIncome": -17406000, "totalOtherIncomeExpenseNet": -109000, "ebit": -17406000, "interestExpense": -109000, "incomeBeforeTax": -17515000, "incomeTaxExpense": 1063000, "minorityInterest": {}, "netIncomeFromContinuingOps": -18578000, "discontinuedOperations": {}, "extraordinaryItems": {}, "effectOfAccountingCharges": {}, "otherItems": {}, "netIncome": -18578000, "netIncomeApplicableToCommonShares": -18578000}, {"maxAge": 1, "endDate": "2019-09-30", "totalRevenue": 3062000, "costOfRevenue": 163703000, "grossProfit": -160641000, "researchDevelopment": 19991000, "sellingGeneralAdministrative": {}, "nonRecurring": {}, "otherOperatingExpenses": 128866000, "totalOperatingExpenses": 337734000, "operatingIncome": -334672000, "totalOtherIncomeExpenseNet": 1256000, "ebit": -334672000, "interestExpense": -577000, "incomeBeforeTax": -333416000, "incomeTaxExpense": -173000, "minorityInterest": {}, "netIncomeFromContinuingOps": -333243000, "discontinuedOperations": {}, "extraordinaryItems": {}, "effectOfAccountingCharges": {}, "otherItems": {}, "netIncome": -333243000, "netIncomeApplicableToCommonShares": -333243000}, {"maxAge": 1, "endDate": "2019-06-30", "totalRevenue": 6378000, "costOfRevenue": 162465000, "grossProfit": -156087000, "researchDevelopment": 20228000, "sellingGeneralAdministrative": {}, "nonRecurring": {}, "otherOperatingExpenses": 130773000, "totalOperatingExpenses": 335439000, "operatingIncome": -329061000, "totalOtherIncomeExpenseNet": -3778000, "ebit": -329061000, "interestExpense": -4787000, "incomeBeforeTax": -332839000, "incomeTaxExpense": 1130000, "minorityInterest": {}, "netIncomeFromContinuingOps": -333969000, "discontinuedOperations": {}, "extraordinaryItems": {}, "effectOfAccountingCharges": {}, "otherItems": {}, "netIncome": -333969000, "netIncomeApplicableToCommonShares": -333969000}], "maxAge": 86400}, "cashflowStatementHistoryQuarterly": {"cashflowStatements": [{"maxAge": 1, "endDate": "2020-06-30", "netIncome": -19018000, "changeToLiabilities": 0}, {"maxAge": 1, "endDate": "2019-12-31", "netIncome": -18578000, "changeToLiabilities": 0}, {"maxAge": 1, "endDate": "2019-09-30", "netIncome": -333243000, "changeToLiabilities": 0}, {"maxAge": 1, "endDate": "2019-06-30", "netIncome": -333969000, "changeToLiabilities": 0}], "maxAge": 86400}, "insiderHolders": {"holders": [{"maxAge": 1, "name": "Nadupalli (Gayatri)", "relation": "Promoter", "url": "", "transactionDescription": "Other", "latestTransDate": "2019-07-05", "positionDirect": 202662, "positionDirectDate": "2019-07-05"}, {"maxAge": 1, "name": "Parvatavardhani (N)", "relation": "Promoter", "url": "", "transactionDescription": "Other", "latestTransDate": "2019-07-05", "positionDirect": 763922, "positionDirectDate": "2019-07-05"}, {"maxAge": 1, "name": "Ramani (Indira N)", "relation": "Promoter", "url": "", "transactionDescription": "Other", "latestTransDate": "2019-07-05", "positionDirect": 1304591, "positionDirectDate": "2019-07-05"}], "maxAge": 1}, "earnings": {"maxAge": 86400, "earningsChart": {"quarterly": [], "earningsDate": []}, "financialsChart": {"yearly": [{"date": 2016, "revenue": 1529378000, "earnings": 39568000}, {"date": 2017, "revenue": 1616000000, "earnings": 58319000}, {"date": 2018, "revenue": 1779801000, "earnings": 90069000}, {"date": 2019, "revenue": 1640473000, "earnings": -16057000}], "quarterly": [{"date": "2Q2019", "revenue": 6378000, "earnings": -333969000}, {"date": "3Q2019", "revenue": 3062000, "earnings": -333243000}, {"date": "4Q2019", "revenue": 6187000, "earnings": -18578000}, {"date": "2Q2020", "revenue": 0, "earnings": -19018000}]}, "financialCurrency": "INR"}, "calendarEvents": {"maxAge": 1, "earnings": {"earningsDate": [], "revenueLow": 481860000, "revenueHigh": 481860000}}, "price": {"maxAge": 1, "regularMarketChangePercent": -0.050000027, "regularMarketChange": -0.16000009, "regularMarketTime": "2021-04-30 15:46:23", "priceHint": 4, "regularMarketPrice": 3.04, "regularMarketDayHigh": 3.36, "regularMarketDayLow": 3.04, "regularMarketVolume": 46267, "averageDailyVolume10Day": 11359, "averageDailyVolume3Month": 15552, "regularMarketPreviousClose": 3.2, "regularMarketSource": "FREE_REALTIME", "regularMarketOpen": 3.2, "exchange": "BSE", "exchangeName": "BSE", "exchangeDataDelayedBy": 0, "marketState": "CLOSED", "quoteType": "EQUITY", "symbol": "SANKHYAIN.BO", "underlyingSymbol": null, "shortName": "SANKHYA INFOTECH LTD.", "longName": "Sankhya Infotech Limited", "currency": "INR", "quoteSourceName": "Delayed Quote", "currencySymbol": "\u20b9", "fromCurrency": null, "toCurrency": null, "lastMarket": null, "marketCap": 44375184}, "balanceSheetHistory": {"balanceSheetStatements": [{"maxAge": 1, "endDate": "2019-03-31", "cash": 8034000, "netReceivables": 585735000, "otherCurrentAssets": 104469000, "totalCurrentAssets": 698238000, "propertyPlantEquipment": 79846000, "intangibleAssets": 833354000, "otherAssets": 1877000, "totalAssets": 1613315000, "accountsPayable": 62349000, "shortLongTermDebt": 50000000, "otherCurrentLiab": 70339000, "longTermDebt": 17242000, "otherLiab": 51849000, "totalCurrentLiabilities": 464029000, "totalLiab": 533120000, "commonStock": 131452000, "retainedEarnings": 658064000, "treasuryStock": 50958000, "capitalSurplus": 239721000, "otherStockholderEquity": 50958000, "totalStockholderEquity": 1080195000, "netTangibleAssets": 246841000}, {"maxAge": 1, "endDate": "2018-03-31", "cash": 4040000, "netReceivables": 683703000, "otherCurrentAssets": 89990000, "totalCurrentAssets": 777733000, "propertyPlantEquipment": 66546000, "intangibleAssets": 729219000, "otherAssets": 1711000, "totalAssets": 1575209000, "accountsPayable": 68335000, "shortLongTermDebt": 20000000, "otherCurrentLiab": 57874000, "longTermDebt": 20813000, "otherLiab": 49560000, "totalCurrentLiabilities": 427407000, "totalLiab": 497780000, "commonStock": 131452000, "retainedEarnings": 675412000, "treasuryStock": 30844000, "capitalSurplus": 239721000, "otherStockholderEquity": 30844000, "totalStockholderEquity": 1077429000, "netTangibleAssets": 348210000}, {"maxAge": 1, "endDate": "2017-03-31", "cash": 7091000, "netReceivables": 676932000, "otherCurrentAssets": 73479000, "totalCurrentAssets": 757502000, "propertyPlantEquipment": 82989000, "intangibleAssets": 621344000, "otherAssets": 3511000, "totalAssets": 1465346000, "accountsPayable": 66632000, "otherCurrentLiab": 57319000, "longTermDebt": 45326000, "otherLiab": 187203000, "totalCurrentLiabilities": 390317000, "totalLiab": 622846000, "commonStock": 112452000, "retainedEarnings": 585133000, "treasuryStock": -7273000, "capitalSurplus": 152188000, "otherStockholderEquity": -7273000, "totalStockholderEquity": 842500000, "netTangibleAssets": 221156000}, {"maxAge": 1, "endDate": "2016-03-31", "cash": 1994000, "netReceivables": 642116000, "otherCurrentAssets": 13845000, "totalCurrentAssets": 657955000, "propertyPlantEquipment": 70610000, "intangibleAssets": 534728000, "otherAssets": 4245000, "totalAssets": 1267538000, "accountsPayable": 50142000, "shortLongTermDebt": 7800000, "otherCurrentLiab": 60822000, "longTermDebt": 71942000, "otherLiab": 96190000, "totalCurrentLiabilities": 381078000, "totalLiab": 549210000, "commonStock": 112452000, "retainedEarnings": 445342000, "treasuryStock": 8346000, "capitalSurplus": 152188000, "otherStockholderEquity": 8346000, "totalStockholderEquity": 718328000, "netTangibleAssets": 183600000}], "maxAge": 86400}, "earningsTrend": {"trend": [{"maxAge": 1, "period": "0q", "endDate": "2018-03-31", "growth": {}, "earningsEstimate": {"avg": 0.0, "low": 0.0, "high": 0.0, "yearAgoEps": {}, "numberOfAnalysts": 0, "growth": {}}, "revenueEstimate": {"avg": 0, "low": 481860000, "high": 481860000, "numberOfAnalysts": 1, "yearAgoRevenue": {}, "growth": {}}, "epsTrend": {"current": 0.0, "7daysAgo": 1.12, "30daysAgo": 1.12, "60daysAgo": 1.12, "90daysAgo": 1.12}, "epsRevisions": {"upLast7days": 0, "upLast30days": 0, "downLast30days": 0, "downLast90days": {}}}, {"maxAge": 1, "period": "+1q", "endDate": "2018-06-30", "growth": {}, "earningsEstimate": {"avg": 0.0, "low": 0.0, "high": 0.0, "yearAgoEps": {}, "numberOfAnalysts": 0, "growth": {}}, "revenueEstimate": {"avg": 0, "low": 0, "high": 0, "numberOfAnalysts": 0, "yearAgoRevenue": {}, "growth": {}}, "epsTrend": {"current": 0.0, "7daysAgo": 0.0, "30daysAgo": 0.0, "60daysAgo": 0.0, "90daysAgo": 0.0}, "epsRevisions": {"upLast7days": 0, "upLast30days": 0, "downLast30days": 0, "downLast90days": {}}}, {"maxAge": 1, "period": "0y", "endDate": "2018-03-31", "growth": {}, "earningsEstimate": {"avg": 0.0, "low": 0.0, "high": 0.0, "yearAgoEps": {}, "numberOfAnalysts": 0, "growth": {}}, "revenueEstimate": {"avg": 1779800000, "low": 1810010000, "high": 1810010000, "numberOfAnalysts": 1, "yearAgoRevenue": {}, "growth": {}}, "epsTrend": {"current": 0.0, "7daysAgo": 4.8, "30daysAgo": 4.8, "60daysAgo": 4.8, "90daysAgo": 4.8}, "epsRevisions": {"upLast7days": 0, "upLast30days": 0, "downLast30days": 0, "downLast90days": {}}}, {"maxAge": 1, "period": "+1y", "endDate": "2019-03-31", "growth": {}, "earningsEstimate": {"avg": 0.0, "low": 0.0, "high": 0.0, "yearAgoEps": {}, "numberOfAnalysts": 0, "growth": {}}, "revenueEstimate": {"avg": 2000060000, "low": 2000060000, "high": 2000060000, "numberOfAnalysts": 1, "yearAgoRevenue": 1779800000, "growth": 0.124}, "epsTrend": {"current": 0.0, "7daysAgo": 5.71, "30daysAgo": 5.71, "60daysAgo": 5.71, "90daysAgo": 5.71}, "epsRevisions": {"upLast7days": 0, "upLast30days": 0, "downLast30days": 0, "downLast90days": {}}}, {"maxAge": 1, "period": "+5y", "endDate": null, "growth": {}, "earningsEstimate": {"avg": {}, "low": {}, "high": {}, "yearAgoEps": {}, "numberOfAnalysts": {}, "growth": {}}, "revenueEstimate": {"avg": {}, "low": {}, "high": {}, "numberOfAnalysts": {}, "yearAgoRevenue": {}, "growth": {}}, "epsTrend": {"current": {}, "7daysAgo": {}, "30daysAgo": {}, "60daysAgo": {}, "90daysAgo": {}}, "epsRevisions": {"upLast7days": {}, "upLast30days": {}, "downLast30days": {}, "downLast90days": {}}}, {"maxAge": 1, "period": "-5y", "endDate": null, "growth": {}, "earningsEstimate": {"avg": {}, "low": {}, "high": {}, "yearAgoEps": {}, "numberOfAnalysts": {}, "growth": {}}, "revenueEstimate": {"avg": {}, "low": {}, "high": {}, "numberOfAnalysts": {}, "yearAgoRevenue": {}, "growth": {}}, "epsTrend": {"current": {}, "7daysAgo": {}, "30daysAgo": {}, "60daysAgo": {}, "90daysAgo": {}}, "epsRevisions": {"upLast7days": {}, "upLast30days": {}, "downLast30days": {}, "downLast90days": {}}}], "maxAge": 1}, "financialData": {"maxAge": 86400, "currentPrice": 3.04, "targetHighPrice": 10.0, "targetLowPrice": 10.0, "targetMeanPrice": 10.0, "targetMedianPrice": 10.0, "recommendationKey": "none", "numberOfAnalystOpinions": 1, "grossProfits": 698445000, "financialCurrency": "INR"}}}