{"SANOFI.BO": {"recommendationTrend": {"trend": [{"period": "0m", "strongBuy": 0, "buy": 0, "hold": 0, "sell": 0, "strongSell": 0}, {"period": "-1m", "strongBuy": 0, "buy": 0, "hold": 0, "sell": 0, "strongSell": 0}, {"period": "-2m", "strongBuy": 0, "buy": 0, "hold": 0, "sell": 0, "strongSell": 0}, {"period": "-3m", "strongBuy": 0, "buy": 0, "hold": 0, "sell": 0, "strongSell": 0}], "maxAge": 86400}, "cashflowStatementHistory": {"cashflowStatements": [{"maxAge": 1, "endDate": "2019-12-31", "netIncome": 4142000000, "depreciation": 983000000, "changeToNetincome": -641000000, "changeToAccountReceivables": -648000000, "changeToLiabilities": 233000000, "changeToInventory": 135000000, "changeToOperatingActivities": -97000000, "totalCashFromOperatingActivities": 4123000000, "capitalExpenditures": -758000000, "otherCashflowsFromInvestingActivities": 910000000, "totalCashflowsFromInvestingActivities": 657000000, "dividendsPaid": -1520000000, "otherCashflowsFromFinancingActivities": -312000000, "totalCashFromFinancingActivities": -1832000000, "changeInCash": 2948000000}, {"maxAge": 1, "endDate": "2018-12-31", "netIncome": 3806000000, "depreciation": 1008000000, "changeToNetincome": -818000000, "changeToAccountReceivables": 407000000, "changeToLiabilities": 125000000, "changeToInventory": -675000000, "changeToOperatingActivities": -133000000, "totalCashFromOperatingActivities": 3739000000, "capitalExpenditures": -592000000, "otherCashflowsFromInvestingActivities": 789000000, "totalCashflowsFromInvestingActivities": -731000000, "dividendsPaid": -1636000000, "otherCashflowsFromFinancingActivities": -336000000, "totalCashFromFinancingActivities": -1972000000, "changeInCash": 1036000000}, {"maxAge": 1, "endDate": "2017-12-31", "netIncome": 3260000000, "depreciation": 1004000000, "changeToNetincome": -734000000, "changeToAccountReceivables": -504000000, "changeToLiabilities": 961000000, "changeToInventory": 775000000, "changeToOperatingActivities": -429000000, "totalCashFromOperatingActivities": 4351000000, "capitalExpenditures": -570000000, "otherCashflowsFromInvestingActivities": 678000000, "totalCashflowsFromInvestingActivities": -787000000, "dividendsPaid": -1567000000, "otherCashflowsFromFinancingActivities": -317000000, "totalCashFromFinancingActivities": -1884000000, "changeInCash": 1680000000}, {"maxAge": 1, "endDate": "2016-12-31", "netIncome": 3042000000, "depreciation": 1174000000, "changeToNetincome": -997000000, "changeToAccountReceivables": -9000000, "changeToLiabilities": 133000000, "changeToInventory": -139000000, "changeToOperatingActivities": 3000000, "totalCashFromOperatingActivities": 3221000000, "capitalExpenditures": -693000000, "otherCashflowsFromInvestingActivities": -863000000, "totalCashflowsFromInvestingActivities": -1550000000, "dividendsPaid": -1497000000, "otherCashflowsFromFinancingActivities": -305000000, "totalCashFromFinancingActivities": -1802000000, "changeInCash": -131000000}], "maxAge": 86400}, "institutionOwnership": {"ownershipList": [], "maxAge": 1}, "balanceSheetHistoryQuarterly": {"balanceSheetStatements": [{"maxAge": 1, "endDate": "2020-06-30", "cash": 16887000000, "netReceivables": 1465000000, "inventory": 3422000000, "otherCurrentAssets": 1636000000, "totalCurrentAssets": 23410000000, "longTermInvestments": 30000000, "propertyPlantEquipment": 3741000000, "goodWill": 731000000, "intangibleAssets": 574000000, "otherAssets": 6362000000, "totalAssets": 34848000000, "accountsPayable": 3471000000, "otherCurrentLiab": 2796000000, "otherLiab": 864000000, "totalCurrentLiabilities": 7130000000, "totalLiab": 8195000000, "commonStock": 230000000, "treasuryStock": 26423000000, "otherStockholderEquity": 26423000000, "totalStockholderEquity": 26653000000, "netTangibleAssets": 25348000000}, {"maxAge": 1, "endDate": "2020-03-31", "totalStockholderEquity": 24423000000, "netTangibleAssets": 22916000000}, {"maxAge": 1, "endDate": "2019-12-31", "cash": 11199000000, "netReceivables": 2604000000, "inventory": 4719000000, "otherCurrentAssets": 2705000000, "totalCurrentAssets": 21293000000, "propertyPlantEquipment": 3654000000, "goodWill": 731000000, "intangibleAssets": 776000000, "otherAssets": 5990000000, "totalAssets": 32444000000, "accountsPayable": 3689000000, "otherCurrentLiab": 1948000000, "otherLiab": 987000000, "totalCurrentLiabilities": 7034000000, "totalLiab": 8021000000, "commonStock": 230000000, "retainedEarnings": 23750000000, "treasuryStock": 423000000, "capitalSurplus": 20000000, "otherStockholderEquity": 423000000, "totalStockholderEquity": 24423000000, "netTangibleAssets": 22916000000}, {"maxAge": 1, "endDate": "2019-09-30", "totalStockholderEquity": 22304000000, "netTangibleAssets": 20601000000}], "maxAge": 86400}, "earningsHistory": {"history": [{"maxAge": 1, "epsActual": 33.05, "epsEstimate": 42.8, "epsDifference": -9.75, "surprisePercent": -0.22799999, "quarter": "2017-12-31", "period": "-4q"}, {"maxAge": 1, "epsActual": 35.87, "epsEstimate": 39.1, "epsDifference": -3.23, "surprisePercent": -0.083000004, "quarter": "2018-03-31", "period": "-3q"}, {"maxAge": 1, "epsActual": 43.3, "epsEstimate": 38.05, "epsDifference": 5.25, "surprisePercent": 0.138, "quarter": "2018-06-30", "period": "-2q"}, {"maxAge": 1, "epsActual": 51.83, "epsEstimate": 38.5, "epsDifference": 13.33, "surprisePercent": 0.346, "quarter": "2018-09-30", "period": "-1q"}], "maxAge": 86400}, "indexTrend": {"maxAge": 1, "symbol": "SP5", "peRatio": 19.7411, "pegRatio": 1.34172, "estimates": [{"period": "0q", "growth": 0.549}, {"period": "+1q", "growth": 0.431}, {"period": "0y", "growth": 0.305}, {"period": "+1y", "growth": 0.109}, {"period": "+5y", "growth": 0.120865}, {"period": "-5y"}]}, "industryTrend": {"maxAge": 1, "symbol": null, "estimates": []}, "insiderTransactions": {"transactions": [{"maxAge": 1, "shares": 464222, "filerUrl": "", "transactionText": "", "filerName": "Life Insurance Corporation of India", "filerRelation": "Institution- Corporation", "moneyText": "", "startDate": "2012-12-26", "ownership": "D"}, {"maxAge": 1, "shares": 487773, "filerUrl": "", "transactionText": "", "filerName": "Aberdeen Asset Management Asia Ltd A/C Aberdeen Internationa", "filerRelation": "Investment Advisor", "moneyText": "", "startDate": "2012-03-12", "ownership": "D"}, {"maxAge": 1, "shares": 50000, "filerUrl": "", "transactionText": "", "filerName": "Aberdeen Asset Management Asia Ltd A/C Aberdeen Internationa", "filerRelation": "Investment Advisor", "moneyText": "", "startDate": "2010-06-08", "ownership": "D"}, {"maxAge": 1, "shares": 460, "filerUrl": "", "transactionText": "", "filerName": "Mallya Pvt Ltd", "filerRelation": "Institution- Corporation", "moneyText": "", "startDate": "2010-03-30", "ownership": "D"}, {"maxAge": 1, "shares": 50000, "filerUrl": "", "transactionText": "", "filerName": "UTI Master Share Unit Scheme", "filerRelation": "Investment Advisor", "moneyText": "", "startDate": "2009-12-11", "ownership": "D"}, {"maxAge": 1, "shares": 54765, "filerUrl": "", "transactionText": "", "filerName": "Reliance Capital Trustee Company Ltd A/c Reliance Equity Opp", "filerRelation": "UNREPORTED", "moneyText": "", "startDate": "2009-09-10", "ownership": "D"}], "maxAge": 1}, "quoteType": {"exchange": "BSE", "quoteType": "EQUITY", "symbol": "SANOFI.BO", "underlyingSymbol": "SANOFI.BO", "shortName": "SANOFI INDIA LTD", "longName": "Sanofi India Limited", "firstTradeDateEpochUtc": "2000-01-03 09:15:00", "timeZoneFullName": "Asia/Kolkata", "timeZoneShortName": "IST", "uuid": "26b91321-8121-3651-9b4c-e2b3a27a1c51", "gmtOffSetMilliseconds": 19800000, "maxAge": 1}, "incomeStatementHistory": {"incomeStatementHistory": [{"maxAge": 1, "endDate": "2019-12-31", "totalRevenue": 30706000000, "costOfRevenue": 13787000000, "grossProfit": 16919000000, "researchDevelopment": {}, "sellingGeneralAdministrative": 5446000000, "nonRecurring": {}, "otherOperatingExpenses": 4798000000, "totalOperatingExpenses": 25030000000, "operatingIncome": 5676000000, "totalOtherIncomeExpenseNet": 323000000, "ebit": 5676000000, "interestExpense": -3000000, "incomeBeforeTax": 5999000000, "incomeTaxExpense": 1857000000, "minorityInterest": {}, "netIncomeFromContinuingOps": 4142000000, "discontinuedOperations": {}, "extraordinaryItems": {}, "effectOfAccountingCharges": {}, "otherItems": {}, "netIncome": 4142000000, "netIncomeApplicableToCommonShares": 4142000000}, {"maxAge": 1, "endDate": "2018-12-31", "totalRevenue": 27708000000, "costOfRevenue": 11722000000, "grossProfit": 15986000000, "researchDevelopment": {}, "sellingGeneralAdministrative": 4928000000, "nonRecurring": {}, "otherOperatingExpenses": 4804000000, "totalOperatingExpenses": 22481000000, "operatingIncome": 5227000000, "totalOtherIncomeExpenseNet": 871000000, "ebit": 5227000000, "interestExpense": -7000000, "incomeBeforeTax": 6098000000, "incomeTaxExpense": 2292000000, "minorityInterest": {}, "netIncomeFromContinuingOps": 3806000000, "discontinuedOperations": {}, "extraordinaryItems": {}, "effectOfAccountingCharges": {}, "otherItems": {}, "netIncome": 3806000000, "netIncomeApplicableToCommonShares": 3806000000}, {"maxAge": 1, "endDate": "2017-12-31", "totalRevenue": 24636000000, "costOfRevenue": 10029000000, "grossProfit": 14607000000, "researchDevelopment": {}, "sellingGeneralAdministrative": 4576000000, "nonRecurring": {}, "otherOperatingExpenses": 4657000000, "totalOperatingExpenses": 20283000000, "operatingIncome": 4353000000, "totalOtherIncomeExpenseNet": 793000000, "ebit": 4353000000, "interestExpense": -7000000, "incomeBeforeTax": 5146000000, "incomeTaxExpense": 1886000000, "minorityInterest": {}, "netIncomeFromContinuingOps": 3260000000, "discontinuedOperations": {}, "extraordinaryItems": {}, "effectOfAccountingCharges": {}, "otherItems": {}, "netIncome": 3260000000, "netIncomeApplicableToCommonShares": 3260000000}, {"maxAge": 1, "endDate": "2016-12-31", "totalRevenue": 23668000000, "costOfRevenue": 10466000000, "grossProfit": 13202000000, "researchDevelopment": {}, "sellingGeneralAdministrative": 4221000000, "nonRecurring": {}, "otherOperatingExpenses": 3637000000, "totalOperatingExpenses": 19511000000, "operatingIncome": 4157000000, "totalOtherIncomeExpenseNet": 647000000, "ebit": 4157000000, "interestExpense": -15000000, "incomeBeforeTax": 4804000000, "incomeTaxExpense": 1762000000, "minorityInterest": {}, "netIncomeFromContinuingOps": 3042000000, "discontinuedOperations": {}, "extraordinaryItems": {}, "effectOfAccountingCharges": {}, "otherItems": {}, "netIncome": 3042000000, "netIncomeApplicableToCommonShares": 3042000000}], "maxAge": 86400}, "fundOwnership": {"ownershipList": [{"maxAge": 1, "reportDate": "2020-08-31", "organization": "Aberdeen Standard SICAV I-Indian Equity Fd", "pctHeld": 0.0149, "position": 344068, "value": 2840160916}, {"maxAge": 1, "reportDate": "2020-06-30", "organization": "Matthews International Fds-Matthews Asian Growth & Income Fund", "pctHeld": 0.0072000003, "position": 165908, "value": 1307819582}, {"maxAge": 1, "reportDate": "2020-08-31", "organization": "Aberdeen Standard SICAV I-Asian Smaller Companies Fd", "pctHeld": 0.0055, "position": 127763, "value": 1054638847}, {"maxAge": 1, "reportDate": "2020-06-30", "organization": "India Fund, Inc., The", "pctHeld": 0.0046, "position": 106170, "value": 836916876}, {"maxAge": 1, "reportDate": "2020-07-31", "organization": "Vanguard International Stock Index-Total Intl Stock Indx", "pctHeld": 0.0038, "position": 87779, "value": 682310555}, {"maxAge": 1, "reportDate": "2020-07-31", "organization": "Vanguard International Stock Index-Emerging Markets Stk", "pctHeld": 0.0032, "position": 74797, "value": 581400820}, {"maxAge": 1, "reportDate": "2020-07-31", "organization": "iShares Core MSCI Emerging Markets ETF", "pctHeld": 0.0022, "position": 49856, "value": 387533180}, {"maxAge": 1, "reportDate": "2020-07-31", "organization": "DFA Emerging Markets Core Equity Portfolio", "pctHeld": 0.0019, "position": 44766, "value": 347968356}, {"maxAge": 1, "reportDate": "2020-07-31", "organization": "DFA Emerging Markets Small Cap Series", "pctHeld": 0.0019, "position": 43758, "value": 340133121}, {"maxAge": 1, "reportDate": "2020-07-31", "organization": "Aberdeen International Small Cap Fund", "pctHeld": 0.00090000004, "position": 20600, "value": 160124830}], "maxAge": 1}, "summaryDetail": {"maxAge": 1, "priceHint": 2, "previousClose": 7498.45, "open": 7499.0, "dayLow": 7464.05, "dayHigh": 7574.0, "regularMarketPreviousClose": 7498.45, "regularMarketOpen": 7499.0, "regularMarketDayLow": 7464.05, "regularMarketDayHigh": 7574.0, "trailingPE": 39.01663, "forwardPE": 43.04219, "volume": 1380, "regularMarketVolume": 1380, "averageVolume": 4290, "averageVolume10days": 7158, "averageDailyVolume10Day": 7158, "bid": 7549.6, "ask": 0.0, "bidSize": 0, "askSize": 0, "marketCap": 173871824896, "fiftyTwoWeekLow": 5900.05, "fiftyTwoWeekHigh": 8999.0, "fiftyDayAverage": 8176.3394, "twoHundredDayAverage": 8261.672, "trailingAnnualDividendRate": 66.0, "trailingAnnualDividendYield": 0.008801819, "currency": "INR", "fromCurrency": null, "lastMarket": null, "algorithm": null, "tradeable": false}, "sectorTrend": {"maxAge": 1, "symbol": null, "estimates": []}, "incomeStatementHistoryQuarterly": {"incomeStatementHistory": [{"maxAge": 1, "endDate": "2020-06-30", "totalRevenue": 7105000000, "costOfRevenue": 3165000000, "grossProfit": 3940000000, "researchDevelopment": {}, "sellingGeneralAdministrative": 1237000000, "nonRecurring": {}, "otherOperatingExpenses": 931000000, "totalOperatingExpenses": 5538000000, "operatingIncome": 1567000000, "totalOtherIncomeExpenseNet": 298000000, "ebit": 1567000000, "interestExpense": -5000000, "incomeBeforeTax": 1865000000, "incomeTaxExpense": 502000000, "minorityInterest": {}, "netIncomeFromContinuingOps": 1363000000, "discontinuedOperations": {}, "extraordinaryItems": {}, "effectOfAccountingCharges": {}, "otherItems": {}, "netIncome": 1363000000, "netIncomeApplicableToCommonShares": 1363000000}, {"maxAge": 1, "endDate": "2020-03-31", "totalRevenue": 7845000000, "costOfRevenue": 3402000000, "grossProfit": 4443000000, "researchDevelopment": {}, "sellingGeneralAdministrative": 1203000000, "nonRecurring": {}, "otherOperatingExpenses": 1473000000, "totalOperatingExpenses": 6285000000, "operatingIncome": 1560000000, "totalOtherIncomeExpenseNet": -214000000, "ebit": 1560000000, "interestExpense": -5000000, "incomeBeforeTax": 1346000000, "incomeTaxExpense": 492000000, "minorityInterest": {}, "netIncomeFromContinuingOps": 854000000, "discontinuedOperations": {}, "extraordinaryItems": {}, "effectOfAccountingCharges": {}, "otherItems": {}, "netIncome": 854000000, "netIncomeApplicableToCommonShares": 854000000}, {"maxAge": 1, "endDate": "2019-12-31", "totalRevenue": 8263000000, "costOfRevenue": 3916000000, "grossProfit": 4347000000, "researchDevelopment": {}, "sellingGeneralAdministrative": 2099000000, "nonRecurring": {}, "otherOperatingExpenses": 444000000, "totalOperatingExpenses": 6674000000, "operatingIncome": 1589000000, "totalOtherIncomeExpenseNet": 24000000, "ebit": 1589000000, "interestExpense": -3000000, "incomeBeforeTax": 1613000000, "incomeTaxExpense": 640000000, "minorityInterest": {}, "netIncomeFromContinuingOps": 973000000, "discontinuedOperations": {}, "extraordinaryItems": {}, "effectOfAccountingCharges": {}, "otherItems": {}, "netIncome": 973000000, "netIncomeApplicableToCommonShares": 973000000}, {"maxAge": 1, "endDate": "2019-09-30", "totalRevenue": 7791000000, "costOfRevenue": 3380000000, "grossProfit": 4411000000, "researchDevelopment": {}, "sellingGeneralAdministrative": 1170000000, "nonRecurring": {}, "otherOperatingExpenses": 1486000000, "totalOperatingExpenses": 6299000000, "operatingIncome": 1492000000, "totalOtherIncomeExpenseNet": -165000000, "ebit": 1492000000, "interestExpense": -3000000, "incomeBeforeTax": 1327000000, "incomeTaxExpense": 61000000, "minorityInterest": {}, "netIncomeFromContinuingOps": 1266000000, "discontinuedOperations": {}, "extraordinaryItems": {}, "effectOfAccountingCharges": {}, "otherItems": {}, "netIncome": 1266000000, "netIncomeApplicableToCommonShares": 1266000000}], "maxAge": 86400}, "cashflowStatementHistoryQuarterly": {"cashflowStatements": [{"maxAge": 1, "endDate": "2020-06-30", "netIncome": 1363000000, "changeToLiabilities": 0}, {"maxAge": 1, "endDate": "2020-03-31", "netIncome": 854000000, "changeToLiabilities": 0}, {"maxAge": 1, "endDate": "2019-12-31", "netIncome": 973000000, "changeToLiabilities": 0}, {"maxAge": 1, "endDate": "2019-09-30", "netIncome": 1266000000, "changeToLiabilities": 0}], "maxAge": 86400}, "insiderHolders": {"holders": [{"maxAge": 1, "name": "Aberdeen Asset Management Asia Ltd A/C Aberdeen Internationa", "relation": "Investment Advisor", "url": "", "transactionDescription": "Acquisition", "latestTransDate": "2012-03-12", "positionDirect": 2328199, "positionDirectDate": "2012-03-12"}, {"maxAge": 1, "name": "Life Insurance Corporation of India", "relation": "Institution- Corporation", "url": "", "transactionDescription": "Sale", "latestTransDate": "2012-12-26", "positionDirect": 705631, "positionDirectDate": "2012-12-26"}, {"maxAge": 1, "name": "Mallya Pvt Ltd", "relation": "Institution- Corporation", "url": "", "transactionDescription": "Sale", "latestTransDate": "2010-03-30", "positionDirect": 0, "positionDirectDate": "2010-03-30"}, {"maxAge": 1, "name": "Reliance Capital Trustee Company Ltd A/c Reliance Equity Opp", "relation": "UNREPORTED", "url": "", "transactionDescription": "Acquisition", "latestTransDate": "2009-09-10", "positionDirect": 1203224, "positionDirectDate": "2009-09-10"}, {"maxAge": 1, "name": "UTI Master Share Unit Scheme", "relation": "Investment Advisor", "url": "", "transactionDescription": "Sale", "latestTransDate": "2009-12-11", "positionDirectDate": "2009-12-11"}], "maxAge": 1}, "earnings": {"maxAge": 86400, "earningsChart": {"quarterly": [{"date": "4Q2017", "actual": 33.05, "estimate": 42.8}, {"date": "1Q2018", "actual": 35.87, "estimate": 39.1}, {"date": "2Q2018", "actual": 43.3, "estimate": 38.05}, {"date": "3Q2018", "actual": 51.83, "estimate": 38.5}], "currentQuarterEstimateDate": "4Q", "currentQuarterEstimateYear": 2018, "earningsDate": ["2020-07-28 05:30:S"]}, "financialsChart": {"yearly": [{"date": 2016, "revenue": 23668000000, "earnings": 3042000000}, {"date": 2017, "revenue": 24636000000, "earnings": 3260000000}, {"date": 2018, "revenue": 27708000000, "earnings": 3806000000}, {"date": 2019, "revenue": 30706000000, "earnings": 4142000000}], "quarterly": [{"date": "3Q2019", "revenue": 7791000000, "earnings": 1266000000}, {"date": "4Q2019", "revenue": 8263000000, "earnings": 973000000}, {"date": "1Q2020", "revenue": 7845000000, "earnings": 854000000}, {"date": "2Q2020", "revenue": 7105000000, "earnings": 1363000000}]}, "financialCurrency": "INR"}, "calendarEvents": {"maxAge": 1, "earnings": {"earningsDate": ["2020-07-28 05:30:S"], "revenueAverage": 8352000000, "revenueLow": 8352000000, "revenueHigh": 8352000000}}, "upgradeDowngradeHistory": {"history": [], "maxAge": 86400}, "price": {"maxAge": 1, "regularMarketChangePercent": 0.0068213968, "regularMarketChange": 51.149902, "regularMarketTime": "2021-04-30 15:43:35", "priceHint": 2, "regularMarketPrice": 7549.6, "regularMarketDayHigh": 7574.0, "regularMarketDayLow": 7464.05, "regularMarketVolume": 1380, "averageDailyVolume10Day": 7158, "averageDailyVolume3Month": 4290, "regularMarketPreviousClose": 7498.45, "regularMarketSource": "FREE_REALTIME", "regularMarketOpen": 7499.0, "exchange": "BSE", "exchangeName": "BSE", "exchangeDataDelayedBy": 0, "marketState": "CLOSED", "quoteType": "EQUITY", "symbol": "SANOFI.BO", "underlyingSymbol": null, "shortName": "SANOFI INDIA LTD", "longName": "Sanofi India Limited", "currency": "INR", "quoteSourceName": "Delayed Quote", "currencySymbol": "\u20b9", "fromCurrency": null, "lastMarket": null, "marketCap": 173871824896}, "balanceSheetHistory": {"balanceSheetStatements": [{"maxAge": 1, "endDate": "2019-12-31", "cash": 11199000000, "netReceivables": 2604000000, "inventory": 4719000000, "otherCurrentAssets": 2705000000, "totalCurrentAssets": 21293000000, "propertyPlantEquipment": 3654000000, "goodWill": 731000000, "intangibleAssets": 776000000, "otherAssets": 5990000000, "totalAssets": 32444000000, "accountsPayable": 3689000000, "otherCurrentLiab": 1948000000, "otherLiab": 987000000, "totalCurrentLiabilities": 7034000000, "totalLiab": 8021000000, "commonStock": 230000000, "retainedEarnings": 23750000000, "treasuryStock": 423000000, "capitalSurplus": 20000000, "otherStockholderEquity": 423000000, "totalStockholderEquity": 24423000000, "netTangibleAssets": 22916000000}, {"maxAge": 1, "endDate": "2018-12-31", "cash": 8251000000, "netReceivables": 1901000000, "inventory": 4916000000, "otherCurrentAssets": 806000000, "totalCurrentAssets": 15922000000, "longTermInvestments": 2000000, "propertyPlantEquipment": 5643000000, "goodWill": 731000000, "intangibleAssets": 1165000000, "otherAssets": 6376000000, "totalAssets": 29839000000, "accountsPayable": 3438000000, "otherCurrentLiab": 1732000000, "otherLiab": 1412000000, "totalCurrentLiabilities": 6235000000, "totalLiab": 7647000000, "commonStock": 230000000, "retainedEarnings": 21605000000, "treasuryStock": 337000000, "capitalSurplus": 20000000, "otherStockholderEquity": 337000000, "totalStockholderEquity": 22192000000, "netTangibleAssets": 20296000000}, {"maxAge": 1, "endDate": "2017-12-31", "cash": 7215000000, "netReceivables": 2186000000, "inventory": 4272000000, "otherCurrentAssets": 721000000, "totalCurrentAssets": 14438000000, "longTermInvestments": 2000000, "propertyPlantEquipment": 5705000000, "goodWill": 731000000, "intangibleAssets": 1555000000, "otherAssets": 5346000000, "totalAssets": 27777000000, "accountsPayable": 3269000000, "otherCurrentLiab": 1573000000, "otherLiab": 1496000000, "totalCurrentLiabilities": 6017000000, "totalLiab": 7513000000, "commonStock": 230000000, "retainedEarnings": 19758000000, "treasuryStock": 256000000, "capitalSurplus": 20000000, "otherStockholderEquity": 256000000, "totalStockholderEquity": 20264000000, "netTangibleAssets": 17978000000}, {"maxAge": 1, "endDate": "2016-12-31", "cash": 5535000000, "netReceivables": 5044000000, "inventory": 4988000000, "otherCurrentAssets": 126000000, "totalCurrentAssets": 15753000000, "longTermInvestments": 2000000, "propertyPlantEquipment": 5851000000, "goodWill": 731000000, "intangibleAssets": 1923000000, "otherAssets": 1152000000, "totalAssets": 25412000000, "accountsPayable": 2308000000, "otherCurrentLiab": 1693000000, "otherLiab": 1561000000, "totalCurrentLiabilities": 5021000000, "totalLiab": 6582000000, "commonStock": 230000000, "retainedEarnings": 18395000000, "treasuryStock": 185000000, "capitalSurplus": 20000000, "otherStockholderEquity": 185000000, "totalStockholderEquity": 18830000000, "netTangibleAssets": 16176000000}], "maxAge": 86400}, "earningsTrend": {"trend": [{"maxAge": 1, "period": "0q", "endDate": "2018-12-31", "growth": {}, "earningsEstimate": {"avg": 0.0, "low": 0.0, "high": 0.0, "yearAgoEps": 33.05, "numberOfAnalysts": 0, "growth": {}}, "revenueEstimate": {"avg": 8352000000, "low": 8352000000, "high": 8352000000, "numberOfAnalysts": 1, "yearAgoRevenue": 6317000000, "growth": 0.322}, "epsTrend": {"current": 0.0, "7daysAgo": 0.0, "30daysAgo": 0.0, "60daysAgo": 0.0, "90daysAgo": 0.0}, "epsRevisions": {"upLast7days": 0, "upLast30days": 0, "downLast30days": 0, "downLast90days": {}}}, {"maxAge": 1, "period": "+1q", "endDate": "2019-03-31", "growth": {}, "earningsEstimate": {"avg": 0.0, "low": 0.0, "high": 0.0, "yearAgoEps": 35.87, "numberOfAnalysts": 0, "growth": {}}, "revenueEstimate": {"avg": 0, "low": 0, "high": 0, "numberOfAnalysts": 0, "yearAgoRevenue": {}, "growth": {}}, "epsTrend": {"current": 0.0, "7daysAgo": 0.0, "30daysAgo": 0.0, "60daysAgo": 0.0, "90daysAgo": 0.0}, "epsRevisions": {"upLast7days": 0, "upLast30days": 0, "downLast30days": 0, "downLast90days": {}}}, {"maxAge": 1, "period": "0y", "endDate": "2018-12-31", "growth": {}, "earningsEstimate": {"avg": 0.0, "low": 0.0, "high": 0.0, "yearAgoEps": {}, "numberOfAnalysts": 0, "growth": {}}, "revenueEstimate": {"avg": 27756400000, "low": 25964000000, "high": 28990000000, "numberOfAnalysts": 8, "yearAgoRevenue": 23268000000, "growth": 0.19299999}, "epsTrend": {"current": 0.0, "7daysAgo": 172.86, "30daysAgo": 172.86, "60daysAgo": 172.86, "90daysAgo": 172.86}, "epsRevisions": {"upLast7days": 0, "upLast30days": 0, "downLast30days": 0, "downLast90days": {}}}, {"maxAge": 1, "period": "+1y", "endDate": "2019-12-31", "growth": {}, "earningsEstimate": {"avg": 0.0, "low": 0.0, "high": 0.0, "yearAgoEps": {}, "numberOfAnalysts": 0, "growth": {}}, "revenueEstimate": {"avg": 30815400000, "low": 29534000000, "high": 33345000000, "numberOfAnalysts": 8, "yearAgoRevenue": 27756400000, "growth": 0.11}, "epsTrend": {"current": 0.0, "7daysAgo": 200.11, "30daysAgo": 200.11, "60daysAgo": 200.11, "90daysAgo": 200.11}, "epsRevisions": {"upLast7days": 0, "upLast30days": 0, "downLast30days": 0, "downLast90days": {}}}, {"maxAge": 1, "period": "+5y", "endDate": null, "growth": 0.36200002, "earningsEstimate": {"avg": {}, "low": {}, "high": {}, "yearAgoEps": {}, "numberOfAnalysts": {}, "growth": {}}, "revenueEstimate": {"avg": {}, "low": {}, "high": {}, "numberOfAnalysts": {}, "yearAgoRevenue": {}, "growth": {}}, "epsTrend": {"current": {}, "7daysAgo": {}, "30daysAgo": {}, "60daysAgo": {}, "90daysAgo": {}}, "epsRevisions": {"upLast7days": {}, "upLast30days": {}, "downLast30days": {}, "downLast90days": {}}}, {"maxAge": 1, "period": "-5y", "endDate": null, "growth": {}, "earningsEstimate": {"avg": {}, "low": {}, "high": {}, "yearAgoEps": {}, "numberOfAnalysts": {}, "growth": {}}, "revenueEstimate": {"avg": {}, "low": {}, "high": {}, "numberOfAnalysts": {}, "yearAgoRevenue": {}, "growth": {}}, "epsTrend": {"current": {}, "7daysAgo": {}, "30daysAgo": {}, "60daysAgo": {}, "90daysAgo": {}}, "epsRevisions": {"upLast7days": {}, "upLast30days": {}, "downLast30days": {}, "downLast90days": {}}}], "maxAge": 1}, "financialData": {"maxAge": 86400, "currentPrice": 7549.6, "targetHighPrice": 7920.0, "targetLowPrice": 5936.0, "targetMeanPrice": 6668.6, "targetMedianPrice": 6567.5, "recommendationKey": "none", "numberOfAnalystOpinions": 10, "grossProfits": 16919000000, "financialCurrency": "INR"}}}