{"SANOFI.NS": {"assetProfile": {"address1": "Sanofi House", "address2": "CTS No. 117-B, L&T Business Park Saki Vihar Road Powai", "city": "Mumbai", "zip": "400072", "country": "India", "phone": "91 22 2803 2000", "fax": "91 22 2803 2939", "website": "http://www.sanofiindialtd.com", "industry": "Drug Manufacturers\u2014General", "sector": "Healthcare", "longBusinessSummary": "Sanofi India Limited manufactures and trades in drugs and pharmaceutical products in India. It provides pharmaceutical products in various therapeutic areas, such as diabetes, cardiology, thrombosis, central nervous system, anti-infective, allergy and vitamins, and minerals and supplements. The company exports its products to approximately 50 countries, including Germany, the Czech Republic, Australia, the United Kingdom, and Russia. It sells its products under the Lantus, Toujeo, Amaryl, Clexane, Cardace, Targocid, Valparin, Allegra, Avil, Combiflam, and DePura by Sanofi brands through independent distributors. The company was formerly known as Aventis Pharma Limited and changed its name to Sanofi India Limited in May 2012. The company was incorporated in 1956 and is headquartered in Mumbai, India. Sanofi India Limited is a subsidiary of Hoechst GmbH.", "fullTimeEmployees": 2912, "companyOfficers": [{"maxAge": 1, "name": "Mr. Rajaram  Narayanan", "age": 52, "title": "MD & Director", "yearBorn": 1968, "fiscalYear": 2020, "totalPay": 40980000, "exercisedValue": 0, "unexercisedValue": 0}, {"maxAge": 1, "name": "Mr. Vaibhav  Karandikar", "age": 47, "title": "CFO & Additional Whole Time Director", "yearBorn": 1973, "exercisedValue": 0, "unexercisedValue": 0}, {"maxAge": 1, "name": "Mr. Girish Arjan Tekchandani", "title": "Compliance Officer & Company Sec.", "exercisedValue": 0, "unexercisedValue": 0}, {"maxAge": 1, "name": "Mr. Cherian  Mathew", "age": 55, "title": "Head of Manufacturing Operations and Additional Director & Whole Time Director", "yearBorn": 1965, "fiscalYear": 2020, "totalPay": 26020000, "exercisedValue": 0, "unexercisedValue": 0}, {"maxAge": 1, "name": "Mr. M. K. Narayanaswamy B.Com.,A.I.C.W.A.", "age": 65, "title": "Sr. Director of Accounting & Taxation", "yearBorn": 1955, "fiscalYear": 2010, "exercisedValue": 0, "unexercisedValue": 0}, {"maxAge": 1, "name": "Ms. J. Yasmin Cama", "age": 65, "title": "Sr. Director of Legal Affairs & Legal Affairs - South Asia", "yearBorn": 1955, "fiscalYear": 2012, "exercisedValue": 0, "unexercisedValue": 0}, {"maxAge": 1, "name": "Mr. Gaurav  Bahadur", "age": 50, "title": "Sr. Director of HR - India & South Asia", "yearBorn": 1970, "exercisedValue": 0, "unexercisedValue": 0}, {"maxAge": 1, "name": "Dr. Goel  Devendrakumar B.V.Sc.&A.H.", "age": 67, "title": "Head of Sri Lanka Operations", "yearBorn": 1953, "fiscalYear": 2013, "exercisedValue": 0, "unexercisedValue": 0}, {"maxAge": 1, "name": "Mr. Sanjay V. Chavan", "age": 58, "title": "Head of Country Procurement - India", "yearBorn": 1962, "exercisedValue": 0, "unexercisedValue": 0}, {"maxAge": 1, "name": "Mr. Madhusudan Garimella  Rao M.Sc.,D.B.M.", "age": 69, "title": "Sr. Director of Industrial Affairs - India", "yearBorn": 1951, "fiscalYear": 2014, "exercisedValue": 0, "unexercisedValue": 0}], "compensationAsOfEpochDate": "2020-12-31 05:30:00", "maxAge": 86400}, "recommendationTrend": {"trend": [{"period": "0m", "strongBuy": 0, "buy": 0, "hold": 0, "sell": 0, "strongSell": 0}, {"period": "-1m", "strongBuy": 3, "buy": 3, "hold": 2, "sell": 0, "strongSell": 0}, {"period": "-2m", "strongBuy": 3, "buy": 3, "hold": 2, "sell": 0, "strongSell": 0}, {"period": "-3m", "strongBuy": 3, "buy": 3, "hold": 2, "sell": 0, "strongSell": 0}], "maxAge": 86400}, "cashflowStatementHistory": {"cashflowStatements": [{"maxAge": 1, "endDate": "2020-12-31", "netIncome": 4776000000, "depreciation": 810000000, "changeToNetincome": -109000000, "changeToAccountReceivables": 52000000, "changeToLiabilities": -18000000, "changeToInventory": -222000000, "changeToOperatingActivities": 810000000, "totalCashFromOperatingActivities": 6111000000, "capitalExpenditures": -414000000, "otherCashflowsFromInvestingActivities": 780000000, "totalCashflowsFromInvestingActivities": 2764000000, "dividendsPaid": -2441340000, "netBorrowings": -46000000, "otherCashflowsFromFinancingActivities": -16000000, "totalCashFromFinancingActivities": -8100000000, "changeInCash": 775000000}, {"maxAge": 1, "endDate": "2019-12-31", "netIncome": 4142000000, "depreciation": 983000000, "changeToNetincome": -641000000, "changeToAccountReceivables": -648000000, "changeToLiabilities": 233000000, "changeToInventory": 135000000, "changeToOperatingActivities": -97000000, "totalCashFromOperatingActivities": 4123000000, "capitalExpenditures": -758000000, "otherCashflowsFromInvestingActivities": 910000000, "totalCashflowsFromInvestingActivities": 657000000, "dividendsPaid": -1520000000, "netBorrowings": -46000000, "otherCashflowsFromFinancingActivities": -312000000, "totalCashFromFinancingActivities": -1832000000, "changeInCash": 2948000000}, {"maxAge": 1, "endDate": "2018-12-31", "netIncome": 3806000000, "depreciation": 1008000000, "changeToNetincome": -818000000, "changeToAccountReceivables": 407000000, "changeToLiabilities": 125000000, "changeToInventory": -675000000, "changeToOperatingActivities": -133000000, "totalCashFromOperatingActivities": 3739000000, "capitalExpenditures": -592000000, "otherCashflowsFromInvestingActivities": 789000000, "totalCashflowsFromInvestingActivities": -731000000, "dividendsPaid": -1636000000, "netBorrowings": -46000000, "otherCashflowsFromFinancingActivities": -336000000, "totalCashFromFinancingActivities": -1972000000, "changeInCash": 1036000000}, {"maxAge": 1, "endDate": "2017-12-31", "netIncome": 3260000000, "depreciation": 1004000000, "changeToNetincome": -734000000, "changeToAccountReceivables": -504000000, "changeToLiabilities": 961000000, "changeToInventory": 775000000, "changeToOperatingActivities": -429000000, "totalCashFromOperatingActivities": 4351000000, "capitalExpenditures": -570000000, "otherCashflowsFromInvestingActivities": 678000000, "totalCashflowsFromInvestingActivities": -787000000, "dividendsPaid": -1567000000, "netBorrowings": -46000000, "otherCashflowsFromFinancingActivities": -317000000, "totalCashFromFinancingActivities": -1884000000, "changeInCash": 1680000000}], "maxAge": 86400}, "indexTrend": {"maxAge": 1, "symbol": "SP5", "peRatio": 19.7411, "pegRatio": 1.34172, "estimates": [{"period": "0q", "growth": 0.549}, {"period": "+1q", "growth": 0.431}, {"period": "0y", "growth": 0.305}, {"period": "+1y", "growth": 0.109}, {"period": "+5y", "growth": 0.120865}, {"period": "-5y"}]}, "defaultKeyStatistics": {"maxAge": 1, "priceHint": 2, "enterpriseValue": 160765181952, "forwardPE": 47.0193, "profitMargins": 0.1893, "floatShares": 9086041, "sharesOutstanding": 23030600, "heldPercentInsiders": 0.60545, "heldPercentInstitutions": 0.22850001, "beta": 0.447693, "category": null, "bookValue": 920.079, "priceToBook": 8.20723, "fundFamily": null, "legalType": null, "lastFiscalYearEnd": "2020-12-31 05:30:00", "nextFiscalYearEnd": "2022-12-31 05:30:00", "mostRecentQuarter": "2021-03-31 05:30:00", "earningsQuarterlyGrowth": 0.708, "netIncomeToCommon": 5381000192, "trailingEps": 233.647, "forwardEps": 175.4, "pegRatio": 6.02, "lastSplitFactor": null, "enterpriseToRevenue": 5.656, "enterpriseToEbitda": 22.442}, "industryTrend": {"maxAge": 1, "symbol": null, "estimates": []}, "quoteType": {"exchange": "NSI", "quoteType": "EQUITY", "symbol": "SANOFI.NS", "underlyingSymbol": "SANOFI.NS", "shortName": "SANOFI INDIA LTD", "longName": "Sanofi India Limited", "firstTradeDateEpochUtc": "2002-07-01 09:15:00", "timeZoneFullName": "Asia/Kolkata", "timeZoneShortName": "IST", "uuid": "c1408dc7-b5c8-3532-a03d-80c8d0d97948", "gmtOffSetMilliseconds": 19800000, "maxAge": 1}, "incomeStatementHistory": {"incomeStatementHistory": [{"maxAge": 1, "endDate": "2020-12-31", "totalRevenue": 29019000000, "costOfRevenue": 12790000000, "grossProfit": 16229000000, "researchDevelopment": {}, "sellingGeneralAdministrative": 5164000000, "nonRecurring": {}, "otherOperatingExpenses": 3905000000, "totalOperatingExpenses": 22681000000, "operatingIncome": 6338000000, "totalOtherIncomeExpenseNet": 434000000, "ebit": 6338000000, "interestExpense": -18000000, "incomeBeforeTax": 6772000000, "incomeTaxExpense": 1996000000, "minorityInterest": {}, "netIncomeFromContinuingOps": 4776000000, "discontinuedOperations": {}, "extraordinaryItems": {}, "effectOfAccountingCharges": {}, "otherItems": {}, "netIncome": 4776000000, "netIncomeApplicableToCommonShares": 4776000000}, {"maxAge": 1, "endDate": "2019-12-31", "totalRevenue": 30706000000, "costOfRevenue": 13787000000, "grossProfit": 16919000000, "researchDevelopment": {}, "sellingGeneralAdministrative": 5446000000, "nonRecurring": {}, "otherOperatingExpenses": 4798000000, "totalOperatingExpenses": 25030000000, "operatingIncome": 5676000000, "totalOtherIncomeExpenseNet": 323000000, "ebit": 5676000000, "interestExpense": -3000000, "incomeBeforeTax": 5999000000, "incomeTaxExpense": 1857000000, "minorityInterest": {}, "netIncomeFromContinuingOps": 4142000000, "discontinuedOperations": {}, "extraordinaryItems": {}, "effectOfAccountingCharges": {}, "otherItems": {}, "netIncome": 4142000000, "netIncomeApplicableToCommonShares": 4142000000}, {"maxAge": 1, "endDate": "2018-12-31", "totalRevenue": 27708000000, "costOfRevenue": 11722000000, "grossProfit": 15986000000, "researchDevelopment": {}, "sellingGeneralAdministrative": 4928000000, "nonRecurring": {}, "otherOperatingExpenses": 4804000000, "totalOperatingExpenses": 22481000000, "operatingIncome": 5227000000, "totalOtherIncomeExpenseNet": 871000000, "ebit": 5227000000, "interestExpense": -7000000, "incomeBeforeTax": 6098000000, "incomeTaxExpense": 2292000000, "minorityInterest": {}, "netIncomeFromContinuingOps": 3806000000, "discontinuedOperations": {}, "extraordinaryItems": {}, "effectOfAccountingCharges": {}, "otherItems": {}, "netIncome": 3806000000, "netIncomeApplicableToCommonShares": 3806000000}, {"maxAge": 1, "endDate": "2017-12-31", "totalRevenue": 24636000000, "costOfRevenue": 10029000000, "grossProfit": 14607000000, "researchDevelopment": {}, "sellingGeneralAdministrative": 4576000000, "nonRecurring": {}, "otherOperatingExpenses": 4657000000, "totalOperatingExpenses": 20283000000, "operatingIncome": 4353000000, "totalOtherIncomeExpenseNet": 793000000, "ebit": 4353000000, "interestExpense": -7000000, "incomeBeforeTax": 5146000000, "incomeTaxExpense": 1886000000, "minorityInterest": {}, "netIncomeFromContinuingOps": 3260000000, "discontinuedOperations": {}, "extraordinaryItems": {}, "effectOfAccountingCharges": {}, "otherItems": {}, "netIncome": 3260000000, "netIncomeApplicableToCommonShares": 3260000000}], "maxAge": 86400}, "fundOwnership": {"ownershipList": [{"maxAge": 1, "reportDate": "2021-02-28", "organization": "Aberdeen Standard SICAV I-Indian Equity Fd", "pctHeld": 0.0149, "position": 344068, "value": 2845339139}, {"maxAge": 1, "reportDate": "2020-12-31", "organization": "Matthews International Fds-Matthews Asian Growth & Income Fund", "pctHeld": 0.007900001, "position": 182288, "value": 1517903061}, {"maxAge": 1, "reportDate": "2021-02-28", "organization": "Aberdeen Standard SICAV I-Asian Smaller Companies Fd", "pctHeld": 0.0052, "position": 120763, "value": 998673781}, {"maxAge": 1, "reportDate": "2020-12-31", "organization": "India Fund, Inc., The", "pctHeld": 0.0046, "position": 106170, "value": 884072281}, {"maxAge": 1, "reportDate": "2021-01-31", "organization": "Vanguard International Stock Index-Emerging Markets Stk", "pctHeld": 0.0034999999, "position": 81545, "value": 637343488}, {"maxAge": 1, "reportDate": "2021-03-31", "organization": "iShares Core MSCI Emerging Markets ETF", "pctHeld": 0.0034, "position": 78347, "value": 617730838}, {"maxAge": 1, "reportDate": "2021-01-31", "organization": "Vanguard International Stock Index-Total Intl Stock Indx", "pctHeld": 0.0032, "position": 73717, "value": 576161014}, {"maxAge": 1, "reportDate": "2021-01-31", "organization": "DFA Emerging Markets Core Equity Portfolio", "pctHeld": 0.0018000001, "position": 42574, "value": 332751997}, {"maxAge": 1, "reportDate": "2021-01-31", "organization": "Aberdeen International Small Cap Fund", "pctHeld": 0.0017, "position": 38800, "value": 303254980}, {"maxAge": 1, "reportDate": "2021-01-31", "organization": "DFA Emerging Markets Small Cap Series", "pctHeld": 0.0016, "position": 35791, "value": 279737087}], "maxAge": 1}, "summaryDetail": {"maxAge": 1, "priceHint": 2, "previousClose": 7490.6, "open": 7491.0, "dayLow": 7464.0, "dayHigh": 7572.0, "regularMarketPreviousClose": 7490.6, "regularMarketOpen": 7491.0, "regularMarketDayLow": 7464.0, "regularMarketDayHigh": 7572.0, "dividendRate": 125.0, "dividendYield": 0.0167, "exDividendDate": "2021-04-19 05:30:00", "payoutRatio": 0.45369998, "fiveYearAvgDividendYield": 1.23, "beta": 0.447693, "trailingPE": 32.319267, "forwardPE": 43.051884, "volume": 17819, "regularMarketVolume": 17819, "averageVolume": 27200, "averageVolume10days": 46046, "averageDailyVolume10Day": 46046, "bid": 0.0, "ask": 0.0, "bidSize": 0, "askSize": 0, "marketCap": 174093713408, "fiftyTwoWeekLow": 6750.0, "fiftyTwoWeekHigh": 8989.0, "priceToSalesTrailing12Months": 6.1246686, "fiftyDayAverage": 8046.593, "twoHundredDayAverage": 8181.411, "trailingAnnualDividendRate": 125.0, "trailingAnnualDividendYield": 0.016687581, "currency": "INR", "fromCurrency": null, "lastMarket": null, "algorithm": null, "tradeable": false}, "insiderHolders": {"holders": [{"maxAge": 1, "name": "Aberdeen Asset Management Asia Ltd A/C Aberdeen Internationa", "relation": "Investment Advisor", "url": "", "transactionDescription": "Acquisition", "latestTransDate": "2012-03-12", "positionDirect": 2328199, "positionDirectDate": "2012-03-12"}, {"maxAge": 1, "name": "Life Insurance Corporation of India", "relation": "Institution- Corporation", "url": "", "transactionDescription": "Sale", "latestTransDate": "2012-12-26", "positionDirect": 705631, "positionDirectDate": "2012-12-26"}, {"maxAge": 1, "name": "Mallya Pvt Ltd", "relation": "Institution- Corporation", "url": "", "transactionDescription": "Sale", "latestTransDate": "2010-03-30", "positionDirect": 0, "positionDirectDate": "2010-03-30"}, {"maxAge": 1, "name": "Reliance Capital Trustee Company Ltd A/c Reliance Equity Opp", "relation": "UNREPORTED", "url": "", "transactionDescription": "Acquisition", "latestTransDate": "2009-09-10", "positionDirect": 1203224, "positionDirectDate": "2009-09-10"}, {"maxAge": 1, "name": "UTI Master Share Unit Scheme", "relation": "Investment Advisor", "url": "", "transactionDescription": "Sale", "latestTransDate": "2009-12-11", "positionDirectDate": "2009-12-11"}], "maxAge": 1}, "calendarEvents": {"maxAge": 1, "earnings": {"earningsDate": [], "revenueLow": 6020000000, "revenueHigh": 6020000000}, "exDividendDate": "2021-04-19 05:30:00"}, "upgradeDowngradeHistory": {"history": [], "maxAge": 86400}, "price": {"maxAge": 1, "regularMarketChangePercent": 0.008103451, "regularMarketChange": 60.699707, "regularMarketTime": "2021-04-30 15:30:00", "priceHint": 2, "regularMarketPrice": 7551.3, "regularMarketDayHigh": 7572.0, "regularMarketDayLow": 7464.0, "regularMarketVolume": 17819, "averageDailyVolume10Day": 46046, "averageDailyVolume3Month": 27200, "regularMarketPreviousClose": 7490.6, "regularMarketSource": "FREE_REALTIME", "regularMarketOpen": 7491.0, "exchange": "NSI", "exchangeName": "NSE", "exchangeDataDelayedBy": 15, "marketState": "CLOSED", "quoteType": "EQUITY", "symbol": "SANOFI.NS", "underlyingSymbol": null, "shortName": "SANOFI INDIA LTD", "longName": "Sanofi India Limited", "currency": "INR", "quoteSourceName": "Delayed Quote", "currencySymbol": "\u20b9", "fromCurrency": null, "lastMarket": null, "marketCap": 174093713408}, "balanceSheetHistory": {"balanceSheetStatements": [{"maxAge": 1, "endDate": "2020-12-31", "cash": 11974000000, "netReceivables": 1925000000, "inventory": 3680000000, "otherCurrentAssets": 696000000, "totalCurrentAssets": 18333000000, "propertyPlantEquipment": 3629000000, "goodWill": 731000000, "intangibleAssets": 381000000, "otherAssets": 6111000000, "totalAssets": 29185000000, "accountsPayable": 3183000000, "otherCurrentLiab": 2223000000, "otherLiab": 948000000, "totalCurrentLiabilities": 6868000000, "totalLiab": 7995000000, "commonStock": 230000000, "retainedEarnings": 20400000000, "treasuryStock": 540000000, "capitalSurplus": 20000000, "otherStockholderEquity": 540000000, "totalStockholderEquity": 21190000000, "netTangibleAssets": 20078000000}, {"maxAge": 1, "endDate": "2019-12-31", "cash": 11199000000, "netReceivables": 2604000000, "inventory": 4696000000, "otherCurrentAssets": 2728000000, "totalCurrentAssets": 21293000000, "propertyPlantEquipment": 3654000000, "goodWill": 731000000, "intangibleAssets": 776000000, "otherAssets": 5990000000, "totalAssets": 32444000000, "accountsPayable": 3689000000, "otherCurrentLiab": 1948000000, "otherLiab": 987000000, "totalCurrentLiabilities": 7034000000, "totalLiab": 8021000000, "commonStock": 230000000, "retainedEarnings": 23750000000, "treasuryStock": 423000000, "capitalSurplus": 20000000, "otherStockholderEquity": 423000000, "totalStockholderEquity": 24423000000, "netTangibleAssets": 22916000000}, {"maxAge": 1, "endDate": "2018-12-31", "cash": 8251000000, "netReceivables": 1901000000, "inventory": 4916000000, "otherCurrentAssets": 806000000, "totalCurrentAssets": 15922000000, "longTermInvestments": 2000000, "propertyPlantEquipment": 5643000000, "goodWill": 731000000, "intangibleAssets": 1165000000, "otherAssets": 6376000000, "totalAssets": 29839000000, "accountsPayable": 3438000000, "otherCurrentLiab": 1732000000, "otherLiab": 1412000000, "totalCurrentLiabilities": 6235000000, "totalLiab": 7647000000, "commonStock": 230000000, "retainedEarnings": 21605000000, "treasuryStock": 337000000, "capitalSurplus": 20000000, "otherStockholderEquity": 337000000, "totalStockholderEquity": 22192000000, "netTangibleAssets": 20296000000}, {"maxAge": 1, "endDate": "2017-12-31", "cash": 7215000000, "netReceivables": 2186000000, "inventory": 4272000000, "otherCurrentAssets": 721000000, "totalCurrentAssets": 14438000000, "longTermInvestments": 2000000, "propertyPlantEquipment": 5705000000, "goodWill": 731000000, "intangibleAssets": 1555000000, "otherAssets": 5346000000, "totalAssets": 27777000000, "accountsPayable": 3269000000, "otherCurrentLiab": 1573000000, "otherLiab": 1496000000, "totalCurrentLiabilities": 6017000000, "totalLiab": 7513000000, "commonStock": 230000000, "retainedEarnings": 19758000000, "treasuryStock": 256000000, "capitalSurplus": 20000000, "otherStockholderEquity": 256000000, "totalStockholderEquity": 20264000000, "netTangibleAssets": 17978000000}], "maxAge": 86400}, "earningsTrend": {"trend": [{"maxAge": 1, "period": "0q", "endDate": "2017-03-31", "growth": {}, "earningsEstimate": {"avg": 0.0, "low": 0.0, "high": 0.0, "yearAgoEps": 35.04, "numberOfAnalysts": 0, "growth": {}}, "revenueEstimate": {"avg": 0, "low": 6020000000, "high": 6020000000, "numberOfAnalysts": 1, "yearAgoRevenue": {}, "growth": {}}, "epsTrend": {"current": 0.0, "7daysAgo": 0.0, "30daysAgo": 0.0, "60daysAgo": 0.0, "90daysAgo": 0.0}, "epsRevisions": {"upLast7days": 0, "upLast30days": 0, "downLast30days": 0, "downLast90days": {}}}, {"maxAge": 1, "period": "+1q", "endDate": "2017-06-30", "growth": {}, "earningsEstimate": {"avg": 0.0, "low": 0.0, "high": 0.0, "yearAgoEps": 37.09, "numberOfAnalysts": 0, "growth": {}}, "revenueEstimate": {"avg": 5558000000, "low": 5031000000, "high": 7001000000, "numberOfAnalysts": 4, "yearAgoRevenue": 5653000000, "growth": -0.017}, "epsTrend": {"current": 0.0, "7daysAgo": 0.0, "30daysAgo": 0.0, "60daysAgo": 0.0, "90daysAgo": 0.0}, "epsRevisions": {"upLast7days": 0, "upLast30days": 0, "downLast30days": 0, "downLast90days": {}}}, {"maxAge": 1, "period": "0y", "endDate": "2017-12-31", "growth": {}, "earningsEstimate": {"avg": 133.6, "low": 133.6, "high": 133.6, "yearAgoEps": {}, "numberOfAnalysts": 1, "growth": {}}, "revenueEstimate": {"avg": 25879000000, "low": 25879000000, "high": 25879000000, "numberOfAnalysts": 1, "yearAgoRevenue": {}, "growth": {}}, "epsTrend": {"current": 133.6, "7daysAgo": 133.6, "30daysAgo": 133.6, "60daysAgo": 133.6, "90daysAgo": 133.6}, "epsRevisions": {"upLast7days": 0, "upLast30days": 0, "downLast30days": 0, "downLast90days": {}}}, {"maxAge": 1, "period": "+1y", "endDate": "2018-12-31", "growth": 0.202, "earningsEstimate": {"avg": 160.6, "low": 160.6, "high": 160.6, "yearAgoEps": 133.6, "numberOfAnalysts": 1, "growth": 0.202}, "revenueEstimate": {"avg": 29221000000, "low": 29221000000, "high": 29221000000, "numberOfAnalysts": 1, "yearAgoRevenue": 25879000000, "growth": 0.129}, "epsTrend": {"current": 160.6, "7daysAgo": 160.6, "30daysAgo": 160.6, "60daysAgo": 160.6, "90daysAgo": 160.6}, "epsRevisions": {"upLast7days": 0, "upLast30days": 0, "downLast30days": 0, "downLast90days": {}}}, {"maxAge": 1, "period": "+5y", "endDate": null, "growth": 0.062, "earningsEstimate": {"avg": {}, "low": {}, "high": {}, "yearAgoEps": {}, "numberOfAnalysts": {}, "growth": {}}, "revenueEstimate": {"avg": {}, "low": {}, "high": {}, "numberOfAnalysts": {}, "yearAgoRevenue": {}, "growth": {}}, "epsTrend": {"current": {}, "7daysAgo": {}, "30daysAgo": {}, "60daysAgo": {}, "90daysAgo": {}}, "epsRevisions": {"upLast7days": {}, "upLast30days": {}, "downLast30days": {}, "downLast90days": {}}}, {"maxAge": 1, "period": "-5y", "endDate": null, "growth": 0.08603, "earningsEstimate": {"avg": {}, "low": {}, "high": {}, "yearAgoEps": {}, "numberOfAnalysts": {}, "growth": {}}, "revenueEstimate": {"avg": {}, "low": {}, "high": {}, "numberOfAnalysts": {}, "yearAgoRevenue": {}, "growth": {}}, "epsTrend": {"current": {}, "7daysAgo": {}, "30daysAgo": {}, "60daysAgo": {}, "90daysAgo": {}}, "epsRevisions": {"upLast7days": {}, "upLast30days": {}, "downLast30days": {}, "downLast90days": {}}}], "maxAge": 1}, "institutionOwnership": {"ownershipList": [], "maxAge": 1}, "majorHoldersBreakdown": {"maxAge": 1, "insidersPercentHeld": 0.60545, "institutionsPercentHeld": 0.22850001, "institutionsFloatPercentHeld": 0.57915, "institutionsCount": 61}, "balanceSheetHistoryQuarterly": {"balanceSheetStatements": [{"maxAge": 1, "endDate": "2021-03-31", "totalStockholderEquity": 21190000000, "netTangibleAssets": 20078000000}, {"maxAge": 1, "endDate": "2020-12-31", "cash": 11974000000, "netReceivables": 1925000000, "inventory": 3680000000, "otherCurrentAssets": 696000000, "totalCurrentAssets": 18333000000, "propertyPlantEquipment": 3629000000, "goodWill": 731000000, "intangibleAssets": 381000000, "otherAssets": 6111000000, "totalAssets": 29185000000, "accountsPayable": 3183000000, "otherCurrentLiab": 2223000000, "otherLiab": 948000000, "totalCurrentLiabilities": 6868000000, "totalLiab": 7995000000, "commonStock": 230000000, "retainedEarnings": 20400000000, "treasuryStock": 540000000, "capitalSurplus": 20000000, "otherStockholderEquity": 540000000, "totalStockholderEquity": 21190000000, "netTangibleAssets": 20078000000}, {"maxAge": 1, "endDate": "2020-09-30", "totalStockholderEquity": 26653000000, "netTangibleAssets": 25348000000}, {"maxAge": 1, "endDate": "2020-06-30", "cash": 16789000000, "netReceivables": 1465000000, "inventory": 3422000000, "otherCurrentAssets": 1734000000, "totalCurrentAssets": 23410000000, "longTermInvestments": 30000000, "propertyPlantEquipment": 3741000000, "goodWill": 731000000, "intangibleAssets": 574000000, "otherAssets": 6362000000, "totalAssets": 34848000000, "accountsPayable": 3471000000, "otherCurrentLiab": 2796000000, "otherLiab": 864000000, "totalCurrentLiabilities": 7130000000, "totalLiab": 8195000000, "commonStock": 230000000, "treasuryStock": 26423000000, "otherStockholderEquity": 26423000000, "totalStockholderEquity": 26653000000, "netTangibleAssets": 25348000000}], "maxAge": 86400}, "earningsHistory": {"history": [{"maxAge": 1, "epsActual": 35.04, "epsEstimate": 30.42, "epsDifference": 4.62, "surprisePercent": 0.152, "quarter": "2016-03-31", "period": "-4q"}, {"maxAge": 1, "epsActual": 37.09, "epsEstimate": 38.03, "epsDifference": -0.94, "surprisePercent": -0.025, "quarter": "2016-06-30", "period": "-3q"}, {"maxAge": 1, "epsActual": 35.04, "epsEstimate": 41.68, "epsDifference": -6.64, "surprisePercent": -0.159, "quarter": "2016-09-30", "period": "-2q"}, {"maxAge": 1, "epsActual": 21.96, "epsEstimate": 31.28, "epsDifference": -9.32, "surprisePercent": -0.29799998, "quarter": "2016-12-31", "period": "-1q"}], "maxAge": 86400}, "summaryProfile": {"address1": "Sanofi House", "address2": "CTS No. 117-B, L&T Business Park Saki Vihar Road Powai", "city": "Mumbai", "zip": "400072", "country": "India", "phone": "91 22 2803 2000", "fax": "91 22 2803 2939", "website": "http://www.sanofiindialtd.com", "industry": "Drug Manufacturers\u2014General", "sector": "Healthcare", "longBusinessSummary": "Sanofi India Limited manufactures and trades in drugs and pharmaceutical products in India. It provides pharmaceutical products in various therapeutic areas, such as diabetes, cardiology, thrombosis, central nervous system, anti-infective, allergy and vitamins, and minerals and supplements. The company exports its products to approximately 50 countries, including Germany, the Czech Republic, Australia, the United Kingdom, and Russia. It sells its products under the Lantus, Toujeo, Amaryl, Clexane, Cardace, Targocid, Valparin, Allegra, Avil, Combiflam, and DePura by Sanofi brands through independent distributors. The company was formerly known as Aventis Pharma Limited and changed its name to Sanofi India Limited in May 2012. The company was incorporated in 1956 and is headquartered in Mumbai, India. Sanofi India Limited is a subsidiary of Hoechst GmbH.", "fullTimeEmployees": 2912, "companyOfficers": [], "maxAge": 86400}, "netSharePurchaseActivity": {"maxAge": 1, "period": "6m", "buyInfoCount": 0, "buyInfoShares": 0, "sellInfoCount": 0, "netInfoCount": 0, "netInfoShares": 0, "netPercentInsiderShares": 0.0, "totalInsiderShares": 13943890}, "insiderTransactions": {"transactions": [{"maxAge": 1, "shares": 464222, "filerUrl": "", "transactionText": "", "filerName": "Life Insurance Corporation of India", "filerRelation": "Institution- Corporation", "moneyText": "", "startDate": "2012-12-26", "ownership": "D"}, {"maxAge": 1, "shares": 487773, "filerUrl": "", "transactionText": "", "filerName": "Aberdeen Asset Management Asia Ltd A/C Aberdeen Internationa", "filerRelation": "Investment Advisor", "moneyText": "", "startDate": "2012-03-12", "ownership": "D"}, {"maxAge": 1, "shares": 50000, "filerUrl": "", "transactionText": "", "filerName": "Aberdeen Asset Management Asia Ltd A/C Aberdeen Internationa", "filerRelation": "Investment Advisor", "moneyText": "", "startDate": "2010-06-08", "ownership": "D"}, {"maxAge": 1, "shares": 460, "filerUrl": "", "transactionText": "", "filerName": "Mallya Pvt Ltd", "filerRelation": "Institution- Corporation", "moneyText": "", "startDate": "2010-03-30", "ownership": "D"}, {"maxAge": 1, "shares": 50000, "filerUrl": "", "transactionText": "", "filerName": "UTI Master Share Unit Scheme", "filerRelation": "Investment Advisor", "moneyText": "", "startDate": "2009-12-11", "ownership": "D"}, {"maxAge": 1, "shares": 54765, "filerUrl": "", "transactionText": "", "filerName": "Reliance Capital Trustee Company Ltd A/c Reliance Equity Opp", "filerRelation": "UNREPORTED", "moneyText": "", "startDate": "2009-09-10", "ownership": "D"}], "maxAge": 1}, "sectorTrend": {"maxAge": 1, "symbol": null, "estimates": []}, "incomeStatementHistoryQuarterly": {"incomeStatementHistory": [{"maxAge": 1, "endDate": "2021-03-31", "totalRevenue": 7251000000, "costOfRevenue": 3243000000, "grossProfit": 4008000000, "researchDevelopment": {}, "sellingGeneralAdministrative": 1063000000, "nonRecurring": {}, "otherOperatingExpenses": 1051000000, "totalOperatingExpenses": 5561000000, "operatingIncome": 1690000000, "totalOtherIncomeExpenseNet": 259000000, "ebit": 1690000000, "interestExpense": -4000000, "incomeBeforeTax": 1949000000, "incomeTaxExpense": 490000000, "minorityInterest": {}, "netIncomeFromContinuingOps": 1459000000, "discontinuedOperations": {}, "extraordinaryItems": {}, "effectOfAccountingCharges": {}, "otherItems": {}, "netIncome": 1459000000, "netIncomeApplicableToCommonShares": 1459000000}, {"maxAge": 1, "endDate": "2020-12-31", "totalRevenue": 7203000000, "costOfRevenue": 3414000000, "grossProfit": 3789000000, "researchDevelopment": {}, "sellingGeneralAdministrative": 1628000000, "nonRecurring": {}, "otherOperatingExpenses": 462000000, "totalOperatingExpenses": 5708000000, "operatingIncome": 1495000000, "totalOtherIncomeExpenseNet": 207000000, "ebit": 1495000000, "interestExpense": -4000000, "incomeBeforeTax": 1702000000, "incomeTaxExpense": 472000000, "minorityInterest": {}, "netIncomeFromContinuingOps": 1230000000, "discontinuedOperations": {}, "extraordinaryItems": {}, "effectOfAccountingCharges": {}, "otherItems": {}, "netIncome": 1230000000, "netIncomeApplicableToCommonShares": 1230000000}, {"maxAge": 1, "endDate": "2020-09-30", "totalRevenue": 6866000000, "costOfRevenue": 2809000000, "grossProfit": 4057000000, "researchDevelopment": {}, "sellingGeneralAdministrative": 1096000000, "nonRecurring": {}, "otherOperatingExpenses": 1039000000, "totalOperatingExpenses": 5150000000, "operatingIncome": 1716000000, "totalOtherIncomeExpenseNet": 143000000, "ebit": 1716000000, "interestExpense": -4000000, "incomeBeforeTax": 1859000000, "incomeTaxExpense": 530000000, "minorityInterest": {}, "netIncomeFromContinuingOps": 1329000000, "discontinuedOperations": {}, "extraordinaryItems": {}, "effectOfAccountingCharges": {}, "otherItems": {}, "netIncome": 1329000000, "netIncomeApplicableToCommonShares": 1329000000}, {"maxAge": 1, "endDate": "2020-06-30", "totalRevenue": 7397000000, "costOfRevenue": 3165000000, "grossProfit": 4232000000, "researchDevelopment": {}, "sellingGeneralAdministrative": 1237000000, "nonRecurring": {}, "otherOperatingExpenses": 931000000, "totalOperatingExpenses": 5538000000, "operatingIncome": 1859000000, "totalOtherIncomeExpenseNet": 6000000, "ebit": 1859000000, "interestExpense": -5000000, "incomeBeforeTax": 1865000000, "incomeTaxExpense": 502000000, "minorityInterest": {}, "netIncomeFromContinuingOps": 1363000000, "discontinuedOperations": {}, "extraordinaryItems": {}, "effectOfAccountingCharges": {}, "otherItems": {}, "netIncome": 1363000000, "netIncomeApplicableToCommonShares": 1363000000}], "maxAge": 86400}, "cashflowStatementHistoryQuarterly": {"cashflowStatements": [{"maxAge": 1, "endDate": "2021-03-31", "netIncome": 1459000000, "changeToLiabilities": 0}, {"maxAge": 1, "endDate": "2020-12-31", "netIncome": 1230000000, "changeToLiabilities": 0}, {"maxAge": 1, "endDate": "2020-09-30", "netIncome": 1329000000, "changeToLiabilities": 0}, {"maxAge": 1, "endDate": "2020-06-30", "netIncome": 1363000000, "changeToLiabilities": 0}], "maxAge": 86400}, "earnings": {"maxAge": 86400, "earningsChart": {"quarterly": [{"date": "1Q2016", "actual": 35.04, "estimate": 30.42}, {"date": "2Q2016", "actual": 37.09, "estimate": 38.03}, {"date": "3Q2016", "actual": 35.04, "estimate": 41.68}, {"date": "4Q2016", "actual": 21.96, "estimate": 31.28}], "currentQuarterEstimateDate": "1Q", "currentQuarterEstimateYear": 2017, "earningsDate": []}, "financialsChart": {"yearly": [{"date": 2017, "revenue": 24636000000, "earnings": 3260000000}, {"date": 2018, "revenue": 27708000000, "earnings": 3806000000}, {"date": 2019, "revenue": 30706000000, "earnings": 4142000000}, {"date": 2020, "revenue": 29019000000, "earnings": 4776000000}], "quarterly": [{"date": "2Q2020", "revenue": 7397000000, "earnings": 1363000000}, {"date": "3Q2020", "revenue": 6866000000, "earnings": 1329000000}, {"date": "4Q2020", "revenue": 7203000000, "earnings": 1230000000}, {"date": "1Q2021", "revenue": 7251000000, "earnings": 1459000000}]}, "financialCurrency": "INR"}, "financialData": {"maxAge": 86400, "currentPrice": 7551.3, "targetHighPrice": 5600.0, "targetLowPrice": 4900.0, "targetMeanPrice": 5061.71, "targetMedianPrice": 5000.0, "recommendationMean": 1.9, "recommendationKey": "buy", "numberOfAnalystOpinions": 7, "totalCash": 11973999616, "totalCashPerShare": 519.916, "ebitda": 7163500032, "totalDebt": 226000000, "totalRevenue": 28425000960, "debtToEquity": 1.067, "revenuePerShare": 1234.233, "grossProfits": 16229000000, "earningsGrowth": 0.708, "revenueGrowth": -0.109, "grossMargins": 0.55564, "ebitdaMargins": 0.25201, "operatingMargins": 0.22754999, "profitMargins": 0.1893, "financialCurrency": "INR"}}}