{"SANPA.BO": {"cashflowStatementHistory": {"cashflowStatements": [{"maxAge": 1, "endDate": "2020-03-31", "netIncome": 18027000, "depreciation": 12932000, "changeToNetincome": 14937000, "changeToAccountReceivables": -4230000, "changeToLiabilities": -36583000, "changeToInventory": 22474000, "changeToOperatingActivities": -2211000, "totalCashFromOperatingActivities": 25346000, "capitalExpenditures": -25877000, "otherCashflowsFromInvestingActivities": 140000, "totalCashflowsFromInvestingActivities": -24337000, "netBorrowings": 17277000, "otherCashflowsFromFinancingActivities": -18416000, "totalCashFromFinancingActivities": -1139000, "changeInCash": -130000}, {"maxAge": 1, "endDate": "2019-03-31", "netIncome": 61364000, "depreciation": 11780000, "changeToNetincome": 18818000, "changeToAccountReceivables": -4942000, "changeToLiabilities": 16114000, "changeToInventory": -16781000, "changeToOperatingActivities": -3315000, "totalCashFromOperatingActivities": 83038000, "capitalExpenditures": -50973000, "otherCashflowsFromInvestingActivities": 306000, "totalCashflowsFromInvestingActivities": -47992000, "netBorrowings": -17773000, "otherCashflowsFromFinancingActivities": -16976000, "totalCashFromFinancingActivities": -34749000, "changeInCash": 297000}, {"maxAge": 1, "endDate": "2018-03-31", "netIncome": 26017000, "depreciation": 10075000, "changeToNetincome": 16759000, "changeToAccountReceivables": -35972000, "changeToLiabilities": 37026000, "changeToInventory": -42170000, "changeToOperatingActivities": 11341000, "totalCashFromOperatingActivities": 23076000, "capitalExpenditures": -50973000, "otherCashflowsFromInvestingActivities": 693000, "totalCashflowsFromInvestingActivities": 693000, "netBorrowings": 15100000, "otherCashflowsFromFinancingActivities": -16013000, "totalCashFromFinancingActivities": -913000, "changeInCash": 22856000}, {"maxAge": 1, "endDate": "2017-03-31", "netIncome": 17091000, "depreciation": 9328000, "changeToNetincome": 22536000, "changeToAccountReceivables": 19307000, "changeToLiabilities": -33600000, "changeToInventory": 37806000, "changeToOperatingActivities": 17948000, "totalCashFromOperatingActivities": 90416000, "capitalExpenditures": -25377000, "otherCashflowsFromInvestingActivities": 19000, "totalCashflowsFromInvestingActivities": -24315000, "netBorrowings": -40418000, "otherCashflowsFromFinancingActivities": -20792000, "totalCashFromFinancingActivities": -61210000, "changeInCash": 4891000}], "maxAge": 86400}, "institutionOwnership": {"ownershipList": [], "maxAge": 1}, "balanceSheetHistoryQuarterly": {"balanceSheetStatements": [{"maxAge": 1, "endDate": "2020-06-30", "totalStockholderEquity": 331733000, "netTangibleAssets": 331733000}, {"maxAge": 1, "endDate": "2020-03-31", "cash": 2623000, "netReceivables": 232736000, "inventory": 134806000, "otherCurrentAssets": 10997000, "totalCurrentAssets": 381162000, "propertyPlantEquipment": 296459000, "otherAssets": 7846000, "totalAssets": 685467000, "accountsPayable": 88754000, "shortLongTermDebt": 15973000, "otherCurrentLiab": 6019000, "longTermDebt": 62510000, "otherLiab": 39974000, "totalCurrentLiabilities": 251250000, "totalLiab": 353734000, "commonStock": 13073000, "retainedEarnings": 313804000, "treasuryStock": 4856000, "otherStockholderEquity": 4856000, "totalStockholderEquity": 331733000, "netTangibleAssets": 331733000}, {"maxAge": 1, "endDate": "2019-12-31", "totalStockholderEquity": 314282000, "netTangibleAssets": 314282000}, {"maxAge": 1, "endDate": "2019-09-30", "cash": 370000, "shortTermInvestments": 5009000, "netReceivables": 234297000, "inventory": 180681000, "otherCurrentAssets": 7425000, "totalCurrentAssets": 427782000, "propertyPlantEquipment": 289210000, "otherAssets": 8944000, "totalAssets": 725936000, "accountsPayable": 119454000, "otherCurrentLiab": 38215000, "longTermDebt": 58935000, "otherLiab": 42140000, "totalCurrentLiabilities": 310579000, "totalLiab": 411654000, "commonStock": 13073000, "treasuryStock": 301209000, "otherStockholderEquity": 301209000, "totalStockholderEquity": 314282000, "netTangibleAssets": 314282000}], "maxAge": 86400}, "indexTrend": {"maxAge": 1, "symbol": "SP5", "peRatio": 19.7411, "pegRatio": 1.34172, "estimates": [{"period": "0q", "growth": 0.549}, {"period": "+1q", "growth": 0.431}, {"period": "0y", "growth": 0.305}, {"period": "+1y", "growth": 0.109}, {"period": "+5y", "growth": 0.120859005}, {"period": "-5y"}]}, "quoteType": {"exchange": "BSE", "quoteType": "EQUITY", "symbol": "SANPA.BO", "underlyingSymbol": "SANPA.BO", "shortName": "SANGAL PAPERS LTD.", "longName": "Sangal Papers Limited", "firstTradeDateEpochUtc": "2007-10-22 09:15:00", "timeZoneFullName": "Asia/Kolkata", "timeZoneShortName": "IST", "uuid": "0c80cead-32b2-3873-90d3-99851a5804e2", "gmtOffSetMilliseconds": 19800000, "maxAge": 1}, "incomeStatementHistory": {"incomeStatementHistory": [{"maxAge": 1, "endDate": "2020-03-31", "totalRevenue": 1259473000, "costOfRevenue": 1066921000, "grossProfit": 192552000, "researchDevelopment": {}, "sellingGeneralAdministrative": 80945000, "nonRecurring": {}, "otherOperatingExpenses": 63394000, "totalOperatingExpenses": 1224192000, "operatingIncome": 35281000, "totalOtherIncomeExpenseNet": -16242000, "ebit": 35281000, "interestExpense": -19673000, "incomeBeforeTax": 19039000, "incomeTaxExpense": 1012000, "minorityInterest": {}, "netIncomeFromContinuingOps": 18027000, "discontinuedOperations": {}, "extraordinaryItems": {}, "effectOfAccountingCharges": {}, "otherItems": {}, "netIncome": 18027000, "netIncomeApplicableToCommonShares": 18027000}, {"maxAge": 1, "endDate": "2019-03-31", "totalRevenue": 1487707000, "costOfRevenue": 1236371000, "grossProfit": 251336000, "researchDevelopment": {}, "sellingGeneralAdministrative": 77023000, "nonRecurring": {}, "otherOperatingExpenses": 73864000, "totalOperatingExpenses": 1399038000, "operatingIncome": 88669000, "totalOtherIncomeExpenseNet": -15409000, "ebit": 88669000, "interestExpense": -16722000, "incomeBeforeTax": 73260000, "incomeTaxExpense": 11896000, "minorityInterest": {}, "netIncomeFromContinuingOps": 61364000, "discontinuedOperations": {}, "extraordinaryItems": {}, "effectOfAccountingCharges": {}, "otherItems": {}, "netIncome": 61364000, "netIncomeApplicableToCommonShares": 61364000}, {"maxAge": 1, "endDate": "2018-03-31", "totalRevenue": 1201382000, "costOfRevenue": 1018413000, "grossProfit": 182969000, "researchDevelopment": {}, "sellingGeneralAdministrative": 63984000, "nonRecurring": {}, "otherOperatingExpenses": 57652000, "totalOperatingExpenses": 1150124000, "operatingIncome": 51258000, "totalOtherIncomeExpenseNet": -14932000, "ebit": 51258000, "interestExpense": -15436000, "incomeBeforeTax": 36326000, "incomeTaxExpense": 10309000, "minorityInterest": {}, "netIncomeFromContinuingOps": 26017000, "discontinuedOperations": {}, "extraordinaryItems": {}, "effectOfAccountingCharges": {}, "otherItems": {}, "netIncome": 26017000, "netIncomeApplicableToCommonShares": 26017000}, {"maxAge": 1, "endDate": "2017-03-31", "totalRevenue": 1043582000, "costOfRevenue": 904699000, "grossProfit": 138883000, "researchDevelopment": {}, "sellingGeneralAdministrative": 41716000, "nonRecurring": {}, "otherOperatingExpenses": 40137000, "totalOperatingExpenses": 995880000, "operatingIncome": 47702000, "totalOtherIncomeExpenseNet": -21505000, "ebit": 47702000, "interestExpense": -20335000, "incomeBeforeTax": 26197000, "incomeTaxExpense": 9106000, "minorityInterest": {}, "netIncomeFromContinuingOps": 17091000, "discontinuedOperations": {}, "extraordinaryItems": {}, "effectOfAccountingCharges": {}, "otherItems": {}, "netIncome": 17091000, "netIncomeApplicableToCommonShares": 17091000}], "maxAge": 86400}, "fundOwnership": {"ownershipList": [], "maxAge": 1}, "summaryDetail": {"maxAge": 1, "priceHint": 2, "previousClose": 65.2, "open": 61.95, "dayLow": 61.95, "dayHigh": 65.5, "regularMarketPreviousClose": 65.2, "regularMarketOpen": 61.95, "regularMarketDayLow": 61.95, "regularMarketDayHigh": 65.5, "trailingPE": 52.568214, "volume": 172, "regularMarketVolume": 172, "averageVolume": 381, "averageVolume10days": 291, "averageDailyVolume10Day": 291, "bid": 65.6, "ask": 0.0, "bidSize": 0, "askSize": 0, "marketCap": 85625528, "fiftyTwoWeekLow": 45.1, "fiftyTwoWeekHigh": 93.0, "fiftyDayAverage": 79.86818, "twoHundredDayAverage": 80.765076, "currency": "INR", "fromCurrency": null, "lastMarket": null, "algorithm": null, "tradeable": false}, "incomeStatementHistoryQuarterly": {"incomeStatementHistory": [{"maxAge": 1, "endDate": "2020-06-30", "totalRevenue": 165534000, "costOfRevenue": 133576000, "grossProfit": 31958000, "researchDevelopment": {}, "sellingGeneralAdministrative": 15657000, "nonRecurring": {}, "otherOperatingExpenses": 21861000, "totalOperatingExpenses": 174445000, "operatingIncome": -8911000, "totalOtherIncomeExpenseNet": -3479000, "ebit": -8911000, "interestExpense": -4164000, "incomeBeforeTax": -12390000, "incomeTaxExpense": 0, "minorityInterest": {}, "netIncomeFromContinuingOps": -12390000, "discontinuedOperations": {}, "extraordinaryItems": {}, "effectOfAccountingCharges": {}, "otherItems": {}, "netIncome": -12390000, "netIncomeApplicableToCommonShares": -12390000}, {"maxAge": 1, "endDate": "2020-03-31", "totalRevenue": 274838000, "costOfRevenue": 234802000, "grossProfit": 40036000, "researchDevelopment": {}, "sellingGeneralAdministrative": 21564000, "nonRecurring": {}, "otherOperatingExpenses": 10823000, "totalOperatingExpenses": 270375000, "operatingIncome": 4463000, "totalOtherIncomeExpenseNet": -1270000, "ebit": 4463000, "interestExpense": -4701000, "incomeBeforeTax": 3193000, "incomeTaxExpense": -1450000, "minorityInterest": {}, "netIncomeFromContinuingOps": 4643000, "discontinuedOperations": {}, "extraordinaryItems": {}, "effectOfAccountingCharges": {}, "otherItems": {}, "netIncome": 4643000, "netIncomeApplicableToCommonShares": 4643000}, {"maxAge": 1, "endDate": "2019-12-31", "totalRevenue": 321297000, "costOfRevenue": 260847000, "grossProfit": 60450000, "researchDevelopment": {}, "sellingGeneralAdministrative": 20074000, "nonRecurring": {}, "otherOperatingExpenses": 17492000, "totalOperatingExpenses": 301989000, "operatingIncome": 19308000, "totalOtherIncomeExpenseNet": -5272000, "ebit": 19308000, "interestExpense": -5272000, "incomeBeforeTax": 14036000, "incomeTaxExpense": 976000, "minorityInterest": {}, "netIncomeFromContinuingOps": 13060000, "discontinuedOperations": {}, "extraordinaryItems": {}, "effectOfAccountingCharges": {}, "otherItems": {}, "netIncome": 13060000, "netIncomeApplicableToCommonShares": 13060000}, {"maxAge": 1, "endDate": "2019-09-30", "totalRevenue": 295274000, "costOfRevenue": 255479000, "grossProfit": 39795000, "researchDevelopment": {}, "sellingGeneralAdministrative": 20094000, "nonRecurring": {}, "otherOperatingExpenses": 14355000, "totalOperatingExpenses": 292728000, "operatingIncome": 2546000, "totalOtherIncomeExpenseNet": -5119000, "ebit": 2546000, "interestExpense": -5119000, "incomeBeforeTax": -2573000, "incomeTaxExpense": 1109000, "minorityInterest": {}, "netIncomeFromContinuingOps": -3682000, "discontinuedOperations": {}, "extraordinaryItems": {}, "effectOfAccountingCharges": {}, "otherItems": {}, "netIncome": -3682000, "netIncomeApplicableToCommonShares": -3682000}], "maxAge": 86400}, "cashflowStatementHistoryQuarterly": {"cashflowStatements": [{"maxAge": 1, "endDate": "2020-06-30", "netIncome": -12390000, "changeToLiabilities": 0}, {"maxAge": 1, "endDate": "2020-03-31", "netIncome": 4643000, "changeToLiabilities": 0}, {"maxAge": 1, "endDate": "2019-12-31", "netIncome": 13060000, "changeToLiabilities": 0}, {"maxAge": 1, "endDate": "2019-09-30", "netIncome": -3682000, "changeToLiabilities": 0}], "maxAge": 86400}, "insiderHolders": {"holders": [], "maxAge": 1}, "calendarEvents": {"maxAge": 1, "earnings": {"earningsDate": []}}, "upgradeDowngradeHistory": {"history": [], "maxAge": 86400}, "price": {"maxAge": 1, "regularMarketChangePercent": 0.004601274, "regularMarketChange": 0.30000305, "regularMarketTime": "2021-04-30 15:12:53", "priceHint": 2, "regularMarketPrice": 65.5, "regularMarketDayHigh": 65.5, "regularMarketDayLow": 61.95, "regularMarketVolume": 172, "averageDailyVolume10Day": 291, "averageDailyVolume3Month": 381, "regularMarketPreviousClose": 65.2, "regularMarketSource": "FREE_REALTIME", "regularMarketOpen": 61.95, "exchange": "BSE", "exchangeName": "BSE", "exchangeDataDelayedBy": 0, "marketState": "CLOSED", "quoteType": "EQUITY", "symbol": "SANPA.BO", "underlyingSymbol": null, "shortName": "SANGAL PAPERS LTD.", "longName": "Sangal Papers Limited", "currency": "INR", "quoteSourceName": "Delayed Quote", "currencySymbol": "\u20b9", "fromCurrency": null, "lastMarket": null, "marketCap": 85625528}, "balanceSheetHistory": {"balanceSheetStatements": [{"maxAge": 1, "endDate": "2020-03-31", "cash": 2623000, "netReceivables": 232736000, "inventory": 134806000, "otherCurrentAssets": 10997000, "totalCurrentAssets": 381162000, "propertyPlantEquipment": 296459000, "otherAssets": 7846000, "totalAssets": 685467000, "accountsPayable": 88754000, "shortLongTermDebt": 15973000, "otherCurrentLiab": 6019000, "longTermDebt": 62510000, "otherLiab": 39974000, "totalCurrentLiabilities": 251250000, "totalLiab": 353734000, "commonStock": 13073000, "retainedEarnings": 313804000, "treasuryStock": 4856000, "otherStockholderEquity": 4856000, "totalStockholderEquity": 331733000, "netTangibleAssets": 331733000}, {"maxAge": 1, "endDate": "2019-03-31", "cash": 2753000, "netReceivables": 226858000, "inventory": 157280000, "otherCurrentAssets": 7214000, "totalCurrentAssets": 394105000, "propertyPlantEquipment": 284296000, "otherAssets": 6394000, "totalAssets": 684795000, "accountsPayable": 125336000, "shortLongTermDebt": 9676000, "otherCurrentLiab": 8420000, "longTermDebt": 70377000, "otherLiab": 40858000, "totalCurrentLiabilities": 259544000, "totalLiab": 370779000, "commonStock": 13073000, "retainedEarnings": 296087000, "treasuryStock": 4856000, "otherStockholderEquity": 4856000, "totalStockholderEquity": 314016000, "netTangibleAssets": 314016000}, {"maxAge": 1, "endDate": "2018-03-31", "cash": 2456000, "netReceivables": 218094000, "inventory": 140499000, "otherCurrentAssets": 17341000, "totalCurrentAssets": 378390000, "propertyPlantEquipment": 249204000, "otherAssets": 2200000, "totalAssets": 629794000, "accountsPayable": 109222000, "shortLongTermDebt": 9004000, "otherCurrentLiab": 16199000, "longTermDebt": 55125000, "otherLiab": 43125000, "totalCurrentLiabilities": 279271000, "totalLiab": 377521000, "commonStock": 13073000, "retainedEarnings": 234343000, "treasuryStock": 4857000, "otherStockholderEquity": 4857000, "totalStockholderEquity": 252273000, "netTangibleAssets": 252273000}, {"maxAge": 1, "endDate": "2017-03-31", "cash": 11688000, "netReceivables": 182311000, "inventory": 98330000, "otherCurrentAssets": 11654000, "totalCurrentAssets": 303983000, "propertyPlantEquipment": 227161000, "otherAssets": 2959000, "totalAssets": 534103000, "accountsPayable": 53846000, "shortLongTermDebt": 11063000, "otherCurrentLiab": 13325000, "longTermDebt": 62278000, "otherLiab": 47421000, "totalCurrentLiabilities": 198293000, "totalLiab": 307992000, "commonStock": 13073000, "retainedEarnings": 208745000, "treasuryStock": 4293000, "otherStockholderEquity": 4293000, "totalStockholderEquity": 226111000, "netTangibleAssets": 226111000}], "maxAge": 86400}, "financialData": {"maxAge": 86400, "currentPrice": 65.5, "recommendationKey": "none", "grossProfits": 192552000, "financialCurrency": "INR"}}}