{"SANWARIA.NS": {"assetProfile": {"address1": "Office Hall No.1", "address2": "First Floor Metro Walk Bittan Market", "city": "Bhopal", "zip": "462016", "country": "India", "phone": "91 75 5429 4878", "fax": "91 75 5429 5038", "website": "http://www.sanwariaconsumer.com", "industry": "Farm Products", "sector": "Consumer Defensive", "longBusinessSummary": "Sanwaria Consumer Limited operates as an integrated agro food processor in India. The company manufactures and sells basmati rice; pulses, poha, sugar, soya chunks, and wheat flour; other food grain products, including soya meal and edible oil, as well as refined and crude oil; rice flour, salt, suji, maida, besan, and daliya; rice bran and its products; and de-oiled cake. It operates retail stores under the Sanwaria Kirana brand name, as well as sells its products online. The company sells its products under the SULABH, SANWARIA SETH, NARMADA, and NASHIRA brand names. It also exports its products. The company was formerly known as Sanwaria Agro Oils Limited and changed its name to Sanwaria Consumer Limited in August 2017. Sanwaria Consumer Limited was founded in 1991 and is based in Bhopal, India.", "companyOfficers": [{"maxAge": 1, "name": "Mr. Gulab Chand Agrawal", "title": "Exec. Chairman & Whole Time Director", "fiscalYear": 2020, "totalPay": 2100000, "exercisedValue": 0, "unexercisedValue": 0}, {"maxAge": 1, "name": "Mr. Ashok Kumar Agrawal", "age": 56, "title": "Exec. Director of Marketing & Exec. Director", "yearBorn": 1964, "fiscalYear": 2020, "totalPay": 2100000, "exercisedValue": 0, "unexercisedValue": 0}, {"maxAge": 1, "name": "Mr. Satish Kumar Agrawal", "title": "Exec. Director of Purchases & Exec. Director", "fiscalYear": 2020, "totalPay": 2100000, "exercisedValue": 0, "unexercisedValue": 0}, {"maxAge": 1, "name": "Mr. Anil Kumar Agrawal", "age": 54, "title": "Exec. Director of Fin. & Director", "yearBorn": 1966, "fiscalYear": 2020, "totalPay": 2100000, "exercisedValue": 0, "unexercisedValue": 0}, {"maxAge": 1, "name": "Mr. Anil Kumar Vishwakarma", "title": "Chief Financial Officer", "fiscalYear": 2016, "exercisedValue": 0, "unexercisedValue": 0}, {"maxAge": 1, "name": "Ms. Shilpa  Agarwal", "title": "Company Sec. & Compliance Officer", "exercisedValue": 0, "unexercisedValue": 0}], "compensationAsOfEpochDate": "2020-12-31 05:30:00", "maxAge": 86400}, "cashflowStatementHistory": {"cashflowStatements": [{"maxAge": 1, "endDate": "2020-03-31", "netIncome": -12196240406, "depreciation": 82802792, "changeToNetincome": -22447993, "changeToLiabilities": 0, "changeToInventory": 4407497579, "changeToOperatingActivities": 8240941390, "totalCashFromOperatingActivities": 512553362, "otherCashflowsFromInvestingActivities": 661899999, "totalCashflowsFromInvestingActivities": 665029106, "netBorrowings": -639333208, "otherCashflowsFromFinancingActivities": -618558026, "totalCashFromFinancingActivities": -1257891234, "changeInCash": -80308766}, {"maxAge": 1, "endDate": "2019-03-31", "netIncome": 1578906401, "depreciation": 88313455, "changeToNetincome": 603935429, "changeToLiabilities": 0, "changeToInventory": 826287419, "changeToOperatingActivities": -1517625786, "totalCashFromOperatingActivities": 1579816918, "capitalExpenditures": -4639132, "otherCashflowsFromInvestingActivities": 300987886, "totalCashflowsFromInvestingActivities": 296348754, "netBorrowings": -125021880, "otherCashflowsFromFinancingActivities": -1739229694, "totalCashFromFinancingActivities": -1864251574, "changeInCash": -6593804}, {"maxAge": 1, "endDate": "2018-03-31", "netIncome": 846856798, "depreciation": 80276557, "changeToNetincome": 963927320, "changeToLiabilities": 0, "changeToInventory": -196433648, "changeToOperatingActivities": -1852543759, "totalCashFromOperatingActivities": -157916732, "capitalExpenditures": -4639132, "otherCashflowsFromInvestingActivities": -140675166, "totalCashflowsFromInvestingActivities": -140675166, "dividendsPaid": -55207500, "netBorrowings": -25791942, "otherCashflowsFromFinancingActivities": -645733677, "totalCashFromFinancingActivities": 273266881, "changeInCash": -25325017, "issuanceOfStock": 1000000000}, {"maxAge": 1, "endDate": "2017-03-31", "netIncome": 436792846, "depreciation": 72726126, "changeToNetincome": 634221987, "changeToLiabilities": 0, "changeToInventory": 288538806, "changeToOperatingActivities": -650772297, "totalCashFromOperatingActivities": 782110554, "capitalExpenditures": -4639132, "otherCashflowsFromInvestingActivities": 91365159, "totalCashflowsFromInvestingActivities": 91365159, "dividendsPaid": -55207500, "netBorrowings": -200768205, "otherCashflowsFromFinancingActivities": -573159012, "totalCashFromFinancingActivities": -773927217, "changeInCash": 99548496, "issuanceOfStock": 1000000000}], "maxAge": 86400}, "institutionOwnership": {"ownershipList": [], "maxAge": 1}, "majorHoldersBreakdown": {"maxAge": 1, "insidersPercentHeld": 0.34478, "institutionsPercentHeld": 0.0, "institutionsFloatPercentHeld": 0.0, "institutionsCount": 0}, "balanceSheetHistoryQuarterly": {"balanceSheetStatements": [{"maxAge": 1, "endDate": "2020-12-31", "totalStockholderEquity": -5713444000, "netTangibleAssets": -5713444000}, {"maxAge": 1, "endDate": "2020-09-30", "cash": 6002000, "netReceivables": 2497850000, "inventory": 14518000, "otherCurrentAssets": -10438000, "totalCurrentAssets": 2507932000, "longTermInvestments": 92000, "propertyPlantEquipment": 939904000, "otherAssets": 189712000, "totalAssets": 3637640000, "accountsPayable": 57193000, "otherCurrentLiab": 166655000, "longTermDebt": 87002000, "otherLiab": 144315000, "totalCurrentLiabilities": 9119767000, "totalLiab": 9351084000, "commonStock": 736100000, "treasuryStock": -6449544000, "otherStockholderEquity": -6449544000, "totalStockholderEquity": -5713444000, "netTangibleAssets": -5713444000}, {"maxAge": 1, "endDate": "2020-06-30", "totalStockholderEquity": -5662295000, "netTangibleAssets": -5662295000}, {"maxAge": 1, "endDate": "2020-03-31", "cash": 4438118, "shortTermInvestments": 4056472, "netReceivables": 2533423569, "inventory": 15312409, "otherCurrentAssets": -10627087, "totalCurrentAssets": 2546603481, "longTermInvestments": 92085, "propertyPlantEquipment": 981311136, "otherAssets": 191960187, "totalAssets": 3719966889, "accountsPayable": 93487852, "otherCurrentLiab": 167888862, "longTermDebt": 79774615, "otherLiab": 144315424, "totalCurrentLiabilities": 9158171557, "totalLiab": 9382261596, "commonStock": 736100000, "retainedEarnings": -6921245212, "treasuryStock": 390900505, "capitalSurplus": 131950000, "otherStockholderEquity": 390900505, "totalStockholderEquity": -5662294707, "netTangibleAssets": -5662294707}], "maxAge": 86400}, "indexTrend": {"maxAge": 1, "symbol": "SP5", "peRatio": 19.7411, "pegRatio": 1.34172, "estimates": [{"period": "0q", "growth": 0.549}, {"period": "+1q", "growth": 0.431}, {"period": "0y", "growth": 0.305}, {"period": "+1y", "growth": 0.109}, {"period": "+5y", "growth": 0.120865}, {"period": "-5y"}]}, "defaultKeyStatistics": {"maxAge": 1, "priceHint": 4, "enterpriseValue": 9418864640, "profitMargins": 0.0, "floatShares": 492266875, "sharesOutstanding": 736099968, "heldPercentInsiders": 0.34478, "heldPercentInstitutions": 0.0, "beta": 2.150753, "category": null, "bookValue": -7.692, "fundFamily": null, "legalType": null, "lastFiscalYearEnd": "2020-03-31 05:30:00", "nextFiscalYearEnd": "2022-03-31 05:30:00", "mostRecentQuarter": "2020-12-31 05:30:00", "netIncomeToCommon": -5448352256, "trailingEps": -16.57, "lastSplitFactor": "2:1", "lastSplitDate": "2017-07-03 05:30:00", "enterpriseToRevenue": 21.155, "enterpriseToEbitda": -1.83}, "summaryProfile": {"address1": "Office Hall No.1", "address2": "First Floor Metro Walk Bittan Market", "city": "Bhopal", "zip": "462016", "country": "India", "phone": "91 75 5429 4878", "fax": "91 75 5429 5038", "website": "http://www.sanwariaconsumer.com", "industry": "Farm Products", "sector": "Consumer Defensive", "longBusinessSummary": "Sanwaria Consumer Limited operates as an integrated agro food processor in India. The company manufactures and sells basmati rice; pulses, poha, sugar, soya chunks, and wheat flour; other food grain products, including soya meal and edible oil, as well as refined and crude oil; rice flour, salt, suji, maida, besan, and daliya; rice bran and its products; and de-oiled cake. It operates retail stores under the Sanwaria Kirana brand name, as well as sells its products online. The company sells its products under the SULABH, SANWARIA SETH, NARMADA, and NASHIRA brand names. It also exports its products. The company was formerly known as Sanwaria Agro Oils Limited and changed its name to Sanwaria Consumer Limited in August 2017. Sanwaria Consumer Limited was founded in 1991 and is based in Bhopal, India.", "companyOfficers": [], "maxAge": 86400}, "netSharePurchaseActivity": {"maxAge": 1, "period": "6m", "buyInfoCount": 0, "buyInfoShares": 0, "sellInfoCount": 0, "netInfoCount": 0, "netInfoShares": 0, "netPercentInsiderShares": 0.0, "totalInsiderShares": 253792544}, "insiderTransactions": {"transactions": [{"maxAge": 1, "shares": 5604000, "filerUrl": "", "transactionText": "Sale at price 0.00 per share.", "filerName": "Agrawal (Sadhna Devi)", "filerRelation": "UNREPORTED", "moneyText": "", "startDate": "2021-03-31", "ownership": "D"}, {"maxAge": 1, "shares": 49236300, "filerUrl": "", "transactionText": "Sale at price 0.00 per share.", "filerName": "Agrawal (Satish Kumar)", "filerRelation": "UNREPORTED", "moneyText": "", "startDate": "2021-03-31", "ownership": "D"}, {"maxAge": 1, "shares": 54033100, "value": 7461971, "filerUrl": "", "transactionText": "Sale at price 0.14 per share.", "filerName": "Agrawal (Ashok)", "filerRelation": "Director", "moneyText": "", "startDate": "2021-03-19", "ownership": "D"}, {"maxAge": 1, "shares": 57718972, "filerUrl": "", "transactionText": "Sale at price 0.00 per share.", "filerName": "Agrawal (Gulab Chand)", "filerRelation": "Executive Chairman", "moneyText": "", "startDate": "2021-02-19", "ownership": "D"}, {"maxAge": 1, "shares": 108393520, "filerUrl": "", "transactionText": "Other at price 0.00 per share.", "filerName": "Sanwaria Globfin Pvt Ltd", "filerRelation": "Promoter", "moneyText": "", "startDate": "2020-12-22", "ownership": "D"}, {"maxAge": 1, "shares": 131200, "filerUrl": "", "transactionText": "Sale at price 0.00 per share.", "filerName": "Agrawal (Geeta Devi)", "filerRelation": "Promoter", "moneyText": "", "startDate": "2020-11-24", "ownership": "D"}, {"maxAge": 1, "shares": 24000, "filerUrl": "", "transactionText": "", "filerName": "Agrawal (Gulab Chand)", "filerRelation": "Promoter", "moneyText": "", "startDate": "2018-08-01", "ownership": "D"}, {"maxAge": 1, "shares": 9240000, "filerUrl": "", "transactionText": "", "filerName": "Garg (Beenu)", "filerRelation": "Promoter", "moneyText": "", "startDate": "2018-06-30", "ownership": "D"}, {"maxAge": 1, "shares": 36743, "filerUrl": "", "transactionText": "", "filerName": "Goyal (Dagdoolal)", "filerRelation": "Promoter", "moneyText": "", "startDate": "2018-06-30", "ownership": "D"}, {"maxAge": 1, "shares": 9732000, "filerUrl": "", "transactionText": "", "filerName": "Agrawal (Geeta Devi)", "filerRelation": "UNREPORTED", "moneyText": "", "startDate": "2018-03-26", "ownership": "D"}, {"maxAge": 1, "shares": 23520000, "filerUrl": "", "transactionText": "", "filerName": "Agrawal (Gulab Chand)", "filerRelation": "Promoter", "moneyText": "", "startDate": "2017-12-14", "ownership": "D"}], "maxAge": 1}, "quoteType": {"exchange": "NSI", "quoteType": "EQUITY", "symbol": "SANWARIA.NS", "underlyingSymbol": "SANWARIA.NS", "shortName": "SANWARIA CONSUMER", "longName": "Sanwaria Consumer Limited", "firstTradeDateEpochUtc": "2006-03-27 09:15:00", "timeZoneFullName": "Asia/Kolkata", "timeZoneShortName": "IST", "uuid": "7c94d6d2-832e-3dfb-af98-b634d247d61b", "gmtOffSetMilliseconds": 19800000, "maxAge": 1}, "incomeStatementHistory": {"incomeStatementHistory": [{"maxAge": 1, "endDate": "2020-03-31", "totalRevenue": 28647985809, "costOfRevenue": 31384961127, "grossProfit": -2736975318, "researchDevelopment": {}, "sellingGeneralAdministrative": 47768376, "nonRecurring": {}, "otherOperatingExpenses": 9841272492, "totalOperatingExpenses": 41356804787, "operatingIncome": -12708818978, "totalOtherIncomeExpenseNet": 503040198, "ebit": -12708818978, "interestExpense": -621058027, "incomeBeforeTax": -12205778780, "incomeTaxExpense": -9538374, "minorityInterest": {}, "netIncomeFromContinuingOps": -12196240406, "discontinuedOperations": {}, "extraordinaryItems": {}, "effectOfAccountingCharges": {}, "otherItems": {}, "netIncome": -12196240406, "netIncomeApplicableToCommonShares": -12196240406}, {"maxAge": 1, "endDate": "2019-03-31", "totalRevenue": 53037911068, "costOfRevenue": 49274729015, "grossProfit": 3763182053, "researchDevelopment": {}, "sellingGeneralAdministrative": 57507703, "nonRecurring": {}, "otherOperatingExpenses": 947566471, "totalOperatingExpenses": 50368116644, "operatingIncome": 2669794424, "totalOtherIncomeExpenseNet": -691961188, "ebit": 2669794424, "interestExpense": -739229694, "incomeBeforeTax": 1977833236, "incomeTaxExpense": 398926835, "minorityInterest": {}, "netIncomeFromContinuingOps": 1578906401, "discontinuedOperations": {}, "extraordinaryItems": {}, "effectOfAccountingCharges": {}, "otherItems": {}, "netIncome": 1578906401, "netIncomeApplicableToCommonShares": 1578906401}, {"maxAge": 1, "endDate": "2018-03-31", "totalRevenue": 50654845275, "costOfRevenue": 47646193579, "grossProfit": 3008651696, "researchDevelopment": {}, "sellingGeneralAdministrative": 48140313, "nonRecurring": {}, "otherOperatingExpenses": 590345134, "totalOperatingExpenses": 48364955583, "operatingIncome": 2289889692, "totalOtherIncomeExpenseNet": -1124872130, "ebit": 2289889692, "interestExpense": -634494533, "incomeBeforeTax": 1165017562, "incomeTaxExpense": 318160764, "minorityInterest": {}, "netIncomeFromContinuingOps": 846856798, "discontinuedOperations": {}, "extraordinaryItems": {}, "effectOfAccountingCharges": {}, "otherItems": {}, "netIncome": 846856798, "netIncomeApplicableToCommonShares": 846856798}, {"maxAge": 1, "endDate": "2017-03-31", "totalRevenue": 35257265335, "costOfRevenue": 33316280650, "grossProfit": 1940984685, "researchDevelopment": {}, "sellingGeneralAdministrative": 42678091, "nonRecurring": {}, "otherOperatingExpenses": 659555177, "totalOperatingExpenses": 34091240044, "operatingIncome": 1166025291, "totalOtherIncomeExpenseNet": -668247911, "ebit": 1166025291, "interestExpense": -573159012, "incomeBeforeTax": 497777380, "incomeTaxExpense": 60984534, "minorityInterest": {}, "netIncomeFromContinuingOps": 436792846, "discontinuedOperations": {}, "extraordinaryItems": {}, "effectOfAccountingCharges": {}, "otherItems": {}, "netIncome": 436792846, "netIncomeApplicableToCommonShares": 436792846}], "maxAge": 86400}, "fundOwnership": {"ownershipList": [], "maxAge": 1}, "summaryDetail": {"maxAge": 1, "priceHint": 4, "previousClose": 0.6, "open": 0.6, "dayLow": 0.55, "dayHigh": 0.6, "regularMarketPreviousClose": 0.6, "regularMarketOpen": 0.6, "regularMarketDayLow": 0.55, "regularMarketDayHigh": 0.6, "exDividendDate": "2017-09-25 05:30:00", "payoutRatio": 0.0, "beta": 2.150753, "volume": 2358245, "regularMarketVolume": 2358245, "averageVolume": 4812554, "averageVolume10days": 2841245, "averageDailyVolume10Day": 2841245, "bid": 0.0, "ask": 0.0, "bidSize": 0, "askSize": 0, "marketCap": 441660000, "fiftyTwoWeekLow": 0.55, "fiftyTwoWeekHigh": 3.95, "priceToSalesTrailing12Months": 0.99198437, "fiftyDayAverage": 0.7287879, "twoHundredDayAverage": 1.2228571, "trailingAnnualDividendRate": 0.037, "trailingAnnualDividendYield": 0.061666664, "currency": "INR", "fromCurrency": null, "lastMarket": null, "algorithm": null, "tradeable": false}, "incomeStatementHistoryQuarterly": {"incomeStatementHistory": [{"maxAge": 1, "endDate": "2020-12-31", "totalRevenue": 0, "costOfRevenue": 0, "grossProfit": 0, "researchDevelopment": {}, "sellingGeneralAdministrative": 1402000, "nonRecurring": {}, "otherOperatingExpenses": 1413000, "totalOperatingExpenses": 23517000, "operatingIncome": -23517000, "totalOtherIncomeExpenseNet": 2847000, "ebit": -23517000, "interestExpense": {}, "incomeBeforeTax": -20670000, "incomeTaxExpense": 0, "minorityInterest": {}, "netIncomeFromContinuingOps": -20670000, "discontinuedOperations": {}, "extraordinaryItems": {}, "effectOfAccountingCharges": {}, "otherItems": {}, "netIncome": -20670000, "netIncomeApplicableToCommonShares": -20670000}, {"maxAge": 1, "endDate": "2020-09-30", "totalRevenue": 1000, "costOfRevenue": -806000, "grossProfit": 807000, "researchDevelopment": {}, "sellingGeneralAdministrative": 2503000, "nonRecurring": {}, "otherOperatingExpenses": -2001127000, "totalOperatingExpenses": -1978726000, "operatingIncome": 1978727000, "totalOtherIncomeExpenseNet": 6564000, "ebit": 1978727000, "interestExpense": -7000, "incomeBeforeTax": 1985291000, "incomeTaxExpense": 0, "minorityInterest": {}, "netIncomeFromContinuingOps": 1985291000, "discontinuedOperations": {}, "extraordinaryItems": {}, "effectOfAccountingCharges": {}, "otherItems": {}, "netIncome": 1985291000, "netIncomeApplicableToCommonShares": 1985291000}, {"maxAge": 1, "endDate": "2020-06-30", "totalRevenue": 4321000, "costOfRevenue": 5407000, "grossProfit": -1086000, "researchDevelopment": {}, "sellingGeneralAdministrative": 5905000, "nonRecurring": {}, "otherOperatingExpenses": 2013396000, "totalOperatingExpenses": 2045411000, "operatingIncome": -2041090000, "totalOtherIncomeExpenseNet": 4650000, "ebit": -2041090000, "interestExpense": -1000, "incomeBeforeTax": -2036440000, "incomeTaxExpense": 0, "minorityInterest": {}, "netIncomeFromContinuingOps": -2036440000, "discontinuedOperations": {}, "extraordinaryItems": {}, "effectOfAccountingCharges": {}, "otherItems": {}, "netIncome": -2036440000, "netIncomeApplicableToCommonShares": -2036440000}, {"maxAge": 1, "endDate": "2020-03-31", "totalRevenue": 440906809, "costOfRevenue": 1505611127, "grossProfit": -1064704318, "researchDevelopment": {}, "sellingGeneralAdministrative": 21472376, "nonRecurring": {}, "otherOperatingExpenses": 4037127492, "totalOperatingExpenses": 5581768787, "operatingIncome": -5140861978, "totalOtherIncomeExpenseNet": -245209802, "ebit": -5140861978, "interestExpense": -234714027, "incomeBeforeTax": -5386071780, "incomeTaxExpense": -9538374, "minorityInterest": {}, "netIncomeFromContinuingOps": -5376533406, "discontinuedOperations": {}, "extraordinaryItems": {}, "effectOfAccountingCharges": {}, "otherItems": {}, "netIncome": -5376533406, "netIncomeApplicableToCommonShares": -5376533406}], "maxAge": 86400}, "cashflowStatementHistoryQuarterly": {"cashflowStatements": [{"maxAge": 1, "endDate": "2020-12-31", "netIncome": -20670000, "depreciation": 20701786, "changeToNetincome": -6167, "changeToLiabilities": 0, "changeToOperatingActivities": 8303005, "totalCashFromOperatingActivities": 8328624, "otherCashflowsFromInvestingActivities": 6387, "totalCashflowsFromInvestingActivities": 6387, "netBorrowings": -1425692, "totalCashFromFinancingActivities": -1425692, "changeInCash": 6909319}, {"maxAge": 1, "endDate": "2020-09-30", "netIncome": 1985291000, "depreciation": 20701786, "changeToNetincome": -6167, "changeToLiabilities": 0, "changeToOperatingActivities": 8303005, "totalCashFromOperatingActivities": 8328624, "otherCashflowsFromInvestingActivities": 6387, "totalCashflowsFromInvestingActivities": 6387, "netBorrowings": -1425692, "totalCashFromFinancingActivities": -1425692, "changeInCash": 6909319}, {"maxAge": 1, "endDate": "2020-06-30", "netIncome": -2036440000, "depreciation": 20701786, "changeToNetincome": -6167, "changeToLiabilities": 0, "changeToOperatingActivities": 8303005, "totalCashFromOperatingActivities": 8328624, "otherCashflowsFromInvestingActivities": 6387, "totalCashflowsFromInvestingActivities": 6387, "netBorrowings": -1425692, "totalCashFromFinancingActivities": -1425692, "changeInCash": 6909319}, {"maxAge": 1, "endDate": "2020-03-31", "netIncome": -5376533406, "depreciation": 20701786, "changeToNetincome": -6167, "changeToLiabilities": 0, "changeToOperatingActivities": 8303005, "totalCashFromOperatingActivities": 8328624, "otherCashflowsFromInvestingActivities": 6387, "totalCashflowsFromInvestingActivities": 6387, "netBorrowings": -1425692, "totalCashFromFinancingActivities": -1425692, "changeInCash": 6909319}], "maxAge": 86400}, "insiderHolders": {"holders": [{"maxAge": 1, "name": "Agrawal (Ashok)", "relation": "Director", "url": "", "transactionDescription": "Sale", "latestTransDate": "2021-03-19", "positionDirect": 0, "positionDirectDate": "2021-03-19"}, {"maxAge": 1, "name": "Agrawal (Geeta Devi)", "relation": "Promoter", "url": "", "transactionDescription": "Sale", "latestTransDate": "2020-11-24", "positionDirect": 0, "positionDirectDate": "2020-11-24"}, {"maxAge": 1, "name": "Agrawal (Gulab Chand)", "relation": "Executive Chairman", "url": "", "transactionDescription": "Sale", "latestTransDate": "2021-02-19", "positionDirect": 0, "positionDirectDate": "2021-02-19"}, {"maxAge": 1, "name": "Agrawal (Sadhna Devi)", "relation": "UNREPORTED", "url": "", "transactionDescription": "Sale", "latestTransDate": "2021-03-31", "positionDirect": 0, "positionDirectDate": "2021-03-31"}, {"maxAge": 1, "name": "Agrawal (Satish Kumar)", "relation": "UNREPORTED", "url": "", "transactionDescription": "Sale", "latestTransDate": "2021-03-31", "positionDirect": 24000, "positionDirectDate": "2021-03-31"}, {"maxAge": 1, "name": "Garg (Beenu)", "relation": "Promoter", "url": "", "transactionDescription": "Sale", "latestTransDate": "2018-06-30", "positionDirect": 0, "positionDirectDate": "2018-06-30"}, {"maxAge": 1, "name": "Goyal (Dagdoolal)", "relation": "Promoter", "url": "", "transactionDescription": "Sale", "latestTransDate": "2018-06-30", "positionDirect": 1163257, "positionDirectDate": "2018-06-30"}, {"maxAge": 1, "name": "Sanwaria Globfin Pvt Ltd", "relation": "Promoter", "url": "", "transactionDescription": "Other", "latestTransDate": "2020-12-22", "positionDirect": 0, "positionDirectDate": "2020-12-22"}], "maxAge": 1}, "calendarEvents": {"maxAge": 1, "earnings": {"earningsDate": []}, "exDividendDate": "2017-09-25 05:30:00"}, "upgradeDowngradeHistory": {"history": [], "maxAge": 86400}, "price": {"maxAge": 1, "regularMarketChangePercent": 0.0, "regularMarketChange": 0.0, "regularMarketTime": "2021-04-30 15:29:44", "priceHint": 4, "regularMarketPrice": 0.6, "regularMarketDayHigh": 0.6, "regularMarketDayLow": 0.55, "regularMarketVolume": 2358245, "averageDailyVolume10Day": 2841245, "averageDailyVolume3Month": 4812554, "regularMarketPreviousClose": 0.6, "regularMarketSource": "FREE_REALTIME", "regularMarketOpen": 0.6, "exchange": "NSI", "exchangeName": "NSE", "exchangeDataDelayedBy": 15, "marketState": "CLOSED", "quoteType": "EQUITY", "symbol": "SANWARIA.NS", "underlyingSymbol": null, "shortName": "SANWARIA CONSUMER", "longName": "Sanwaria Consumer Limited", "currency": "INR", "quoteSourceName": "Delayed Quote", "currencySymbol": "\u20b9", "fromCurrency": null, "lastMarket": null, "marketCap": 441660000}, "balanceSheetHistory": {"balanceSheetStatements": [{"maxAge": 1, "endDate": "2020-03-31", "cash": 4438118, "shortTermInvestments": 4056472, "netReceivables": 2533423569, "inventory": 15312409, "otherCurrentAssets": -10627087, "totalCurrentAssets": 2546603481, "longTermInvestments": 92085, "propertyPlantEquipment": 981311136, "otherAssets": 191960187, "totalAssets": 3719966889, "accountsPayable": 93487852, "otherCurrentLiab": 167888862, "longTermDebt": 79774615, "otherLiab": 144315424, "totalCurrentLiabilities": 9158171557, "totalLiab": 9382261596, "commonStock": 736100000, "retainedEarnings": -6921245212, "treasuryStock": 390900505, "capitalSurplus": 131950000, "otherStockholderEquity": 390900505, "totalStockholderEquity": -5662294707, "netTangibleAssets": -5662294707}, {"maxAge": 1, "endDate": "2019-03-31", "cash": 84746887, "shortTermInvestments": 22450452, "netReceivables": 11940039868, "inventory": 4422809988, "otherCurrentAssets": 18977243, "totalCurrentAssets": 16489024438, "longTermInvestments": 50242085, "propertyPlantEquipment": 1067243035, "otherAssets": 196022401, "totalAssets": 17802531959, "accountsPayable": 504523915, "otherCurrentLiab": 1005179062, "longTermDebt": 490155547, "otherLiab": 153853797, "totalCurrentLiabilities": 10627076915, "totalLiab": 11271086259, "commonStock": 736100000, "retainedEarnings": 5274995195, "treasuryStock": 388400505, "capitalSurplus": 131950000, "otherStockholderEquity": 388400505, "totalStockholderEquity": 6531445700, "netTangibleAssets": 6531445700}, {"maxAge": 1, "endDate": "2018-03-31", "cash": 89681102, "shortTermInvestments": 202929382, "netReceivables": 10184664892, "inventory": 5249097407, "otherCurrentAssets": 54238650, "totalCurrentAssets": 15789716750, "longTermInvestments": 362971160, "propertyPlantEquipment": 989319869, "otherAssets": 174951599, "totalAssets": 17316959378, "accountsPayable": 665460815, "otherCurrentLiab": 636578178, "longTermDebt": 186922538, "otherLiab": 157335332, "totalCurrentLiabilities": 11031397221, "totalLiab": 11375655091, "commonStock": 736100000, "retainedEarnings": 3684853781, "treasuryStock": 1388400506, "capitalSurplus": 131950000, "otherStockholderEquity": 1388400506, "totalStockholderEquity": 5941304287, "netTangibleAssets": 5941304287}, {"maxAge": 1, "endDate": "2017-03-31", "cash": 115006119, "shortTermInvestments": 51321337, "netReceivables": 8063280103, "inventory": 5052663759, "otherCurrentAssets": 3798381, "totalCurrentAssets": 13515472380, "longTermInvestments": 363050991, "propertyPlantEquipment": 1069596426, "otherAssets": 170661388, "totalAssets": 15118781185, "accountsPayable": 454575943, "otherCurrentLiab": 417314656, "longTermDebt": 93783559, "otherLiab": 164919159, "totalCurrentLiabilities": 10717489336, "totalLiab": 10976192054, "commonStock": 368050000, "retainedEarnings": 2897178365, "treasuryStock": 397360766, "capitalSurplus": 480000000, "otherStockholderEquity": 397360766, "totalStockholderEquity": 4142589131, "netTangibleAssets": 4142589131}], "maxAge": 86400}, "financialData": {"maxAge": 86400, "currentPrice": 0.6, "recommendationKey": "none", "totalCash": 6002000, "totalCashPerShare": 0.008, "ebitda": -5147075584, "totalDebt": 8983206912, "totalRevenue": 445228800, "revenuePerShare": 38.919, "grossProfits": -2736975318, "revenueGrowth": -1.0, "grossMargins": -2.39199, "ebitdaMargins": 0.0, "operatingMargins": -11.7394495, "profitMargins": 0.0, "financialCurrency": "INR"}}}