{"SANWARIA.BO": {"recommendationTrend": {"trend": [{"period": "0m", "strongBuy": 0, "buy": 0, "hold": 0, "sell": 0, "strongSell": 0}, {"period": "-1m", "strongBuy": 0, "buy": 0, "hold": 0, "sell": 0, "strongSell": 0}, {"period": "-2m", "strongBuy": 0, "buy": 0, "hold": 0, "sell": 0, "strongSell": 0}, {"period": "-3m", "strongBuy": 0, "buy": 0, "hold": 0, "sell": 0, "strongSell": 0}], "maxAge": 86400}, "cashflowStatementHistory": {"cashflowStatements": [{"maxAge": 1, "endDate": "2020-03-31", "netIncome": -12196240000, "changeToLiabilities": 0}, {"maxAge": 1, "endDate": "2019-03-31", "netIncome": 1578907000, "changeToLiabilities": 0}, {"maxAge": 1, "endDate": "2018-03-31", "netIncome": 846856798, "depreciation": 80276557, "changeToNetincome": 963927320, "changeToLiabilities": 0, "changeToInventory": -196433648, "changeToOperatingActivities": -1852543759, "totalCashFromOperatingActivities": -157916732, "otherCashflowsFromInvestingActivities": -140675166, "totalCashflowsFromInvestingActivities": -140675166, "dividendsPaid": -55207500, "netBorrowings": -25791942, "otherCashflowsFromFinancingActivities": -645733677, "totalCashFromFinancingActivities": 273266881, "changeInCash": -25325017, "issuanceOfStock": 1000000000}, {"maxAge": 1, "endDate": "2017-03-31", "netIncome": 436792846, "depreciation": 72726126, "changeToNetincome": 634221987, "changeToLiabilities": 0, "changeToInventory": 288538806, "changeToOperatingActivities": -650772297, "totalCashFromOperatingActivities": 782110554, "otherCashflowsFromInvestingActivities": 91365159, "totalCashflowsFromInvestingActivities": 91365159, "dividendsPaid": -55207500, "netBorrowings": -200768205, "otherCashflowsFromFinancingActivities": -573159012, "totalCashFromFinancingActivities": -773927217, "changeInCash": 99548496, "issuanceOfStock": 1000000000}], "maxAge": 86400}, "institutionOwnership": {"ownershipList": [], "maxAge": 1}, "balanceSheetHistoryQuarterly": {"balanceSheetStatements": [{"maxAge": 1, "endDate": "2020-06-30", "totalStockholderEquity": -5662295000, "netTangibleAssets": -5662295000}, {"maxAge": 1, "endDate": "2020-03-31", "cash": 8494000, "netReceivables": 2533424000, "inventory": 15312000, "otherCurrentAssets": -10627000, "totalCurrentAssets": 2546603000, "longTermInvestments": 92000, "propertyPlantEquipment": 981311000, "otherAssets": 191961000, "totalAssets": 3719967000, "accountsPayable": 93488000, "otherCurrentLiab": 168479000, "longTermDebt": 79775000, "otherLiab": 144315000, "totalCurrentLiabilities": 9158172000, "totalLiab": 9382262000, "commonStock": 736100000, "treasuryStock": -6398395000, "otherStockholderEquity": -6398395000, "totalStockholderEquity": -5662295000, "netTangibleAssets": -5662295000}, {"maxAge": 1, "endDate": "2019-12-31", "totalStockholderEquity": 3219570000, "netTangibleAssets": 3219570000}, {"maxAge": 1, "endDate": "2019-09-30", "shortTermInvestments": 12230701000, "otherCurrentAssets": 251108000, "totalCurrentAssets": 12481809000, "propertyPlantEquipment": 1026887000, "otherAssets": 194764000, "totalAssets": 13703460000, "otherCurrentLiab": 1099154000, "longTermDebt": 258676000, "otherLiab": 144190000, "totalCurrentLiabilities": 10081024000, "totalLiab": 10483890000, "commonStock": 736100000, "treasuryStock": 2483470000, "otherStockholderEquity": 2483470000, "totalStockholderEquity": 3219570000, "netTangibleAssets": 3219570000}], "maxAge": 86400}, "earningsHistory": {"history": [{"maxAge": 1, "epsActual": {}, "epsEstimate": {}, "epsDifference": {}, "surprisePercent": {}, "quarter": {}, "period": "-4q"}, {"maxAge": 1, "epsActual": {}, "epsEstimate": {}, "epsDifference": {}, "surprisePercent": {}, "quarter": {}, "period": "-3q"}, {"maxAge": 1, "epsActual": {}, "epsEstimate": {}, "epsDifference": {}, "surprisePercent": {}, "quarter": {}, "period": "-2q"}, {"maxAge": 1, "epsActual": {}, "epsEstimate": {}, "epsDifference": {}, "surprisePercent": {}, "quarter": {}, "period": "-1q"}], "maxAge": 86400}, "indexTrend": {"maxAge": 1, "symbol": "SP5", "peRatio": 19.7411, "pegRatio": 1.34172, "estimates": [{"period": "0q", "growth": 0.549}, {"period": "+1q", "growth": 0.431}, {"period": "0y", "growth": 0.305}, {"period": "+1y", "growth": 0.109}, {"period": "+5y", "growth": 0.120859005}, {"period": "-5y"}]}, "industryTrend": {"maxAge": 1, "symbol": null, "estimates": []}, "insiderTransactions": {"transactions": [{"maxAge": 1, "shares": 24000, "filerUrl": "", "transactionText": "", "filerName": "Agrawal (Gulab Chand)", "filerRelation": "Promoter", "moneyText": "", "startDate": "2018-08-01", "ownership": "D"}, {"maxAge": 1, "shares": 9240000, "filerUrl": "", "transactionText": "", "filerName": "Garg (Beenu)", "filerRelation": "Promoter", "moneyText": "", "startDate": "2018-06-30", "ownership": "D"}, {"maxAge": 1, "shares": 36743, "filerUrl": "", "transactionText": "", "filerName": "Goyal (Dagdoolal)", "filerRelation": "Promoter", "moneyText": "", "startDate": "2018-06-30", "ownership": "D"}, {"maxAge": 1, "shares": 9732000, "filerUrl": "", "transactionText": "", "filerName": "Agrawal (Geeta Devi)", "filerRelation": "UNREPORTED", "moneyText": "", "startDate": "2018-03-26", "ownership": "D"}, {"maxAge": 1, "shares": 23520000, "filerUrl": "", "transactionText": "", "filerName": "Agrawal (Gulab Chand)", "filerRelation": "Promoter", "moneyText": "", "startDate": "2017-12-14", "ownership": "D"}], "maxAge": 1}, "quoteType": {"exchange": "BSE", "quoteType": "EQUITY", "symbol": "SANWARIA.BO", "underlyingSymbol": "SANWARIA.BO", "shortName": "SANWARIA CONSUMER LIMITED", "longName": "Sanwaria Consumer Limited", "firstTradeDateEpochUtc": "2002-07-01 09:15:00", "timeZoneFullName": "Asia/Kolkata", "timeZoneShortName": "IST", "uuid": "999e945e-26ff-36b9-bb7c-3cffe619f1a6", "gmtOffSetMilliseconds": 19800000, "maxAge": 1}, "incomeStatementHistory": {"incomeStatementHistory": [{"maxAge": 1, "endDate": "2020-03-31", "totalRevenue": 28647985000, "costOfRevenue": 31380156000, "grossProfit": -2732171000, "researchDevelopment": {}, "sellingGeneralAdministrative": 47768000, "nonRecurring": {}, "otherOperatingExpenses": 9846078000, "totalOperatingExpenses": 41356805000, "operatingIncome": -12708820000, "totalOtherIncomeExpenseNet": 503042000, "ebit": -12708820000, "interestExpense": -652845000, "incomeBeforeTax": -12205778000, "incomeTaxExpense": -9538000, "minorityInterest": {}, "netIncomeFromContinuingOps": -12196240000, "discontinuedOperations": {}, "extraordinaryItems": {}, "effectOfAccountingCharges": {}, "otherItems": {}, "netIncome": -12196240000, "netIncomeApplicableToCommonShares": -12196240000}, {"maxAge": 1, "endDate": "2019-03-31", "totalRevenue": 53037911000, "costOfRevenue": 49259375000, "grossProfit": 3778536000, "researchDevelopment": {}, "sellingGeneralAdministrative": 54262000, "nonRecurring": {}, "otherOperatingExpenses": 946607956, "totalOperatingExpenses": 50348557956, "operatingIncome": 2689353044, "totalOtherIncomeExpenseNet": -711519044, "ebit": 2689353044, "interestExpense": -739229694, "incomeBeforeTax": 1977834000, "incomeTaxExpense": 398927000, "minorityInterest": {}, "netIncomeFromContinuingOps": 1578907000, "discontinuedOperations": {}, "extraordinaryItems": {}, "effectOfAccountingCharges": {}, "otherItems": {}, "netIncome": 1578907000, "netIncomeApplicableToCommonShares": 1578907000}, {"maxAge": 1, "endDate": "2018-03-31", "totalRevenue": 50654845275, "costOfRevenue": 47646193579, "grossProfit": 3008651696, "researchDevelopment": {}, "sellingGeneralAdministrative": 48140313, "nonRecurring": {}, "otherOperatingExpenses": 590345134, "totalOperatingExpenses": 48364955583, "operatingIncome": 2289889692, "totalOtherIncomeExpenseNet": -1124872130, "ebit": 2289889692, "interestExpense": -634494533, "incomeBeforeTax": 1165017562, "incomeTaxExpense": 318160764, "minorityInterest": {}, "netIncomeFromContinuingOps": 846856798, "discontinuedOperations": {}, "extraordinaryItems": {}, "effectOfAccountingCharges": {}, "otherItems": {}, "netIncome": 846856798, "netIncomeApplicableToCommonShares": 846856798}, {"maxAge": 1, "endDate": "2017-03-31", "totalRevenue": 35257265335, "costOfRevenue": 33316280650, "grossProfit": 1940984685, "researchDevelopment": {}, "sellingGeneralAdministrative": 42678091, "nonRecurring": {}, "otherOperatingExpenses": 659555177, "totalOperatingExpenses": 34091240044, "operatingIncome": 1166025291, "totalOtherIncomeExpenseNet": -668247911, "ebit": 1166025291, "interestExpense": -573159012, "incomeBeforeTax": 497777380, "incomeTaxExpense": 60984534, "minorityInterest": {}, "netIncomeFromContinuingOps": 436792846, "discontinuedOperations": {}, "extraordinaryItems": {}, "effectOfAccountingCharges": {}, "otherItems": {}, "netIncome": 436792846, "netIncomeApplicableToCommonShares": 436792846}], "maxAge": 86400}, "fundOwnership": {"ownershipList": [], "maxAge": 1}, "summaryDetail": {"maxAge": 1, "priceHint": 4, "previousClose": 0.6, "open": 0.6, "dayLow": 0.57, "dayHigh": 0.6, "regularMarketPreviousClose": 0.6, "regularMarketOpen": 0.6, "regularMarketDayLow": 0.57, "regularMarketDayHigh": 0.6, "trailingPE": 0.271028, "volume": 731241, "regularMarketVolume": 731241, "averageVolume": 1538209, "averageVolume10days": 1645618, "averageDailyVolume10Day": 1645618, "bid": 0.57, "ask": 0.58, "bidSize": 0, "askSize": 0, "marketCap": 426937984, "fiftyTwoWeekLow": 0.57, "fiftyTwoWeekHigh": 4.15, "fiftyDayAverage": 1.2615151, "twoHundredDayAverage": 1.7034559, "trailingAnnualDividendRate": 0.037, "trailingAnnualDividendYield": 0.061666664, "currency": "INR", "fromCurrency": null, "lastMarket": null, "algorithm": null, "tradeable": false}, "sectorTrend": {"maxAge": 1, "symbol": null, "estimates": []}, "incomeStatementHistoryQuarterly": {"incomeStatementHistory": [{"maxAge": 1, "endDate": "2020-06-30", "totalRevenue": 4321000, "costOfRevenue": 5407000, "grossProfit": -1086000, "researchDevelopment": {}, "sellingGeneralAdministrative": 5905000, "nonRecurring": {}, "otherOperatingExpenses": 2013396000, "totalOperatingExpenses": 2045411000, "operatingIncome": -2041090000, "totalOtherIncomeExpenseNet": 4650000, "ebit": -2041090000, "interestExpense": -1000, "incomeBeforeTax": -2036440000, "incomeTaxExpense": 0, "minorityInterest": {}, "netIncomeFromContinuingOps": -2036440000, "discontinuedOperations": {}, "extraordinaryItems": {}, "effectOfAccountingCharges": {}, "otherItems": {}, "netIncome": -2036440000, "netIncomeApplicableToCommonShares": -2036440000}, {"maxAge": 1, "endDate": "2020-03-31", "totalRevenue": 440906000, "costOfRevenue": 1500806000, "grossProfit": -1059900000, "researchDevelopment": {}, "sellingGeneralAdministrative": 21472000, "nonRecurring": {}, "otherOperatingExpenses": 4041933000, "totalOperatingExpenses": 5581769000, "operatingIncome": -5140863000, "totalOtherIncomeExpenseNet": -245208000, "ebit": -5140863000, "interestExpense": -266501000, "incomeBeforeTax": -5386071000, "incomeTaxExpense": -9538000, "minorityInterest": {}, "netIncomeFromContinuingOps": -5376533000, "discontinuedOperations": {}, "extraordinaryItems": {}, "effectOfAccountingCharges": {}, "otherItems": {}, "netIncome": -5376533000, "netIncomeApplicableToCommonShares": -5376533000}, {"maxAge": 1, "endDate": "2019-12-31", "totalRevenue": 5812776000, "costOfRevenue": 6577758000, "grossProfit": -764982000, "researchDevelopment": {}, "sellingGeneralAdministrative": 6402000, "nonRecurring": {}, "otherOperatingExpenses": 3508544000, "totalOperatingExpenses": 10120464000, "operatingIncome": -4307688000, "totalOtherIncomeExpenseNet": 796942000, "ebit": -4307688000, "interestExpense": -14738000, "incomeBeforeTax": -3510746000, "incomeTaxExpense": 0, "minorityInterest": {}, "netIncomeFromContinuingOps": -3510746000, "discontinuedOperations": {}, "extraordinaryItems": {}, "effectOfAccountingCharges": {}, "otherItems": {}, "netIncome": -3510746000, "netIncomeApplicableToCommonShares": -3510746000}, {"maxAge": 1, "endDate": "2019-09-30", "totalRevenue": 9651228000, "costOfRevenue": 11469293000, "grossProfit": -1818065000, "researchDevelopment": {}, "sellingGeneralAdministrative": 9753000, "nonRecurring": {}, "otherOperatingExpenses": 2115558000, "totalOperatingExpenses": 13609983000, "operatingIncome": -3958755000, "totalOtherIncomeExpenseNet": 117187000, "ebit": -3958755000, "interestExpense": -167980000, "incomeBeforeTax": -3841568000, "incomeTaxExpense": -103816000, "minorityInterest": {}, "netIncomeFromContinuingOps": -3737752000, "discontinuedOperations": {}, "extraordinaryItems": {}, "effectOfAccountingCharges": {}, "otherItems": {}, "netIncome": -3737752000, "netIncomeApplicableToCommonShares": -3737752000}], "maxAge": 86400}, "cashflowStatementHistoryQuarterly": {"cashflowStatements": [{"maxAge": 1, "endDate": "2020-06-30", "netIncome": -2036440000, "changeToLiabilities": 0}, {"maxAge": 1, "endDate": "2020-03-31", "netIncome": -5376533000, "changeToLiabilities": 0}, {"maxAge": 1, "endDate": "2019-12-31", "netIncome": -3510746000, "changeToLiabilities": 0}, {"maxAge": 1, "endDate": "2019-09-30", "netIncome": -3737752000, "changeToLiabilities": 0}], "maxAge": 86400}, "insiderHolders": {"holders": [{"maxAge": 1, "name": "Agrawal (Geeta Devi)", "relation": "UNREPORTED", "url": "", "transactionDescription": "Sale", "latestTransDate": "2018-03-26", "positionDirect": 131200, "positionDirectDate": "2018-03-26"}, {"maxAge": 1, "name": "Agrawal (Gulab Chand)", "relation": "Promoter", "url": "", "transactionDescription": "Acquisition", "latestTransDate": "2018-08-01", "positionDirect": 57742972, "positionDirectDate": "2018-08-01"}, {"maxAge": 1, "name": "Garg (Beenu)", "relation": "Promoter", "url": "", "transactionDescription": "Sale", "latestTransDate": "2018-06-30", "positionDirect": 0, "positionDirectDate": "2018-06-30"}, {"maxAge": 1, "name": "Goyal (Dagdoolal)", "relation": "Promoter", "url": "", "transactionDescription": "Sale", "latestTransDate": "2018-06-30", "positionDirect": 1163257, "positionDirectDate": "2018-06-30"}], "maxAge": 1}, "earnings": {"maxAge": 86400, "earningsChart": {"quarterly": [], "earningsDate": []}, "financialsChart": {"yearly": [{"date": 2017, "revenue": 35257265335, "earnings": 436792846}, {"date": 2018, "revenue": 50654845275, "earnings": 846856798}, {"date": 2019, "revenue": 53037911000, "earnings": 1578907000}, {"date": 2020, "revenue": 28647985000, "earnings": -12196240000}], "quarterly": [{"date": "3Q2019", "revenue": 9651228000, "earnings": -3737752000}, {"date": "4Q2019", "revenue": 5812776000, "earnings": -3510746000}, {"date": "1Q2020", "revenue": 440906000, "earnings": -5376533000}, {"date": "2Q2020", "revenue": 4321000, "earnings": -2036440000}]}, "financialCurrency": "INR"}, "calendarEvents": {"maxAge": 1, "earnings": {"earningsDate": []}}, "upgradeDowngradeHistory": {"history": [], "maxAge": 86400}, "price": {"maxAge": 1, "regularMarketChangePercent": -0.0333334, "regularMarketChange": -0.02000004, "regularMarketTime": "2021-04-30 15:29:55", "priceHint": 4, "regularMarketPrice": 0.58, "regularMarketDayHigh": 0.6, "regularMarketDayLow": 0.57, "regularMarketVolume": 731241, "averageDailyVolume10Day": 1645618, "averageDailyVolume3Month": 1538209, "regularMarketPreviousClose": 0.6, "regularMarketSource": "FREE_REALTIME", "regularMarketOpen": 0.6, "exchange": "BSE", "exchangeName": "BSE", "exchangeDataDelayedBy": 0, "marketState": "CLOSED", "quoteType": "EQUITY", "symbol": "SANWARIA.BO", "underlyingSymbol": null, "shortName": "SANWARIA CONSUMER LIMITED", "longName": "Sanwaria Consumer Limited", "currency": "INR", "quoteSourceName": "Delayed Quote", "currencySymbol": "\u20b9", "fromCurrency": null, "lastMarket": null, "marketCap": 426937984}, "balanceSheetHistory": {"balanceSheetStatements": [{"maxAge": 1, "endDate": "2020-03-31", "cash": 8494000, "netReceivables": 2533424000, "inventory": 15312000, "otherCurrentAssets": -10627000, "totalCurrentAssets": 2546603000, "longTermInvestments": 92000, "propertyPlantEquipment": 981311000, "otherAssets": 191961000, "totalAssets": 3719967000, "accountsPayable": 93488000, "otherCurrentLiab": 168479000, "longTermDebt": 79775000, "otherLiab": 144315000, "totalCurrentLiabilities": 9158172000, "totalLiab": 9382262000, "commonStock": 736100000, "treasuryStock": -6398395000, "otherStockholderEquity": -6398395000, "totalStockholderEquity": -5662295000, "netTangibleAssets": -5662295000}, {"maxAge": 1, "endDate": "2019-03-31", "shortTermInvestments": 16470047000, "otherCurrentAssets": 18977000, "totalCurrentAssets": 16489024000, "propertyPlantEquipment": 1067243000, "otherAssets": 246264000, "totalAssets": 17802531000, "accountsPayable": 501184112, "otherCurrentLiab": 1010273888, "longTermDebt": 490156000, "otherLiab": 153853000, "totalCurrentLiabilities": 10627076000, "totalLiab": 11271085000, "commonStock": 736100000, "treasuryStock": 5795346000, "otherStockholderEquity": 5795346000, "totalStockholderEquity": 6531446000, "netTangibleAssets": 6531446000}, {"maxAge": 1, "endDate": "2018-03-31", "cash": 89681102, "netReceivables": 10184664892, "inventory": 5249097407, "otherCurrentAssets": 257168032, "totalCurrentAssets": 15789716750, "longTermInvestments": 362971160, "propertyPlantEquipment": 989319869, "otherAssets": 174951599, "totalAssets": 17316959378, "accountsPayable": 665460815, "otherCurrentLiab": 636578178, "longTermDebt": 186922538, "otherLiab": 157335332, "totalCurrentLiabilities": 11031397221, "totalLiab": 11375655091, "commonStock": 736100000, "retainedEarnings": 3684853781, "treasuryStock": 1388400506, "capitalSurplus": 131950000, "otherStockholderEquity": 1388400506, "totalStockholderEquity": 5941304287, "netTangibleAssets": 5941304287}, {"maxAge": 1, "endDate": "2017-03-31", "cash": 115006119, "netReceivables": 8063280103, "inventory": 5052663759, "otherCurrentAssets": 55119718, "totalCurrentAssets": 13515472380, "longTermInvestments": 363050991, "propertyPlantEquipment": 1069596426, "otherAssets": 170661388, "totalAssets": 15118781185, "accountsPayable": 454575943, "otherCurrentLiab": 417314656, "longTermDebt": 93783559, "otherLiab": 164919159, "totalCurrentLiabilities": 10717489336, "totalLiab": 10976192054, "commonStock": 368050000, "retainedEarnings": 2897178365, "treasuryStock": 397360766, "capitalSurplus": 480000000, "otherStockholderEquity": 397360766, "totalStockholderEquity": 4142589131, "netTangibleAssets": 4142589131}], "maxAge": 86400}, "earningsTrend": {"trend": [{"maxAge": 1, "period": "0q", "endDate": null, "growth": {}, "earningsEstimate": {"avg": 0.0, "low": 0.0, "high": 0.0, "yearAgoEps": {}, "numberOfAnalysts": 0, "growth": {}}, "revenueEstimate": {"avg": 0, "low": 0, "high": 0, "numberOfAnalysts": 0, "yearAgoRevenue": {}, "growth": {}}, "epsTrend": {"current": 0.0, "7daysAgo": 0.0, "30daysAgo": 0.0, "60daysAgo": 0.0, "90daysAgo": 0.0}, "epsRevisions": {"upLast7days": 0, "upLast30days": 0, "downLast30days": 0, "downLast90days": {}}}, {"maxAge": 1, "period": "+1q", "endDate": null, "growth": {}, "earningsEstimate": {"avg": 0.0, "low": 0.0, "high": 0.0, "yearAgoEps": {}, "numberOfAnalysts": 0, "growth": {}}, "revenueEstimate": {"avg": 0, "low": 0, "high": 0, "numberOfAnalysts": 0, "yearAgoRevenue": {}, "growth": {}}, "epsTrend": {"current": 0.0, "7daysAgo": 0.0, "30daysAgo": 0.0, "60daysAgo": 0.0, "90daysAgo": 0.0}, "epsRevisions": {"upLast7days": 0, "upLast30days": 0, "downLast30days": 0, "downLast90days": {}}}, {"maxAge": 1, "period": "0y", "endDate": null, "growth": {}, "earningsEstimate": {"avg": 0.0, "low": 0.0, "high": 0.0, "yearAgoEps": {}, "numberOfAnalysts": 0, "growth": {}}, "revenueEstimate": {"avg": 0, "low": 0, "high": 0, "numberOfAnalysts": 0, "yearAgoRevenue": {}, "growth": {}}, "epsTrend": {"current": 0.0, "7daysAgo": 0.0, "30daysAgo": 0.0, "60daysAgo": 0.0, "90daysAgo": 0.0}, "epsRevisions": {"upLast7days": 0, "upLast30days": 0, "downLast30days": 0, "downLast90days": {}}}, {"maxAge": 1, "period": "+1y", "endDate": null, "growth": {}, "earningsEstimate": {"avg": 0.0, "low": 0.0, "high": 0.0, "yearAgoEps": {}, "numberOfAnalysts": 0, "growth": {}}, "revenueEstimate": {"avg": 0, "low": 0, "high": 0, "numberOfAnalysts": 0, "yearAgoRevenue": {}, "growth": {}}, "epsTrend": {"current": 0.0, "7daysAgo": 0.0, "30daysAgo": 0.0, "60daysAgo": 0.0, "90daysAgo": 0.0}, "epsRevisions": {"upLast7days": 0, "upLast30days": 0, "downLast30days": 0, "downLast90days": {}}}, {"maxAge": 1, "period": "+5y", "endDate": null, "growth": {}, "earningsEstimate": {"avg": {}, "low": {}, "high": {}, "yearAgoEps": {}, "numberOfAnalysts": {}, "growth": {}}, "revenueEstimate": {"avg": {}, "low": {}, "high": {}, "numberOfAnalysts": {}, "yearAgoRevenue": {}, "growth": {}}, "epsTrend": {"current": {}, "7daysAgo": {}, "30daysAgo": {}, "60daysAgo": {}, "90daysAgo": {}}, "epsRevisions": {"upLast7days": {}, "upLast30days": {}, "downLast30days": {}, "downLast90days": {}}}, {"maxAge": 1, "period": "-5y", "endDate": null, "growth": {}, "earningsEstimate": {"avg": {}, "low": {}, "high": {}, "yearAgoEps": {}, "numberOfAnalysts": {}, "growth": {}}, "revenueEstimate": {"avg": {}, "low": {}, "high": {}, "numberOfAnalysts": {}, "yearAgoRevenue": {}, "growth": {}}, "epsTrend": {"current": {}, "7daysAgo": {}, "30daysAgo": {}, "60daysAgo": {}, "90daysAgo": {}}, "epsRevisions": {"upLast7days": {}, "upLast30days": {}, "downLast30days": {}, "downLast90days": {}}}], "maxAge": 1}, "financialData": {"maxAge": 86400, "currentPrice": 0.58, "targetHighPrice": 20.0, "targetLowPrice": 20.0, "targetMeanPrice": 20.0, "targetMedianPrice": 20.0, "recommendationKey": "none", "numberOfAnalystOpinions": 1, "grossProfits": -2732171000, "financialCurrency": "INR"}}}