{"SAPL.BO": {"cashflowStatementHistory": {"cashflowStatements": [{"maxAge": 1, "endDate": "2020-03-31", "netIncome": 2937615, "depreciation": 12719008, "changeToNetincome": -3239660, "changeToAccountReceivables": -1034174, "changeToLiabilities": -4836503, "changeToInventory": 2619094, "changeToOperatingActivities": -2358926, "totalCashFromOperatingActivities": 6806454, "capitalExpenditures": -2534141, "investments": -3956435, "otherCashflowsFromInvestingActivities": -1577992, "totalCashflowsFromInvestingActivities": -8068568, "netBorrowings": 446212, "otherCashflowsFromFinancingActivities": 2291456, "totalCashFromFinancingActivities": 2737668, "changeInCash": 1475554}, {"maxAge": 1, "endDate": "2019-03-31", "netIncome": 3298426, "depreciation": 14140339, "changeToNetincome": -2734690, "changeToAccountReceivables": -7246859, "changeToLiabilities": -7488828, "changeToInventory": 8375604, "changeToOperatingActivities": 5124224, "totalCashFromOperatingActivities": 13468216, "capitalExpenditures": -6150173, "investments": 7027878, "otherCashflowsFromInvestingActivities": -441821, "totalCashflowsFromInvestingActivities": 535884, "netBorrowings": -2763604, "otherCashflowsFromFinancingActivities": 1540503, "totalCashFromFinancingActivities": -1223101, "changeInCash": 12780999}, {"maxAge": 1, "endDate": "2018-03-31", "netIncome": 1602837, "depreciation": 12127945, "changeToNetincome": -646792, "changeToAccountReceivables": -985775, "changeToLiabilities": 15455245, "changeToInventory": 10889439, "changeToOperatingActivities": 9302440, "totalCashFromOperatingActivities": 47745339, "capitalExpenditures": -30578293, "investments": -13310663, "otherCashflowsFromInvestingActivities": 1, "totalCashflowsFromInvestingActivities": -43488955, "netBorrowings": 4878292, "otherCashflowsFromFinancingActivities": 1400689, "totalCashFromFinancingActivities": 6278981, "changeInCash": 10535364}, {"maxAge": 1, "endDate": "2017-03-31", "netIncome": 3005922, "depreciation": 11205931, "changeToNetincome": -2557463, "changeToAccountReceivables": -4090840, "changeToLiabilities": -1966353, "changeToInventory": -6668812, "changeToOperatingActivities": 39367188, "totalCashFromOperatingActivities": 38295573, "capitalExpenditures": -31302890, "investments": -1652979, "otherCashflowsFromInvestingActivities": 1, "totalCashflowsFromInvestingActivities": -32920869, "netBorrowings": -3203660, "otherCashflowsFromFinancingActivities": 1899352, "totalCashFromFinancingActivities": -1304308, "changeInCash": 4070397}], "maxAge": 86400}, "institutionOwnership": {"ownershipList": [], "maxAge": 1}, "balanceSheetHistoryQuarterly": {"balanceSheetStatements": [{"maxAge": 1, "endDate": "2020-06-30"}, {"maxAge": 1, "endDate": "2020-03-31", "cash": 43944321, "shortTermInvestments": 14502145, "netReceivables": 27108706, "inventory": 4272193, "otherCurrentAssets": 2341090, "totalCurrentAssets": 92465483, "longTermInvestments": 2373856, "propertyPlantEquipment": 51384820, "otherAssets": 6332013, "deferredLongTermAssetCharges": 3677837, "totalAssets": 152556172, "accountsPayable": 6515583, "longTermDebt": 1429750, "otherLiab": 541239, "totalCurrentLiabilities": 15837271, "totalLiab": 17808260, "commonStock": 47647400, "retainedEarnings": 71877694, "treasuryStock": 226818, "capitalSurplus": 14996000, "otherStockholderEquity": 226818, "totalStockholderEquity": 134747912, "netTangibleAssets": 134747912}, {"maxAge": 1, "endDate": "2019-12-31", "totalStockholderEquity": 134072113, "netTangibleAssets": 134072113}, {"maxAge": 1, "endDate": "2019-09-30", "cash": 56229621, "shortTermInvestments": 8444, "netReceivables": 32268176, "inventory": 6846903, "otherCurrentAssets": 6554149, "totalCurrentAssets": 101907293, "longTermInvestments": 129770, "propertyPlantEquipment": 58485287, "otherAssets": 4306431, "deferredLongTermAssetCharges": 3230255, "totalAssets": 164828781, "accountsPayable": 8272151, "longTermDebt": 1429750, "totalCurrentLiabilities": 29326918, "totalLiab": 30756668, "commonStock": 47647400, "treasuryStock": 86424713, "otherStockholderEquity": 86424713, "totalStockholderEquity": 134072113, "netTangibleAssets": 134072113}], "maxAge": 86400}, "indexTrend": {"maxAge": 1, "symbol": "SP5", "peRatio": 19.7411, "pegRatio": 1.34172, "estimates": [{"period": "0q", "growth": 0.549}, {"period": "+1q", "growth": 0.431}, {"period": "0y", "growth": 0.305}, {"period": "+1y", "growth": 0.109}, {"period": "+5y", "growth": 0.120859005}, {"period": "-5y"}]}, "insiderTransactions": {"transactions": [{"maxAge": 1, "shares": 8600, "filerUrl": "", "transactionText": "", "filerName": "Virani (Shreyas Rameshbhai)", "filerRelation": "Chief Financial Officer", "moneyText": "", "startDate": "2019-11-13", "ownership": "D"}, {"maxAge": 1, "shares": 202131, "filerUrl": "", "transactionText": "", "filerName": "Virani (Urvi S)", "filerRelation": "Promoter", "moneyText": "", "startDate": "2019-02-01", "ownership": "D"}, {"maxAge": 1, "shares": 20000, "filerUrl": "", "transactionText": "", "filerName": "Virani (Shreyas Rameshbhai)", "filerRelation": "Chief Financial Officer", "moneyText": "", "startDate": "2018-02-27", "ownership": "D"}, {"maxAge": 1, "shares": 18000, "filerUrl": "", "transactionText": "", "filerName": "Virani (Shreyas Rameshbhai)", "filerRelation": "Chief Financial Officer", "moneyText": "", "startDate": "2018-01-16", "ownership": "D"}, {"maxAge": 1, "shares": 17000, "filerUrl": "", "transactionText": "", "filerName": "Virani (Shreyas Rameshbhai)", "filerRelation": "Chief Financial Officer", "moneyText": "", "startDate": "2017-11-27", "ownership": "D"}, {"maxAge": 1, "shares": 10000, "filerUrl": "", "transactionText": "", "filerName": "Virani (Shreyas Rameshbhai)", "filerRelation": "Chairman Emeritus", "moneyText": "", "startDate": "2017-10-03", "ownership": "D"}, {"maxAge": 1, "shares": 40000, "filerUrl": "", "transactionText": "", "filerName": "Virani (Shreyas Rameshbhai)", "filerRelation": "Managing Director", "moneyText": "", "startDate": "2016-09-08", "ownership": "D"}, {"maxAge": 1, "shares": 24500, "filerUrl": "", "transactionText": "", "filerName": "Virani (Shreyas Rameshbhai)", "filerRelation": "Promoter", "moneyText": "", "startDate": "2016-08-22", "ownership": "D"}, {"maxAge": 1, "shares": 25500, "filerUrl": "", "transactionText": "", "filerName": "Virani (Shreyas Rameshbhai)", "filerRelation": "Managing Director", "moneyText": "", "startDate": "2016-08-03", "ownership": "D"}, {"maxAge": 1, "shares": 29000, "filerUrl": "", "transactionText": "", "filerName": "Virani (Shreyas Rameshbhai)", "filerRelation": "Managing Director", "moneyText": "", "startDate": "2016-07-21", "ownership": "D"}, {"maxAge": 1, "shares": 16990, "filerUrl": "", "transactionText": "", "filerName": "Virani (Shreyas Rameshbhai)", "filerRelation": "Managing Director", "moneyText": "", "startDate": "2016-04-22", "ownership": "D"}, {"maxAge": 1, "shares": 19965, "filerUrl": "", "transactionText": "", "filerName": "Virani (Shreyas Rameshbhai)", "filerRelation": "Managing Director", "moneyText": "", "startDate": "2016-04-04", "ownership": "D"}, {"maxAge": 1, "shares": 141600, "filerUrl": "", "transactionText": "", "filerName": "Virani (Shreyas Rameshbhai)", "filerRelation": "Managing Director", "moneyText": "", "startDate": "2016-03-18", "ownership": "D"}, {"maxAge": 1, "shares": 1290, "filerUrl": "", "transactionText": "", "filerName": "Virani (Shreyas Rameshbhai)", "filerRelation": "Managing Director", "moneyText": "", "startDate": "2015-11-06", "ownership": "D"}, {"maxAge": 1, "shares": 2800, "filerUrl": "", "transactionText": "", "filerName": "Virani (Shreyas Rameshbhai)", "filerRelation": "Managing Director", "moneyText": "", "startDate": "2015-11-05", "ownership": "D"}, {"maxAge": 1, "shares": 3700, "filerUrl": "", "transactionText": "", "filerName": "Virani (Shreyas Rameshbhai)", "filerRelation": "Managing Director", "moneyText": "", "startDate": "2015-11-03", "ownership": "D"}, {"maxAge": 1, "shares": 2000, "filerUrl": "", "transactionText": "", "filerName": "Virani (Shreyas Rameshbhai)", "filerRelation": "Managing Director", "moneyText": "", "startDate": "2015-10-30", "ownership": "D"}, {"maxAge": 1, "shares": 6210, "filerUrl": "", "transactionText": "", "filerName": "Virani (Shreyas Rameshbhai)", "filerRelation": "Managing Director", "moneyText": "", "startDate": "2015-10-29", "ownership": "D"}, {"maxAge": 1, "shares": 28497, "filerUrl": "", "transactionText": "", "filerName": "Virani (Shreyas Rameshbhai)", "filerRelation": "Managing Director", "moneyText": "", "startDate": "2015-09-22", "ownership": "D"}, {"maxAge": 1, "shares": 18000, "filerUrl": "", "transactionText": "", "filerName": "Virani (Shreyas Rameshbhai)", "filerRelation": "Managing Director", "moneyText": "", "startDate": "2015-09-16", "ownership": "D"}, {"maxAge": 1, "shares": 35503, "filerUrl": "", "transactionText": "", "filerName": "Virani (Shreyas Rameshbhai)", "filerRelation": "Managing Director", "moneyText": "", "startDate": "2015-09-15", "ownership": "D"}, {"maxAge": 1, "shares": 70433, "filerUrl": "", "transactionText": "", "filerName": "Virani (Shreyas Rameshbhai)", "filerRelation": "Managing Director", "moneyText": "", "startDate": "2015-09-11", "ownership": "D"}, {"maxAge": 1, "shares": 15000, "filerUrl": "", "transactionText": "", "filerName": "Virani (Shreyas Rameshbhai)", "filerRelation": "Managing Director", "moneyText": "", "startDate": "2015-08-28", "ownership": "D"}], "maxAge": 1}, "quoteType": {"exchange": "BSE", "quoteType": "EQUITY", "symbol": "SAPL.BO", "underlyingSymbol": "SAPL.BO", "shortName": "Sar  Auto Products Limited", "longName": "SAR Auto Products Limited", "firstTradeDateEpochUtc": "2015-03-04 09:15:00", "timeZoneFullName": "Asia/Kolkata", "timeZoneShortName": "IST", "uuid": "28b78804-e741-3e25-baf9-381dbd7e6386", "gmtOffSetMilliseconds": 19800000, "maxAge": 1}, "incomeStatementHistory": {"incomeStatementHistory": [{"maxAge": 1, "endDate": "2020-03-31", "totalRevenue": 67981270, "costOfRevenue": 29372841, "grossProfit": 38608429, "researchDevelopment": {}, "sellingGeneralAdministrative": 3480718, "nonRecurring": {}, "otherOperatingExpenses": 22396910, "totalOperatingExpenses": 67969477, "operatingIncome": 11793, "totalOtherIncomeExpenseNet": 2478240, "ebit": 11793, "interestExpense": -537268, "incomeBeforeTax": 2490033, "incomeTaxExpense": -447582, "minorityInterest": {}, "netIncomeFromContinuingOps": 2937615, "discontinuedOperations": {}, "extraordinaryItems": {}, "effectOfAccountingCharges": {}, "otherItems": {}, "netIncome": 2937615, "netIncomeApplicableToCommonShares": 2937615}, {"maxAge": 1, "endDate": "2019-03-31", "totalRevenue": 98305285, "costOfRevenue": 44791719, "grossProfit": 53513566, "researchDevelopment": {}, "sellingGeneralAdministrative": 3483808, "nonRecurring": {}, "otherOperatingExpenses": 35161860, "totalOperatingExpenses": 97577726, "operatingIncome": 727559, "totalOtherIncomeExpenseNet": 1973016, "ebit": 727559, "interestExpense": -1057730, "incomeBeforeTax": 2700575, "incomeTaxExpense": -597851, "minorityInterest": {}, "netIncomeFromContinuingOps": 3298426, "discontinuedOperations": {}, "extraordinaryItems": {}, "effectOfAccountingCharges": {}, "otherItems": {}, "netIncome": 3298426, "netIncomeApplicableToCommonShares": 3298426}, {"maxAge": 1, "endDate": "2018-03-31", "totalRevenue": 68318599, "costOfRevenue": 30895357, "grossProfit": 37423242, "researchDevelopment": {}, "sellingGeneralAdministrative": 3820134, "nonRecurring": {}, "otherOperatingExpenses": 21272793, "totalOperatingExpenses": 68116229, "operatingIncome": 202370, "totalOtherIncomeExpenseNet": 1784570, "ebit": 202370, "interestExpense": -618919, "incomeBeforeTax": 1986940, "incomeTaxExpense": 384103, "minorityInterest": {}, "netIncomeFromContinuingOps": 1602837, "discontinuedOperations": {}, "extraordinaryItems": {}, "effectOfAccountingCharges": {}, "otherItems": {}, "netIncome": 1602837, "netIncomeApplicableToCommonShares": 1602837}, {"maxAge": 1, "endDate": "2017-03-31", "totalRevenue": 50730430, "costOfRevenue": 14076815, "grossProfit": 36653615, "researchDevelopment": {}, "sellingGeneralAdministrative": 4006249, "nonRecurring": {}, "otherOperatingExpenses": 20579793, "totalOperatingExpenses": 49868788, "operatingIncome": 861642, "totalOtherIncomeExpenseNet": 1698098, "ebit": 861642, "interestExpense": -376558, "incomeBeforeTax": 2559740, "incomeTaxExpense": -446182, "minorityInterest": {}, "netIncomeFromContinuingOps": 3005922, "discontinuedOperations": {}, "extraordinaryItems": {}, "effectOfAccountingCharges": {}, "otherItems": {}, "netIncome": 3005922, "netIncomeApplicableToCommonShares": 3005922}], "maxAge": 86400}, "fundOwnership": {"ownershipList": [], "maxAge": 1}, "summaryDetail": {"maxAge": 1, "priceHint": 2, "previousClose": 261.0, "open": 261.0, "dayLow": 261.0, "dayHigh": 261.0, "regularMarketPreviousClose": 261.0, "regularMarketOpen": 261.0, "regularMarketDayLow": 261.0, "regularMarketDayHigh": 261.0, "volume": 2, "regularMarketVolume": 2, "averageVolume": 33, "averageVolume10days": 2, "averageDailyVolume10Day": 2, "bid": 0.0, "ask": 255.0, "bidSize": 0, "askSize": 0, "marketCap": 1243597184, "fiftyTwoWeekLow": 189.05, "fiftyTwoWeekHigh": 379.0, "fiftyDayAverage": 241.87576, "twoHundredDayAverage": 262.87683, "currency": "INR", "fromCurrency": null, "lastMarket": null, "algorithm": null, "tradeable": false}, "incomeStatementHistoryQuarterly": {"incomeStatementHistory": [{"maxAge": 1, "endDate": "2020-06-30", "totalRevenue": 5703000, "costOfRevenue": 2336000, "grossProfit": 3367000, "researchDevelopment": {}, "sellingGeneralAdministrative": 451000, "nonRecurring": {}, "otherOperatingExpenses": 2295000, "totalOperatingExpenses": 7623000, "operatingIncome": -1920000, "totalOtherIncomeExpenseNet": 507000, "ebit": -1920000, "interestExpense": -10000, "incomeBeforeTax": -1413000, "incomeTaxExpense": 0, "minorityInterest": {}, "netIncomeFromContinuingOps": -1413000, "discontinuedOperations": {}, "extraordinaryItems": {}, "effectOfAccountingCharges": {}, "otherItems": {}, "netIncome": -1413000, "netIncomeApplicableToCommonShares": -1413000}, {"maxAge": 1, "endDate": "2020-03-31", "totalRevenue": 15624270, "costOfRevenue": 7055841, "grossProfit": 8568429, "researchDevelopment": {}, "sellingGeneralAdministrative": 1242718, "nonRecurring": {}, "otherOperatingExpenses": 5644910, "totalOperatingExpenses": 17130477, "operatingIncome": -1506207, "totalOtherIncomeExpenseNet": 1253240, "ebit": -1506207, "interestExpense": -87268, "incomeBeforeTax": -252967, "incomeTaxExpense": -450582, "minorityInterest": {}, "netIncomeFromContinuingOps": 197615, "discontinuedOperations": {}, "extraordinaryItems": {}, "effectOfAccountingCharges": {}, "otherItems": {}, "netIncome": 197615, "netIncomeApplicableToCommonShares": 197615}, {"maxAge": 1, "endDate": "2019-12-31", "totalRevenue": 15986000, "costOfRevenue": 6377000, "grossProfit": 9609000, "researchDevelopment": {}, "sellingGeneralAdministrative": 745000, "nonRecurring": {}, "otherOperatingExpenses": 5254000, "totalOperatingExpenses": 16250000, "operatingIncome": -264000, "totalOtherIncomeExpenseNet": 555000, "ebit": -264000, "interestExpense": -55000, "incomeBeforeTax": 291000, "incomeTaxExpense": 3000, "minorityInterest": {}, "netIncomeFromContinuingOps": 288000, "discontinuedOperations": {}, "extraordinaryItems": {}, "effectOfAccountingCharges": {}, "otherItems": {}, "netIncome": 288000, "netIncomeApplicableToCommonShares": 288000}, {"maxAge": 1, "endDate": "2019-09-30", "totalRevenue": 16320000, "costOfRevenue": 6927000, "grossProfit": 9393000, "researchDevelopment": {}, "sellingGeneralAdministrative": 748000, "nonRecurring": {}, "otherOperatingExpenses": 5496000, "totalOperatingExpenses": 16023000, "operatingIncome": 297000, "totalOtherIncomeExpenseNet": 378000, "ebit": 297000, "interestExpense": -173000, "incomeBeforeTax": 675000, "incomeTaxExpense": 0, "minorityInterest": {}, "netIncomeFromContinuingOps": 675000, "discontinuedOperations": {}, "extraordinaryItems": {}, "effectOfAccountingCharges": {}, "otherItems": {}, "netIncome": 675000, "netIncomeApplicableToCommonShares": 675000}], "maxAge": 86400}, "cashflowStatementHistoryQuarterly": {"cashflowStatements": [{"maxAge": 1, "endDate": "2020-06-30", "netIncome": -1413000, "changeToLiabilities": 0}, {"maxAge": 1, "endDate": "2020-03-31", "netIncome": 197615, "changeToLiabilities": 0}, {"maxAge": 1, "endDate": "2019-12-31", "netIncome": 288000, "changeToLiabilities": 0}, {"maxAge": 1, "endDate": "2019-09-30", "netIncome": 675000, "changeToLiabilities": 0}], "maxAge": 86400}, "insiderHolders": {"holders": [{"maxAge": 1, "name": "Virani (Shreyas Rameshbhai)", "relation": "Chief Financial Officer", "url": "", "transactionDescription": "Sale", "latestTransDate": "2019-11-13", "positionDirect": 555045, "positionDirectDate": "2019-11-13"}, {"maxAge": 1, "name": "Virani (Urvi S)", "relation": "Promoter", "url": "", "transactionDescription": "Gift", "latestTransDate": "2019-02-01", "positionDirect": 1026231, "positionDirectDate": "2019-02-01"}], "maxAge": 1}, "calendarEvents": {"maxAge": 1, "earnings": {"earningsDate": ["2020-06-25 05:30:S"]}}, "upgradeDowngradeHistory": {"history": [], "maxAge": 86400}, "price": {"maxAge": 1, "regularMarketChangePercent": 0.0, "regularMarketChange": 0.0, "regularMarketTime": "2021-04-28 12:02:54", "priceHint": 2, "regularMarketPrice": 261.0, "regularMarketDayHigh": 261.0, "regularMarketDayLow": 261.0, "regularMarketVolume": 2, "averageDailyVolume10Day": 2, "averageDailyVolume3Month": 33, "regularMarketPreviousClose": 261.0, "regularMarketSource": "FREE_REALTIME", "regularMarketOpen": 261.0, "exchange": "BSE", "exchangeName": "BSE", "exchangeDataDelayedBy": 0, "marketState": "CLOSED", "quoteType": "EQUITY", "symbol": "SAPL.BO", "underlyingSymbol": null, "shortName": "Sar  Auto Products Limited", "longName": "SAR Auto Products Limited", "currency": "INR", "quoteSourceName": "Delayed Quote", "currencySymbol": "\u20b9", "fromCurrency": null, "lastMarket": null, "marketCap": 1243597184}, "balanceSheetHistory": {"balanceSheetStatements": [{"maxAge": 1, "endDate": "2020-03-31", "cash": 43944321, "shortTermInvestments": 14502145, "netReceivables": 27108706, "inventory": 4272193, "otherCurrentAssets": 2341090, "totalCurrentAssets": 92465483, "longTermInvestments": 2373856, "propertyPlantEquipment": 51384820, "otherAssets": 6332013, "deferredLongTermAssetCharges": 3677837, "totalAssets": 152556172, "accountsPayable": 6515583, "longTermDebt": 1429750, "otherLiab": 541239, "totalCurrentLiabilities": 15837271, "totalLiab": 17808260, "commonStock": 47647400, "retainedEarnings": 71877694, "treasuryStock": 226818, "capitalSurplus": 14996000, "otherStockholderEquity": 226818, "totalStockholderEquity": 134747912, "netTangibleAssets": 134747912}, {"maxAge": 1, "endDate": "2019-03-31", "cash": 42468767, "shortTermInvestments": 11190451, "netReceivables": 25781802, "inventory": 6891287, "otherCurrentAssets": 772987, "totalCurrentAssets": 87561120, "longTermInvestments": 542462, "propertyPlantEquipment": 61569687, "otherAssets": 4306431, "deferredLongTermAssetCharges": 3230255, "totalAssets": 153979700, "accountsPayable": 11352086, "otherCurrentLiab": 244021, "longTermDebt": 1429750, "otherLiab": 449605, "totalCurrentLiabilities": 20467387, "totalLiab": 22346742, "commonStock": 47647400, "retainedEarnings": 68940079, "treasuryStock": 49479, "capitalSurplus": 14996000, "otherStockholderEquity": 49479, "totalStockholderEquity": 131632958, "netTangibleAssets": 131632958}, {"maxAge": 1, "endDate": "2018-03-31", "cash": 29687768, "shortTermInvestments": 13426734, "netReceivables": 25307212, "inventory": 15266891, "otherCurrentAssets": 2094318, "totalCurrentAssets": 88275424, "longTermInvestments": 3050, "propertyPlantEquipment": 69559853, "otherAssets": 2771920, "deferredLongTermAssetCharges": 2112569, "totalAssets": 160610247, "accountsPayable": 18840914, "otherCurrentLiab": 194178, "longTermDebt": 1429750, "otherLiab": 391719, "totalCurrentLiabilities": 30432196, "totalLiab": 32253665, "commonStock": 47647400, "retainedEarnings": 65641652, "treasuryStock": 71530, "capitalSurplus": 14996000, "otherStockholderEquity": 71530, "totalStockholderEquity": 128356582, "netTangibleAssets": 128356582}, {"maxAge": 1, "endDate": "2017-03-31", "cash": 19152406, "netReceivables": 33336656, "inventory": 26156330, "otherCurrentAssets": 3502204, "totalCurrentAssets": 84664743, "longTermInvestments": 3050, "propertyPlantEquipment": 52055745, "otherAssets": 2756023, "deferredLongTermAssetCharges": 2096672, "totalAssets": 139479561, "accountsPayable": 3385669, "otherCurrentLiab": 1078307, "longTermDebt": 1429750, "otherLiab": 356974, "totalCurrentLiabilities": 10958999, "totalLiab": 12745723, "commonStock": 47647400, "retainedEarnings": 64088635, "treasuryStock": 1803, "capitalSurplus": 14996000, "otherStockholderEquity": 1803, "totalStockholderEquity": 126733838, "netTangibleAssets": 126733838}], "maxAge": 86400}, "financialData": {"maxAge": 86400, "currentPrice": 261.0, "recommendationKey": "none", "grossProfits": 38608429, "financialCurrency": "INR"}}}