{"SAPPL.BO": {"recommendationTrend": {"trend": [{"period": "0m", "strongBuy": 0, "buy": 0, "hold": 0, "sell": 0, "strongSell": 0}, {"period": "-1m", "strongBuy": 0, "buy": 0, "hold": 0, "sell": 0, "strongSell": 0}, {"period": "-2m", "strongBuy": 0, "buy": 0, "hold": 0, "sell": 0, "strongSell": 0}, {"period": "-3m", "strongBuy": 0, "buy": 0, "hold": 0, "sell": 0, "strongSell": 0}], "maxAge": 86400}, "cashflowStatementHistory": {"cashflowStatements": [{"maxAge": 1, "endDate": "2020-03-31", "netIncome": 199308000, "depreciation": 73644000, "changeToNetincome": 25321000, "changeToAccountReceivables": -24608000, "changeToLiabilities": -16681000, "changeToInventory": 49829000, "changeToOperatingActivities": 12254000, "totalCashFromOperatingActivities": 321061000, "capitalExpenditures": -138348000, "otherCashflowsFromInvestingActivities": 2727000, "totalCashflowsFromInvestingActivities": -135657000, "dividendsPaid": -4018000, "netBorrowings": -53867000, "otherCashflowsFromFinancingActivities": -45351000, "totalCashFromFinancingActivities": -103236000, "changeInCash": 82168000}, {"maxAge": 1, "endDate": "2019-03-31", "netIncome": 239500000, "depreciation": 67889000, "changeToNetincome": 50118000, "changeToAccountReceivables": 91524000, "changeToLiabilities": 16228000, "changeToInventory": -9892000, "changeToOperatingActivities": -9148000, "totalCashFromOperatingActivities": 448377000, "capitalExpenditures": -216638000, "investments": -22500000, "otherCashflowsFromInvestingActivities": -43000, "totalCashflowsFromInvestingActivities": -240377000, "dividendsPaid": -4018000, "netBorrowings": -152302000, "otherCashflowsFromFinancingActivities": -50618000, "totalCashFromFinancingActivities": -206938000, "changeInCash": 1062000}, {"maxAge": 1, "endDate": "2018-03-31", "netIncome": 76712000, "depreciation": 63109000, "changeToNetincome": 80489000, "changeToAccountReceivables": -91588000, "changeToLiabilities": -15525000, "changeToInventory": -9321000, "changeToOperatingActivities": 71911000, "totalCashFromOperatingActivities": 177303000, "capitalExpenditures": -179865000, "investments": -4000000, "otherCashflowsFromInvestingActivities": -3043000, "totalCashflowsFromInvestingActivities": -184463000, "dividendsPaid": -4018000, "netBorrowings": 67263000, "otherCashflowsFromFinancingActivities": -56089000, "totalCashFromFinancingActivities": 7156000, "changeInCash": -4000}, {"maxAge": 1, "endDate": "2017-03-31", "netIncome": 64372000, "depreciation": 53730000, "changeToNetincome": 42034000, "changeToAccountReceivables": 55071000, "changeToLiabilities": 25346000, "changeToInventory": -48142000, "changeToOperatingActivities": -50291000, "totalCashFromOperatingActivities": 142490000, "capitalExpenditures": -262752000, "investments": -5000000, "otherCashflowsFromInvestingActivities": 1207000, "totalCashflowsFromInvestingActivities": -271030000, "dividendsPaid": -4018000, "netBorrowings": 176144000, "otherCashflowsFromFinancingActivities": -43534000, "totalCashFromFinancingActivities": 128592000, "changeInCash": 52000}], "maxAge": 86400}, "institutionOwnership": {"ownershipList": [], "maxAge": 1}, "balanceSheetHistoryQuarterly": {"balanceSheetStatements": [{"maxAge": 1, "endDate": "2020-03-31", "cash": 83493000, "netReceivables": 338944000, "inventory": 181656000, "otherCurrentAssets": 27348000, "totalCurrentAssets": 636224000, "longTermInvestments": 78194000, "propertyPlantEquipment": 1364211000, "intangibleAssets": 5788000, "otherAssets": 18026000, "totalAssets": 2102443000, "accountsPayable": 145796000, "shortLongTermDebt": 48147000, "otherCurrentLiab": 27041000, "longTermDebt": 207098000, "otherLiab": 186716000, "totalCurrentLiabilities": 277801000, "totalLiab": 671709000, "commonStock": 53567000, "retainedEarnings": 1375838000, "treasuryStock": 1329000, "otherStockholderEquity": 1329000, "totalStockholderEquity": 1430734000, "netTangibleAssets": 1424946000}, {"maxAge": 1, "endDate": "2019-12-31", "totalStockholderEquity": 1342386000, "netTangibleAssets": 1335679000}, {"maxAge": 1, "endDate": "2019-09-30", "cash": 49171000, "shortTermInvestments": 1328000, "netReceivables": 326515000, "inventory": 244645000, "otherCurrentAssets": 27358000, "totalCurrentAssets": 649017000, "longTermInvestments": 78914000, "propertyPlantEquipment": 1355238000, "intangibleAssets": 6707000, "otherAssets": 18646000, "totalAssets": 2108522000, "accountsPayable": 165825000, "otherCurrentLiab": 88276000, "longTermDebt": 213968000, "otherLiab": 178881000, "totalCurrentLiabilities": 373287000, "totalLiab": 766136000, "commonStock": 53567000, "treasuryStock": 1288819000, "otherStockholderEquity": 1288819000, "totalStockholderEquity": 1342386000, "netTangibleAssets": 1335679000}, {"maxAge": 1, "endDate": "2019-06-30", "totalStockholderEquity": 1236591000, "netTangibleAssets": 1228972000}], "maxAge": 86400}, "earningsHistory": {"history": [{"maxAge": 1, "epsActual": {}, "epsEstimate": {}, "epsDifference": {}, "surprisePercent": {}, "quarter": {}, "period": "-4q"}, {"maxAge": 1, "epsActual": {}, "epsEstimate": {}, "epsDifference": {}, "surprisePercent": {}, "quarter": {}, "period": "-3q"}, {"maxAge": 1, "epsActual": {}, "epsEstimate": {}, "epsDifference": {}, "surprisePercent": {}, "quarter": {}, "period": "-2q"}, {"maxAge": 1, "epsActual": 0.26, "epsEstimate": 3.4, "epsDifference": -3.14, "surprisePercent": -0.924, "quarter": "2017-09-30", "period": "-1q"}], "maxAge": 86400}, "indexTrend": {"maxAge": 1, "symbol": "SP5", "peRatio": 19.7411, "pegRatio": 1.34172, "estimates": [{"period": "0q", "growth": 0.549}, {"period": "+1q", "growth": 0.431}, {"period": "0y", "growth": 0.305}, {"period": "+1y", "growth": 0.109}, {"period": "+5y", "growth": 0.120859005}, {"period": "-5y"}]}, "industryTrend": {"maxAge": 1, "symbol": null, "estimates": []}, "insiderTransactions": {"transactions": [{"maxAge": 1, "shares": 338860, "filerUrl": "", "transactionText": "", "filerName": "Shah (Sureshbhai C)", "filerRelation": "Promoter", "moneyText": "", "startDate": "2018-12-20", "ownership": "D"}, {"maxAge": 1, "shares": 385540, "filerUrl": "", "transactionText": "", "filerName": "Shah (Bela G)", "filerRelation": "Promoter", "moneyText": "", "startDate": "2015-02-07", "ownership": "D"}], "maxAge": 1}, "quoteType": {"exchange": "BSE", "quoteType": "EQUITY", "symbol": "SAPPL.BO", "underlyingSymbol": "SAPPL.BO", "shortName": "Shree Ajit Pulp And Paper Ltd.", "longName": "Shree Ajit Pulp and Paper Limited", "firstTradeDateEpochUtc": "2006-11-15 09:15:00", "timeZoneFullName": "Asia/Kolkata", "timeZoneShortName": "IST", "uuid": "32843fcd-3aec-3f55-8c3a-915fdf102b7a", "gmtOffSetMilliseconds": 19800000, "maxAge": 1}, "incomeStatementHistory": {"incomeStatementHistory": [{"maxAge": 1, "endDate": "2020-03-31", "totalRevenue": 2404118000, "costOfRevenue": 1280177000, "grossProfit": 1123941000, "researchDevelopment": {}, "sellingGeneralAdministrative": 171860000, "nonRecurring": {}, "otherOperatingExpenses": 607882000, "totalOperatingExpenses": 2135557000, "operatingIncome": 268561000, "totalOtherIncomeExpenseNet": -34645000, "ebit": 268561000, "interestExpense": -35454000, "incomeBeforeTax": 233916000, "incomeTaxExpense": 34608000, "minorityInterest": {}, "netIncomeFromContinuingOps": 199308000, "discontinuedOperations": {}, "extraordinaryItems": {}, "effectOfAccountingCharges": {}, "otherItems": {}, "netIncome": 199308000, "netIncomeApplicableToCommonShares": 199308000}, {"maxAge": 1, "endDate": "2019-03-31", "totalRevenue": 2697023000, "costOfRevenue": 1522803000, "grossProfit": 1174220000, "researchDevelopment": {}, "sellingGeneralAdministrative": 169502000, "nonRecurring": {}, "otherOperatingExpenses": 560671000, "totalOperatingExpenses": 2323023000, "operatingIncome": 374000000, "totalOtherIncomeExpenseNet": -39496000, "ebit": 374000000, "interestExpense": -41091000, "incomeBeforeTax": 334504000, "incomeTaxExpense": 95004000, "minorityInterest": {}, "netIncomeFromContinuingOps": 239500000, "discontinuedOperations": {}, "extraordinaryItems": {}, "effectOfAccountingCharges": {}, "otherItems": {}, "netIncome": 239500000, "netIncomeApplicableToCommonShares": 239500000}, {"maxAge": 1, "endDate": "2018-03-31", "totalRevenue": 2492623000, "costOfRevenue": 1633942000, "grossProfit": 858681000, "researchDevelopment": {}, "sellingGeneralAdministrative": 139482000, "nonRecurring": {}, "otherOperatingExpenses": 475332000, "totalOperatingExpenses": 2313381000, "operatingIncome": 179242000, "totalOtherIncomeExpenseNet": -66090000, "ebit": 179242000, "interestExpense": -49449000, "incomeBeforeTax": 113152000, "incomeTaxExpense": 36440000, "minorityInterest": {}, "netIncomeFromContinuingOps": 76712000, "discontinuedOperations": {}, "extraordinaryItems": {}, "effectOfAccountingCharges": {}, "otherItems": {}, "netIncome": 76712000, "netIncomeApplicableToCommonShares": 76712000}, {"maxAge": 1, "endDate": "2017-03-31", "totalRevenue": 2086644000, "costOfRevenue": 1369837000, "grossProfit": 716807000, "researchDevelopment": {}, "sellingGeneralAdministrative": 122571000, "nonRecurring": {}, "otherOperatingExpenses": 409052000, "totalOperatingExpenses": 1955560000, "operatingIncome": 131084000, "totalOtherIncomeExpenseNet": -40200000, "ebit": 131084000, "interestExpense": -34774000, "incomeBeforeTax": 90884000, "incomeTaxExpense": 26512000, "minorityInterest": {}, "netIncomeFromContinuingOps": 64372000, "discontinuedOperations": {}, "extraordinaryItems": {}, "effectOfAccountingCharges": {}, "otherItems": {}, "netIncome": 64372000, "netIncomeApplicableToCommonShares": 64372000}], "maxAge": 86400}, "fundOwnership": {"ownershipList": [], "maxAge": 1}, "summaryDetail": {"maxAge": 1, "priceHint": 2, "previousClose": 263.45, "open": 285.0, "dayLow": 259.1, "dayHigh": 285.0, "regularMarketPreviousClose": 263.45, "regularMarketOpen": 285.0, "regularMarketDayLow": 259.1, "regularMarketDayHigh": 285.0, "trailingPE": 7.240573, "forwardPE": 11.687635, "volume": 4867, "regularMarketVolume": 4867, "averageVolume": 856, "averageVolume10days": 1524, "averageDailyVolume10Day": 1524, "bid": 265.0, "ask": 268.0, "bidSize": 0, "askSize": 0, "marketCap": 1443094912, "fiftyTwoWeekLow": 121.6, "fiftyTwoWeekHigh": 285.0, "fiftyDayAverage": 171.94849, "twoHundredDayAverage": 160.47794, "trailingAnnualDividendRate": 0.75, "trailingAnnualDividendYield": 0.0028468398, "currency": "INR", "fromCurrency": null, "lastMarket": null, "algorithm": null, "tradeable": false}, "sectorTrend": {"maxAge": 1, "symbol": null, "estimates": []}, "incomeStatementHistoryQuarterly": {"incomeStatementHistory": [{"maxAge": 1, "endDate": "2020-03-31", "totalRevenue": 615192000, "costOfRevenue": 57072000, "grossProfit": 558120000, "researchDevelopment": {}, "sellingGeneralAdministrative": 45012000, "nonRecurring": {}, "otherOperatingExpenses": 385379000, "totalOperatingExpenses": 506695000, "operatingIncome": 108497000, "totalOtherIncomeExpenseNet": -9776000, "ebit": 108497000, "interestExpense": -1106000, "incomeBeforeTax": 98721000, "incomeTaxExpense": 27726000, "minorityInterest": {}, "netIncomeFromContinuingOps": 70995000, "discontinuedOperations": {}, "extraordinaryItems": {}, "effectOfAccountingCharges": {}, "otherItems": {}, "netIncome": 70995000, "netIncomeApplicableToCommonShares": 70995000}, {"maxAge": 1, "endDate": "2019-12-31", "totalRevenue": 524132000, "costOfRevenue": 352412000, "grossProfit": 171720000, "researchDevelopment": {}, "sellingGeneralAdministrative": 43127000, "nonRecurring": {}, "otherOperatingExpenses": 81082000, "totalOperatingExpenses": 495987000, "operatingIncome": 28145000, "totalOtherIncomeExpenseNet": -3445000, "ebit": 28145000, "interestExpense": -8838000, "incomeBeforeTax": 24700000, "incomeTaxExpense": 7008000, "minorityInterest": {}, "netIncomeFromContinuingOps": 17692000, "discontinuedOperations": {}, "extraordinaryItems": {}, "effectOfAccountingCharges": {}, "otherItems": {}, "netIncome": 17692000, "netIncomeApplicableToCommonShares": 17692000}, {"maxAge": 1, "endDate": "2019-09-30", "totalRevenue": 640171000, "costOfRevenue": 434403000, "grossProfit": 205768000, "researchDevelopment": {}, "sellingGeneralAdministrative": 42129000, "nonRecurring": {}, "otherOperatingExpenses": 78532000, "totalOperatingExpenses": 573855000, "operatingIncome": 66316000, "totalOtherIncomeExpenseNet": -9926000, "ebit": 66316000, "interestExpense": -12580000, "incomeBeforeTax": 56390000, "incomeTaxExpense": -17658000, "minorityInterest": {}, "netIncomeFromContinuingOps": 74048000, "discontinuedOperations": {}, "extraordinaryItems": {}, "effectOfAccountingCharges": {}, "otherItems": {}, "netIncome": 74048000, "netIncomeApplicableToCommonShares": 74048000}, {"maxAge": 1, "endDate": "2019-06-30", "totalRevenue": 624623000, "costOfRevenue": 436290000, "grossProfit": 188333000, "researchDevelopment": {}, "sellingGeneralAdministrative": 41592000, "nonRecurring": {}, "otherOperatingExpenses": 62889000, "totalOperatingExpenses": 559020000, "operatingIncome": 65603000, "totalOtherIncomeExpenseNet": -11498000, "ebit": 65603000, "interestExpense": -12930000, "incomeBeforeTax": 54105000, "incomeTaxExpense": 17532000, "minorityInterest": {}, "netIncomeFromContinuingOps": 36573000, "discontinuedOperations": {}, "extraordinaryItems": {}, "effectOfAccountingCharges": {}, "otherItems": {}, "netIncome": 36573000, "netIncomeApplicableToCommonShares": 36573000}], "maxAge": 86400}, "cashflowStatementHistoryQuarterly": {"cashflowStatements": [{"maxAge": 1, "endDate": "2020-03-31", "netIncome": 70995000, "changeToLiabilities": 0}, {"maxAge": 1, "endDate": "2019-12-31", "netIncome": 17692000, "changeToLiabilities": 0}, {"maxAge": 1, "endDate": "2019-09-30", "netIncome": 74048000, "changeToLiabilities": 0}, {"maxAge": 1, "endDate": "2019-06-30", "netIncome": 36573000, "changeToLiabilities": 0}], "maxAge": 86400}, "insiderHolders": {"holders": [{"maxAge": 1, "name": "Shah (Bela G)", "relation": "Promoter", "url": "", "transactionDescription": "Acquisition", "latestTransDate": "2015-02-07", "positionDirect": 385540, "positionDirectDate": "2015-02-07"}, {"maxAge": 1, "name": "Shah (Sureshbhai C)", "relation": "Promoter", "url": "", "transactionDescription": "Other", "latestTransDate": "2018-12-20", "positionDirect": 792860, "positionDirectDate": "2018-12-20"}], "maxAge": 1}, "earnings": {"maxAge": 86400, "earningsChart": {"quarterly": [{"date": "3Q2017", "actual": 0.26, "estimate": 3.4}], "currentQuarterEstimateDate": "4Q", "currentQuarterEstimateYear": 2017, "earningsDate": ["2020-09-14 05:30:S"]}, "financialsChart": {"yearly": [{"date": 2017, "revenue": 2086644000, "earnings": 64372000}, {"date": 2018, "revenue": 2492623000, "earnings": 76712000}, {"date": 2019, "revenue": 2697023000, "earnings": 239500000}, {"date": 2020, "revenue": 2404118000, "earnings": 199308000}], "quarterly": [{"date": "2Q2019", "revenue": 624623000, "earnings": 36573000}, {"date": "3Q2019", "revenue": 640171000, "earnings": 74048000}, {"date": "4Q2019", "revenue": 524132000, "earnings": 17692000}, {"date": "1Q2020", "revenue": 615192000, "earnings": 70995000}]}, "financialCurrency": "INR"}, "calendarEvents": {"maxAge": 1, "earnings": {"earningsDate": ["2020-09-14 05:30:S"]}}, "upgradeDowngradeHistory": {"history": [], "maxAge": 86400}, "price": {"maxAge": 1, "regularMarketChangePercent": 0.022584861, "regularMarketChange": 5.9499817, "regularMarketTime": "2021-04-30 15:29:06", "priceHint": 2, "regularMarketPrice": 269.4, "regularMarketDayHigh": 285.0, "regularMarketDayLow": 259.1, "regularMarketVolume": 4867, "averageDailyVolume10Day": 1524, "averageDailyVolume3Month": 856, "regularMarketPreviousClose": 263.45, "regularMarketSource": "FREE_REALTIME", "regularMarketOpen": 285.0, "exchange": "BSE", "exchangeName": "BSE", "exchangeDataDelayedBy": 0, "marketState": "CLOSED", "quoteType": "EQUITY", "symbol": "SAPPL.BO", "underlyingSymbol": null, "shortName": "Shree Ajit Pulp And Paper Ltd.", "longName": "Shree Ajit Pulp and Paper Limited", "currency": "INR", "quoteSourceName": "Delayed Quote", "currencySymbol": "\u20b9", "fromCurrency": null, "lastMarket": null, "marketCap": 1443094912}, "balanceSheetHistory": {"balanceSheetStatements": [{"maxAge": 1, "endDate": "2020-03-31", "cash": 83493000, "netReceivables": 338944000, "inventory": 181656000, "otherCurrentAssets": 27348000, "totalCurrentAssets": 636224000, "longTermInvestments": 78194000, "propertyPlantEquipment": 1364211000, "intangibleAssets": 5788000, "otherAssets": 18026000, "totalAssets": 2102443000, "accountsPayable": 145796000, "shortLongTermDebt": 48147000, "otherCurrentLiab": 27041000, "longTermDebt": 207098000, "otherLiab": 186716000, "totalCurrentLiabilities": 277801000, "totalLiab": 671709000, "commonStock": 53567000, "retainedEarnings": 1375838000, "treasuryStock": 1329000, "otherStockholderEquity": 1329000, "totalStockholderEquity": 1430734000, "netTangibleAssets": 1424946000}, {"maxAge": 1, "endDate": "2019-03-31", "cash": 1325000, "shortTermInvestments": 747000, "netReceivables": 316182000, "inventory": 231485000, "otherCurrentAssets": 32248000, "totalCurrentAssets": 588224000, "longTermInvestments": 75801000, "propertyPlantEquipment": 1292366000, "intangibleAssets": 7619000, "otherAssets": 27873000, "totalAssets": 1991883000, "accountsPayable": 166938000, "shortLongTermDebt": 66064000, "otherCurrentLiab": 29512000, "longTermDebt": 204717000, "otherLiab": 193120000, "totalCurrentLiabilities": 357455000, "totalLiab": 755292000, "commonStock": 53567000, "retainedEarnings": 1181587000, "treasuryStock": 1437000, "otherStockholderEquity": 1437000, "totalStockholderEquity": 1236591000, "netTangibleAssets": 1228972000}, {"maxAge": 1, "endDate": "2018-03-31", "cash": 263000, "netReceivables": 408424000, "inventory": 221593000, "otherCurrentAssets": 20553000, "totalCurrentAssets": 656420000, "longTermInvestments": 45320000, "propertyPlantEquipment": 1124238000, "intangibleAssets": 8581000, "otherAssets": 33733000, "totalAssets": 1868292000, "accountsPayable": 153355000, "shortLongTermDebt": 69073000, "otherCurrentLiab": 23340000, "longTermDebt": 214985000, "otherLiab": 165960000, "totalCurrentLiabilities": 485562000, "totalLiab": 866507000, "commonStock": 53567000, "retainedEarnings": 946807000, "treasuryStock": 1411000, "otherStockholderEquity": 1411000, "totalStockholderEquity": 1001785000, "netTangibleAssets": 993204000}, {"maxAge": 1, "endDate": "2017-03-31", "cash": 267000, "netReceivables": 380690000, "inventory": 212272000, "otherCurrentAssets": 17957000, "totalCurrentAssets": 616887000, "longTermInvestments": 47509000, "propertyPlantEquipment": 944180000, "intangibleAssets": 1408000, "otherAssets": 118079000, "totalAssets": 1728063000, "accountsPayable": 168218000, "shortLongTermDebt": 64677000, "otherCurrentLiab": 26338000, "longTermDebt": 152095000, "otherLiab": 156470000, "totalCurrentLiabilities": 489813000, "totalLiab": 798378000, "commonStock": 53567000, "retainedEarnings": 874683000, "treasuryStock": 1435000, "otherStockholderEquity": 1435000, "totalStockholderEquity": 929685000, "netTangibleAssets": 928277000}], "maxAge": 86400}, "earningsTrend": {"trend": [{"maxAge": 1, "period": "0q", "endDate": "2017-12-31", "growth": {}, "earningsEstimate": {"avg": 0.0, "low": 0.0, "high": 0.0, "yearAgoEps": {}, "numberOfAnalysts": 0, "growth": {}}, "revenueEstimate": {"avg": 0, "low": 0, "high": 0, "numberOfAnalysts": 0, "yearAgoRevenue": {}, "growth": {}}, "epsTrend": {"current": 0.0, "7daysAgo": 0.0, "30daysAgo": 0.0, "60daysAgo": 0.0, "90daysAgo": 0.0}, "epsRevisions": {"upLast7days": 0, "upLast30days": 0, "downLast30days": 0, "downLast90days": {}}}, {"maxAge": 1, "period": "+1q", "endDate": "2018-03-31", "growth": {}, "earningsEstimate": {"avg": 0.0, "low": 0.0, "high": 0.0, "yearAgoEps": {}, "numberOfAnalysts": 0, "growth": {}}, "revenueEstimate": {"avg": 0, "low": 0, "high": 0, "numberOfAnalysts": 0, "yearAgoRevenue": {}, "growth": {}}, "epsTrend": {"current": 0.0, "7daysAgo": 0.0, "30daysAgo": 0.0, "60daysAgo": 0.0, "90daysAgo": 0.0}, "epsRevisions": {"upLast7days": 0, "upLast30days": 0, "downLast30days": 0, "downLast90days": {}}}, {"maxAge": 1, "period": "0y", "endDate": "2018-03-31", "growth": {}, "earningsEstimate": {"avg": 0.0, "low": 0.0, "high": 0.0, "yearAgoEps": {}, "numberOfAnalysts": 0, "growth": {}}, "revenueEstimate": {"avg": 3497470000, "low": 3497470000, "high": 3497470000, "numberOfAnalysts": 1, "yearAgoRevenue": {}, "growth": {}}, "epsTrend": {"current": 0.0, "7daysAgo": 19.16, "30daysAgo": 19.16, "60daysAgo": 19.16, "90daysAgo": 19.16}, "epsRevisions": {"upLast7days": 0, "upLast30days": 0, "downLast30days": 0, "downLast90days": {}}}, {"maxAge": 1, "period": "+1y", "endDate": "2019-03-31", "growth": {}, "earningsEstimate": {"avg": 0.0, "low": 0.0, "high": 0.0, "yearAgoEps": {}, "numberOfAnalysts": 0, "growth": {}}, "revenueEstimate": {"avg": 4106030000, "low": 4106030000, "high": 4106030000, "numberOfAnalysts": 1, "yearAgoRevenue": 3497470000, "growth": 0.174}, "epsTrend": {"current": 0.0, "7daysAgo": 23.05, "30daysAgo": 23.05, "60daysAgo": 23.05, "90daysAgo": 23.05}, "epsRevisions": {"upLast7days": 0, "upLast30days": 0, "downLast30days": 0, "downLast90days": {}}}, {"maxAge": 1, "period": "+5y", "endDate": null, "growth": {}, "earningsEstimate": {"avg": {}, "low": {}, "high": {}, "yearAgoEps": {}, "numberOfAnalysts": {}, "growth": {}}, "revenueEstimate": {"avg": {}, "low": {}, "high": {}, "numberOfAnalysts": {}, "yearAgoRevenue": {}, "growth": {}}, "epsTrend": {"current": {}, "7daysAgo": {}, "30daysAgo": {}, "60daysAgo": {}, "90daysAgo": {}}, "epsRevisions": {"upLast7days": {}, "upLast30days": {}, "downLast30days": {}, "downLast90days": {}}}, {"maxAge": 1, "period": "-5y", "endDate": null, "growth": {}, "earningsEstimate": {"avg": {}, "low": {}, "high": {}, "yearAgoEps": {}, "numberOfAnalysts": {}, "growth": {}}, "revenueEstimate": {"avg": {}, "low": {}, "high": {}, "numberOfAnalysts": {}, "yearAgoRevenue": {}, "growth": {}}, "epsTrend": {"current": {}, "7daysAgo": {}, "30daysAgo": {}, "60daysAgo": {}, "90daysAgo": {}}, "epsRevisions": {"upLast7days": {}, "upLast30days": {}, "downLast30days": {}, "downLast90days": {}}}], "maxAge": 1}, "financialData": {"maxAge": 86400, "currentPrice": 269.4, "targetHighPrice": 80.0, "targetLowPrice": 80.0, "targetMeanPrice": 80.0, "targetMedianPrice": 80.0, "recommendationMean": 2.0, "recommendationKey": "buy", "numberOfAnalystOpinions": 1, "grossProfits": 1123941000, "financialCurrency": "INR"}}}