{"SARDAEN.NS": {"assetProfile": {"address1": "Industrial Growth Center", "address2": "Siltara", "city": "Raipur", "zip": "493111", "country": "India", "phone": "91 77 1221 6000", "fax": "91 77 1221 6198", "website": "http://www.seml.co.in", "industry": "Steel", "sector": "Basic Materials", "longBusinessSummary": "Sarda Energy & Minerals Limited produces and sells steel products in India. The company operates through Steel, Ferro, and Power segments. Its products include sponge iron, billets and wire rods, ferro alloys, eco-bricks, and pellets. The company is also involved in the iron ore mining; and operation of thermal, hydro, and solar power plants. In addition, it exports its products. The company was incorporated in 1973 and is headquartered in Raipur, India.", "companyOfficers": [{"maxAge": 1, "name": "Mr. Kamal Kishore Sarda", "age": 68, "title": "MD & Chairman", "yearBorn": 1952, "fiscalYear": 2020, "totalPay": 40832000, "exercisedValue": 0, "unexercisedValue": 0}, {"maxAge": 1, "name": "Mr. Pankaj Kamalkishor Sarda", "age": 41, "title": "Joint MD & Exec. Director", "yearBorn": 1979, "fiscalYear": 2020, "totalPay": 20169000, "exercisedValue": 0, "unexercisedValue": 0}, {"maxAge": 1, "name": "Mr. Padam Kumar Jain C.A., C.S.", "age": 57, "title": "CFO & Whole Time Director", "yearBorn": 1963, "fiscalYear": 2020, "totalPay": 5929000, "exercisedValue": 0, "unexercisedValue": 0}, {"maxAge": 1, "name": "Mr. Manish  Sethi", "title": "Company Sec. & Compliance Officer", "exercisedValue": 0, "unexercisedValue": 0}, {"maxAge": 1, "name": "Mr. M. K. Maheshwari", "age": 60, "title": "Sr. VP of Corp.", "yearBorn": 1960, "exercisedValue": 0, "unexercisedValue": 0}, {"maxAge": 1, "name": "Mr. Ajay  Singhal", "age": 51, "title": "Head of Fin. & Accounts", "yearBorn": 1969, "exercisedValue": 0, "unexercisedValue": 0}, {"maxAge": 1, "name": "Mr. Nilay  Joshi", "age": 40, "title": "Head of Corp. Fin.", "yearBorn": 1980, "exercisedValue": 0, "unexercisedValue": 0}, {"maxAge": 1, "name": "Mr. S.  Laddha", "age": 50, "title": "Head of Legal & Mines", "yearBorn": 1970, "exercisedValue": 0, "unexercisedValue": 0}, {"maxAge": 1, "name": "Mr. Anup K. Nanda", "age": 67, "title": "Head of Works", "yearBorn": 1953, "exercisedValue": 0, "unexercisedValue": 0}, {"maxAge": 1, "name": "Mr. Sanjeev  Agrawal", "age": 56, "title": "Head of Commercial", "yearBorn": 1964, "exercisedValue": 0, "unexercisedValue": 0}], "compensationAsOfEpochDate": "2020-12-31 05:30:00", "maxAge": 86400}, "recommendationTrend": {"trend": [{"period": "0m", "strongBuy": 0, "buy": 0, "hold": 0, "sell": 0, "strongSell": 0}, {"period": "-1m", "strongBuy": 0, "buy": 1, "hold": 0, "sell": 0, "strongSell": 0}, {"period": "-2m", "strongBuy": 0, "buy": 1, "hold": 0, "sell": 0, "strongSell": 0}, {"period": "-3m", "strongBuy": 0, "buy": 1, "hold": 0, "sell": 0, "strongSell": 0}], "maxAge": 86400}, "cashflowStatementHistory": {"cashflowStatements": [{"maxAge": 1, "endDate": "2020-03-31", "netIncome": 1263400000, "depreciation": 777400000, "changeToNetincome": 1028200000, "changeToAccountReceivables": -307100000, "changeToLiabilities": 264200000, "changeToInventory": -612700000, "changeToOperatingActivities": 1016800000, "totalCashFromOperatingActivities": 3446800000, "capitalExpenditures": -3586500000, "investments": -174300000, "otherCashflowsFromInvestingActivities": -204600000, "totalCashflowsFromInvestingActivities": -4231200000, "dividendsPaid": -180200000, "netBorrowings": 2995100000, "otherCashflowsFromFinancingActivities": -826100000, "totalCashFromFinancingActivities": 1988800000, "changeInCash": 1204400000}, {"maxAge": 1, "endDate": "2019-03-31", "netIncome": 2031800000, "depreciation": 762200000, "changeToNetincome": 1300900000, "changeToAccountReceivables": 389500000, "changeToLiabilities": 547700000, "changeToInventory": -282400000, "changeToOperatingActivities": 40900000, "totalCashFromOperatingActivities": 4800800000, "capitalExpenditures": -3273500000, "investments": -262900000, "otherCashflowsFromInvestingActivities": -903400000, "totalCashflowsFromInvestingActivities": -3985500000, "dividendsPaid": -180200000, "netBorrowings": 112200000, "otherCashflowsFromFinancingActivities": -988800000, "totalCashFromFinancingActivities": -1056800000, "changeInCash": -241500000}, {"maxAge": 1, "endDate": "2018-03-31", "netIncome": 2024919000, "depreciation": 729074000, "changeToNetincome": 793707000, "changeToAccountReceivables": -256164000, "changeToLiabilities": 217685000, "changeToInventory": -686363000, "changeToOperatingActivities": 179396000, "totalCashFromOperatingActivities": 3004971000, "capitalExpenditures": -2620728000, "investments": 253255000, "otherCashflowsFromInvestingActivities": 688697000, "totalCashflowsFromInvestingActivities": -1564092000, "dividendsPaid": -144194000, "netBorrowings": 222765000, "otherCashflowsFromFinancingActivities": -945421000, "totalCashFromFinancingActivities": -864495000, "changeInCash": 576384000, "issuanceOfStock": 2355000}, {"maxAge": 1, "endDate": "2017-03-31", "netIncome": 1318791000, "depreciation": 893059000, "changeToNetincome": 380410000, "changeToAccountReceivables": 168303000, "changeToLiabilities": 204695000, "changeToInventory": -1207582000, "changeToOperatingActivities": -18871000, "totalCashFromOperatingActivities": 1771248000, "capitalExpenditures": -2401951000, "investments": -436026000, "otherCashflowsFromInvestingActivities": 229804000, "totalCashflowsFromInvestingActivities": -2410463000, "dividendsPaid": -144194000, "netBorrowings": 1488796000, "otherCashflowsFromFinancingActivities": -922357000, "totalCashFromFinancingActivities": 628709000, "changeInCash": -10506000, "issuanceOfStock": 62270000}], "maxAge": 86400}, "indexTrend": {"maxAge": 1, "symbol": "SP5", "peRatio": 19.7411, "pegRatio": 1.34172, "estimates": [{"period": "0q", "growth": 0.549}, {"period": "+1q", "growth": 0.431}, {"period": "0y", "growth": 0.305}, {"period": "+1y", "growth": 0.109}, {"period": "+5y", "growth": 0.120865}, {"period": "-5y"}]}, "defaultKeyStatistics": {"maxAge": 1, "priceHint": 2, "enterpriseValue": 31548018688, "forwardPE": 10.782802, "profitMargins": 0.10486, "floatShares": 7567858, "sharesOutstanding": 36049200, "heldPercentInsiders": 0.77169997, "heldPercentInstitutions": 0.0066000004, "beta": 1.607583, "category": null, "bookValue": 545.054, "priceToBook": 0.93632925, "fundFamily": null, "legalType": null, "lastFiscalYearEnd": "2020-03-31 05:30:00", "nextFiscalYearEnd": "2022-03-31 05:30:00", "mostRecentQuarter": "2020-12-31 05:30:00", "earningsQuarterlyGrowth": 1.736, "netIncomeToCommon": 2032000000, "trailingEps": 56.406, "forwardEps": 47.33, "lastSplitFactor": null, "enterpriseToRevenue": 1.628, "enterpriseToEbitda": 7.552}, "industryTrend": {"maxAge": 1, "symbol": null, "estimates": []}, "quoteType": {"exchange": "NSI", "quoteType": "EQUITY", "symbol": "SARDAEN.NS", "underlyingSymbol": "SARDAEN.NS", "shortName": "SARDA ENERGY & MIN", "longName": "Sarda Energy & Minerals Limited", "firstTradeDateEpochUtc": "2009-12-03 09:15:00", "timeZoneFullName": "Asia/Kolkata", "timeZoneShortName": "IST", "uuid": "2a48e7a4-6a5b-3b31-8ba0-9559564a73f7", "gmtOffSetMilliseconds": 19800000, "maxAge": 1}, "incomeStatementHistory": {"incomeStatementHistory": [{"maxAge": 1, "endDate": "2020-03-31", "totalRevenue": 20001500000, "costOfRevenue": 13124600000, "grossProfit": 6876900000, "researchDevelopment": {}, "sellingGeneralAdministrative": 900600000, "nonRecurring": {}, "otherOperatingExpenses": 2247600000, "totalOperatingExpenses": 17052000000, "operatingIncome": 2949500000, "totalOtherIncomeExpenseNet": -1231500000, "ebit": 2949500000, "interestExpense": -738200000, "incomeBeforeTax": 1718000000, "incomeTaxExpense": 433500000, "minorityInterest": 1004700000, "netIncomeFromContinuingOps": 1284500000, "discontinuedOperations": {}, "extraordinaryItems": {}, "effectOfAccountingCharges": {}, "otherItems": {}, "netIncome": 1263400000, "netIncomeApplicableToCommonShares": 1263400000}, {"maxAge": 1, "endDate": "2019-03-31", "totalRevenue": 23238900000, "costOfRevenue": 15155000000, "grossProfit": 8083900000, "researchDevelopment": {}, "sellingGeneralAdministrative": 897000000, "nonRecurring": {}, "otherOperatingExpenses": 2261000000, "totalOperatingExpenses": 19077700000, "operatingIncome": 4161200000, "totalOtherIncomeExpenseNet": -924900000, "ebit": 4161200000, "interestExpense": -860700000, "incomeBeforeTax": 3236300000, "incomeTaxExpense": 1165000000, "minorityInterest": 1315500000, "netIncomeFromContinuingOps": 2071300000, "discontinuedOperations": {}, "extraordinaryItems": {}, "effectOfAccountingCharges": {}, "otherItems": {}, "netIncome": 2031800000, "netIncomeApplicableToCommonShares": 2031800000}, {"maxAge": 1, "endDate": "2018-03-31", "totalRevenue": 21737041000, "costOfRevenue": 14946907000, "grossProfit": 6790134000, "researchDevelopment": {}, "sellingGeneralAdministrative": 797305000, "nonRecurring": {}, "otherOperatingExpenses": 1995232000, "totalOperatingExpenses": 18471235000, "operatingIncome": 3265806000, "totalOtherIncomeExpenseNet": -318526000, "ebit": 3265806000, "interestExpense": -825654000, "incomeBeforeTax": 2947280000, "incomeTaxExpense": 895168000, "minorityInterest": 884785000, "netIncomeFromContinuingOps": 2052112000, "discontinuedOperations": {}, "extraordinaryItems": {}, "effectOfAccountingCharges": {}, "otherItems": {}, "netIncome": 2024919000, "netIncomeApplicableToCommonShares": 2024919000}, {"maxAge": 1, "endDate": "2017-03-31", "totalRevenue": 14342256000, "costOfRevenue": 9567444000, "grossProfit": 4774812000, "researchDevelopment": {}, "sellingGeneralAdministrative": 776857000, "nonRecurring": {}, "otherOperatingExpenses": 1887056000, "totalOperatingExpenses": 12917903000, "operatingIncome": 1424353000, "totalOtherIncomeExpenseNet": 77974000, "ebit": 1424353000, "interestExpense": -800973000, "incomeBeforeTax": 1502327000, "incomeTaxExpense": 231968000, "minorityInterest": 830830000, "netIncomeFromContinuingOps": 1270359000, "discontinuedOperations": {}, "extraordinaryItems": {}, "effectOfAccountingCharges": {}, "otherItems": {}, "netIncome": 1318791000, "netIncomeApplicableToCommonShares": 1318791000}], "maxAge": 86400}, "fundOwnership": {"ownershipList": [{"maxAge": 1, "reportDate": "2021-03-31", "organization": "Avantis Emerging Markets Equity Fund", "pctHeld": 0.0001, "position": 3480, "value": 1456728}], "maxAge": 1}, "summaryDetail": {"maxAge": 1, "priceHint": 2, "previousClose": 500.8, "open": 497.0, "dayLow": 493.95, "dayHigh": 524.0, "regularMarketPreviousClose": 500.8, "regularMarketOpen": 497.0, "regularMarketDayLow": 493.95, "regularMarketDayHigh": 524.0, "dividendRate": 5.0, "dividendYield": 0.01, "exDividendDate": "2020-09-10 05:30:00", "payoutRatio": 0.0887, "beta": 1.607583, "trailingPE": 9.047796, "forwardPE": 10.782802, "volume": 182438, "regularMarketVolume": 182438, "averageVolume": 107993, "averageVolume10days": 114854, "averageDailyVolume10Day": 114854, "bid": 0.0, "ask": 0.0, "bidSize": 0, "askSize": 0, "marketCap": 18395871232, "fiftyTwoWeekLow": 117.85, "fiftyTwoWeekHigh": 524.0, "priceToSalesTrailing12Months": 0.94934183, "fiftyDayAverage": 391.79852, "twoHundredDayAverage": 323.90283, "trailingAnnualDividendRate": 5.0, "trailingAnnualDividendYield": 0.009984026, "currency": "INR", "fromCurrency": null, "lastMarket": null, "algorithm": null, "tradeable": false}, "insiderHolders": {"holders": [{"maxAge": 1, "name": "Anant (Sarda)", "relation": "Promoter", "url": "", "transactionDescription": "Gift", "latestTransDate": "2020-09-08", "positionDirect": 808289, "positionDirectDate": "2020-09-08"}, {"maxAge": 1, "name": "CSP Investment", "relation": "Promoter", "url": "", "transactionDescription": "Acquisition", "latestTransDate": "2017-07-07", "positionDirect": 147731, "positionDirectDate": "2017-07-07"}, {"maxAge": 1, "name": "Chhattisgarh Investments Ltd", "relation": "Promoter", "url": "", "transactionDescription": "Acquisition", "latestTransDate": "2018-03-15", "positionDirect": 13788760, "positionDirectDate": "2018-03-15"}, {"maxAge": 1, "name": "K.K.Sarda Family Trust", "relation": "Promoter", "url": "", "transactionDescription": "Gift", "latestTransDate": "2020-09-08", "positionDirect": 1000000, "positionDirectDate": "2020-09-08"}, {"maxAge": 1, "name": "Laddha (Ravi)", "relation": "UNREPORTED", "url": "", "transactionDescription": "Sale", "latestTransDate": "2017-03-31", "positionDirect": 4166, "positionDirectDate": "2017-03-31"}, {"maxAge": 1, "name": "Mundra (Ghanshyam Das)", "relation": "Wholetime Director", "url": "", "transactionDescription": "Other", "latestTransDate": "2014-08-21", "positionDirect": 10487, "positionDirectDate": "2014-08-21"}, {"maxAge": 1, "name": "Rathi (Kamal Kishore)", "relation": "Promoter", "url": "", "transactionDescription": "Other", "latestTransDate": "2017-03-31", "positionDirect": 6000, "positionDirectDate": "2017-03-31"}, {"maxAge": 1, "name": "Sarda (Kamal Kishore)", "relation": "Promoter", "url": "", "transactionDescription": "Gift", "latestTransDate": "2020-09-08", "positionDirect": 564518, "positionDirectDate": "2020-09-08"}, {"maxAge": 1, "name": "Sarda (Manish)", "relation": "Promoter", "url": "", "transactionDescription": "Other", "latestTransDate": "2019-05-31", "positionDirect": 990618, "positionDirectDate": "2019-05-31"}, {"maxAge": 1, "name": "Sarda (Neeraj)", "relation": "Promoter", "url": "", "transactionDescription": "Other", "latestTransDate": "2019-05-31", "positionDirect": 986717, "positionDirectDate": "2019-05-31"}], "maxAge": 1}, "calendarEvents": {"maxAge": 1, "earnings": {"earningsDate": ["2018-02-28 05:30:S", "2018-03-07 05:30:S"]}, "exDividendDate": "2020-09-10 05:30:00"}, "upgradeDowngradeHistory": {"history": [], "maxAge": 86400}, "price": {"maxAge": 1, "regularMarketChangePercent": 0.019069526, "regularMarketChange": 9.550018, "regularMarketTime": "2021-04-30 15:29:59", "priceHint": 2, "regularMarketPrice": 510.35, "regularMarketDayHigh": 524.0, "regularMarketDayLow": 493.95, "regularMarketVolume": 182438, "averageDailyVolume10Day": 114854, "averageDailyVolume3Month": 107993, "regularMarketPreviousClose": 500.8, "regularMarketSource": "FREE_REALTIME", "regularMarketOpen": 497.0, "exchange": "NSI", "exchangeName": "NSE", "exchangeDataDelayedBy": 15, "marketState": "CLOSED", "quoteType": "EQUITY", "symbol": "SARDAEN.NS", "underlyingSymbol": null, "shortName": "SARDA ENERGY & MIN", "longName": "Sarda Energy & Minerals Limited", "currency": "INR", "quoteSourceName": "Delayed Quote", "currencySymbol": "\u20b9", "fromCurrency": null, "lastMarket": null, "marketCap": 18395871232}, "balanceSheetHistory": {"balanceSheetStatements": [{"maxAge": 1, "endDate": "2020-03-31", "cash": 1639300000, "netReceivables": 3845500000, "inventory": 5007600000, "otherCurrentAssets": 1156600000, "totalCurrentAssets": 13040800000, "longTermInvestments": 516800000, "propertyPlantEquipment": 25740800000, "goodWill": 282100000, "intangibleAssets": 403900000, "otherAssets": 1012400000, "totalAssets": 40996800000, "accountsPayable": 2136600000, "shortLongTermDebt": 627400000, "otherCurrentLiab": 185200000, "longTermDebt": 14080900000, "otherLiab": 973700000, "minorityInterest": 1004700000, "totalCurrentLiabilities": 6261100000, "totalLiab": 21318200000, "commonStock": 360500000, "retainedEarnings": 16233800000, "treasuryStock": 139300000, "capitalSurplus": 1940300000, "otherStockholderEquity": 139300000, "totalStockholderEquity": 18673900000, "netTangibleAssets": 17987900000}, {"maxAge": 1, "endDate": "2019-03-31", "cash": 434900000, "netReceivables": 4051000000, "inventory": 4395000000, "otherCurrentAssets": 885300000, "totalCurrentAssets": 11426300000, "longTermInvestments": 469200000, "propertyPlantEquipment": 23033700000, "goodWill": 154200000, "intangibleAssets": 414500000, "otherAssets": 1322400000, "totalAssets": 36820300000, "accountsPayable": 1806100000, "shortLongTermDebt": 635500000, "otherCurrentLiab": 295500000, "longTermDebt": 10638100000, "otherLiab": 940300000, "minorityInterest": 1315500000, "totalCurrentLiabilities": 6489800000, "totalLiab": 18070500000, "commonStock": 360500000, "retainedEarnings": 15024300000, "treasuryStock": 109200000, "capitalSurplus": 1940300000, "otherStockholderEquity": 109200000, "totalStockholderEquity": 17434300000, "netTangibleAssets": 16865600000}, {"maxAge": 1, "endDate": "2018-03-31", "cash": 676385000, "netReceivables": 3413645000, "inventory": 4112562000, "otherCurrentAssets": 1086003000, "totalCurrentAssets": 11147818000, "longTermInvestments": 547906000, "propertyPlantEquipment": 20499943000, "goodWill": 13125000, "intangibleAssets": 419603000, "otherAssets": 1497736000, "totalAssets": 34126131000, "accountsPayable": 1307944000, "shortLongTermDebt": 755862000, "otherCurrentLiab": 494293000, "longTermDebt": 9828550000, "otherLiab": 910653000, "minorityInterest": 884785000, "totalCurrentLiabilities": 6734014000, "totalLiab": 17476692000, "commonStock": 360492000, "retainedEarnings": 13403080000, "treasuryStock": 60761000, "capitalSurplus": 1940321000, "otherStockholderEquity": 60761000, "totalStockholderEquity": 15764654000, "netTangibleAssets": 15331926000}, {"maxAge": 1, "endDate": "2017-03-31", "cash": 100001000, "netReceivables": 3628422000, "inventory": 3426199000, "otherCurrentAssets": 1313873000, "totalCurrentAssets": 10525085000, "longTermInvestments": 224616000, "propertyPlantEquipment": 18879364000, "goodWill": 38303000, "intangibleAssets": 450412000, "otherAssets": 1033390000, "totalAssets": 31151170000, "accountsPayable": 1110786000, "shortLongTermDebt": 900181000, "otherCurrentLiab": 277207000, "longTermDebt": 9231892000, "otherLiab": 780051000, "minorityInterest": 830830000, "totalCurrentLiabilities": 6732510000, "totalLiab": 16744453000, "commonStock": 360304000, "retainedEarnings": 11092126000, "treasuryStock": 185302000, "capitalSurplus": 1938155000, "otherStockholderEquity": 185302000, "totalStockholderEquity": 13575887000, "netTangibleAssets": 13087172000}], "maxAge": 86400}, "earningsTrend": {"trend": [{"maxAge": 1, "period": "0q", "endDate": "2017-12-31", "growth": {}, "earningsEstimate": {"avg": 0.0, "low": 0.0, "high": 0.0, "yearAgoEps": {}, "numberOfAnalysts": 0, "growth": {}}, "revenueEstimate": {"avg": 0, "low": 0, "high": 0, "numberOfAnalysts": 0, "yearAgoRevenue": {}, "growth": {}}, "epsTrend": {"current": 0.0, "7daysAgo": 0.0, "30daysAgo": 0.0, "60daysAgo": 0.0, "90daysAgo": 0.0}, "epsRevisions": {"upLast7days": 0, "upLast30days": 0, "downLast30days": 0, "downLast90days": {}}}, {"maxAge": 1, "period": "+1q", "endDate": "2018-03-31", "growth": {}, "earningsEstimate": {"avg": 0.0, "low": 0.0, "high": 0.0, "yearAgoEps": {}, "numberOfAnalysts": 0, "growth": {}}, "revenueEstimate": {"avg": 0, "low": 0, "high": 0, "numberOfAnalysts": 0, "yearAgoRevenue": {}, "growth": {}}, "epsTrend": {"current": 0.0, "7daysAgo": 0.0, "30daysAgo": 0.0, "60daysAgo": 0.0, "90daysAgo": 0.0}, "epsRevisions": {"upLast7days": 0, "upLast30days": 0, "downLast30days": 0, "downLast90days": {}}}, {"maxAge": 1, "period": "0y", "endDate": "2018-03-31", "growth": 0.699, "earningsEstimate": {"avg": 41.26, "low": 41.26, "high": 41.26, "yearAgoEps": 24.29, "numberOfAnalysts": 1, "growth": 0.699}, "revenueEstimate": {"avg": 13534600000, "low": 13534600000, "high": 13534600000, "numberOfAnalysts": 1, "yearAgoRevenue": 10221100000, "growth": 0.324}, "epsTrend": {"current": 41.26, "7daysAgo": 41.26, "30daysAgo": 41.26, "60daysAgo": 41.26, "90daysAgo": 32.36}, "epsRevisions": {"upLast7days": 0, "upLast30days": 0, "downLast30days": 0, "downLast90days": {}}}, {"maxAge": 1, "period": "+1y", "endDate": "2019-03-31", "growth": 0.147, "earningsEstimate": {"avg": 47.33, "low": 47.33, "high": 47.33, "yearAgoEps": 41.26, "numberOfAnalysts": 1, "growth": 0.147}, "revenueEstimate": {"avg": 15429500000, "low": 15429500000, "high": 15429500000, "numberOfAnalysts": 1, "yearAgoRevenue": 13534600000, "growth": 0.14}, "epsTrend": {"current": 47.33, "7daysAgo": 47.33, "30daysAgo": 47.33, "60daysAgo": 47.33, "90daysAgo": 39.62}, "epsRevisions": {"upLast7days": 0, "upLast30days": 0, "downLast30days": 0, "downLast90days": {}}}, {"maxAge": 1, "period": "+5y", "endDate": null, "growth": {}, "earningsEstimate": {"avg": {}, "low": {}, "high": {}, "yearAgoEps": {}, "numberOfAnalysts": {}, "growth": {}}, "revenueEstimate": {"avg": {}, "low": {}, "high": {}, "numberOfAnalysts": {}, "yearAgoRevenue": {}, "growth": {}}, "epsTrend": {"current": {}, "7daysAgo": {}, "30daysAgo": {}, "60daysAgo": {}, "90daysAgo": {}}, "epsRevisions": {"upLast7days": {}, "upLast30days": {}, "downLast30days": {}, "downLast90days": {}}}, {"maxAge": 1, "period": "-5y", "endDate": null, "growth": -0.29552, "earningsEstimate": {"avg": {}, "low": {}, "high": {}, "yearAgoEps": {}, "numberOfAnalysts": {}, "growth": {}}, "revenueEstimate": {"avg": {}, "low": {}, "high": {}, "numberOfAnalysts": {}, "yearAgoRevenue": {}, "growth": {}}, "epsTrend": {"current": {}, "7daysAgo": {}, "30daysAgo": {}, "60daysAgo": {}, "90daysAgo": {}}, "epsRevisions": {"upLast7days": {}, "upLast30days": {}, "downLast30days": {}, "downLast90days": {}}}], "maxAge": 1}, "institutionOwnership": {"ownershipList": [], "maxAge": 1}, "majorHoldersBreakdown": {"maxAge": 1, "insidersPercentHeld": 0.77169997, "institutionsPercentHeld": 0.0066000004, "institutionsFloatPercentHeld": 0.028889999, "institutionsCount": 2}, "balanceSheetHistoryQuarterly": {"balanceSheetStatements": [{"maxAge": 1, "endDate": "2020-12-31", "totalStockholderEquity": 19650800000, "netTangibleAssets": 18994700000}, {"maxAge": 1, "endDate": "2020-09-30", "cash": 725000000, "shortTermInvestments": 2199700000, "netReceivables": 4307300000, "inventory": 4340700000, "otherCurrentAssets": 1159300000, "totalCurrentAssets": 12732000000, "longTermInvestments": 476300000, "propertyPlantEquipment": 26464000000, "goodWill": 282100000, "intangibleAssets": 374000000, "otherAssets": 1039100000, "totalAssets": 41367500000, "accountsPayable": 1551000000, "otherCurrentLiab": 2508900000, "longTermDebt": 14076000000, "otherLiab": 1112400000, "minorityInterest": 1013500000, "totalCurrentLiabilities": 5514800000, "totalLiab": 20703200000, "commonStock": 360500000, "treasuryStock": 19290300000, "otherStockholderEquity": 19290300000, "totalStockholderEquity": 19650800000, "netTangibleAssets": 18994700000}, {"maxAge": 1, "endDate": "2020-06-30", "totalStockholderEquity": 18673900000, "netTangibleAssets": 17987900000}, {"maxAge": 1, "endDate": "2020-03-31", "cash": 1639300000, "netReceivables": 3845500000, "inventory": 5007600000, "otherCurrentAssets": 1156600000, "totalCurrentAssets": 13040800000, "longTermInvestments": 516800000, "propertyPlantEquipment": 25740800000, "goodWill": 282100000, "intangibleAssets": 403900000, "otherAssets": 1012400000, "totalAssets": 40996800000, "accountsPayable": 2136600000, "shortLongTermDebt": 627400000, "otherCurrentLiab": 185200000, "longTermDebt": 14080900000, "otherLiab": 973700000, "minorityInterest": 1004700000, "totalCurrentLiabilities": 6261100000, "totalLiab": 21318200000, "commonStock": 360500000, "retainedEarnings": 16233800000, "treasuryStock": 139300000, "capitalSurplus": 1940300000, "otherStockholderEquity": 139300000, "totalStockholderEquity": 18673900000, "netTangibleAssets": 17987900000}], "maxAge": 86400}, "earningsHistory": {"history": [{"maxAge": 1, "epsActual": {}, "epsEstimate": {}, "epsDifference": {}, "surprisePercent": {}, "quarter": {}, "period": "-4q"}, {"maxAge": 1, "epsActual": {}, "epsEstimate": {}, "epsDifference": {}, "surprisePercent": {}, "quarter": {}, "period": "-3q"}, {"maxAge": 1, "epsActual": 4.87, "epsEstimate": 4.89, "epsDifference": -0.02, "surprisePercent": -0.004, "quarter": "2017-03-31", "period": "-2q"}, {"maxAge": 1, "epsActual": 10.4, "epsEstimate": 10.57, "epsDifference": -0.17, "surprisePercent": -0.016, "quarter": "2017-09-30", "period": "-1q"}], "maxAge": 86400}, "summaryProfile": {"address1": "Industrial Growth Center", "address2": "Siltara", "city": "Raipur", "zip": "493111", "country": "India", "phone": "91 77 1221 6000", "fax": "91 77 1221 6198", "website": "http://www.seml.co.in", "industry": "Steel", "sector": "Basic Materials", "longBusinessSummary": "Sarda Energy & Minerals Limited produces and sells steel products in India. The company operates through Steel, Ferro, and Power segments. Its products include sponge iron, billets and wire rods, ferro alloys, eco-bricks, and pellets. The company is also involved in the iron ore mining; and operation of thermal, hydro, and solar power plants. In addition, it exports its products. The company was incorporated in 1973 and is headquartered in Raipur, India.", "companyOfficers": [], "maxAge": 86400}, "netSharePurchaseActivity": {"maxAge": 1, "period": "6m", "buyInfoCount": 0, "buyInfoShares": 0, "sellInfoCount": 0, "netInfoCount": 0, "netInfoShares": 0, "netPercentInsiderShares": 0.0, "totalInsiderShares": 27820672}, "insiderTransactions": {"transactions": [{"maxAge": 1, "shares": 759149, "filerUrl": "", "transactionText": "Gift at price 0.00 per share.", "filerName": "Anant (Sarda)", "filerRelation": "Promoter", "moneyText": "", "startDate": "2020-09-08", "ownership": "D"}, {"maxAge": 1, "shares": 1759149, "filerUrl": "", "transactionText": "Gift at price 0.00 per share.", "filerName": "Sarda (Kamal Kishore)", "filerRelation": "Promoter", "moneyText": "", "startDate": "2020-09-08", "ownership": "D"}, {"maxAge": 1, "shares": 1000000, "filerUrl": "", "transactionText": "Gift at price 0.00 per share.", "filerName": "K.K.Sarda Family Trust", "filerRelation": "Promoter", "moneyText": "", "startDate": "2020-09-08", "ownership": "D"}, {"maxAge": 1, "shares": 1014518, "filerUrl": "", "transactionText": "", "filerName": "Sarda (Kamal Kishore)", "filerRelation": "Promoter", "moneyText": "", "startDate": "2019-06-15", "ownership": "D"}, {"maxAge": 1, "shares": 635015, "filerUrl": "", "transactionText": "", "filerName": "Sarda (Neeraj)", "filerRelation": "Promoter", "moneyText": "", "startDate": "2019-05-31", "ownership": "D"}, {"maxAge": 1, "shares": 537350, "filerUrl": "", "transactionText": "", "filerName": "Sarda (Manish)", "filerRelation": "Promoter", "moneyText": "", "startDate": "2019-05-31", "ownership": "D"}, {"maxAge": 1, "shares": 253212, "filerUrl": "", "transactionText": "", "filerName": "Sarda (Neeraj)", "filerRelation": "Promoter", "moneyText": "", "startDate": "2019-05-10", "ownership": "D"}, {"maxAge": 1, "shares": 215698, "filerUrl": "", "transactionText": "", "filerName": "Sarda (Manish)", "filerRelation": "Promoter", "moneyText": "", "startDate": "2019-05-10", "ownership": "D"}, {"maxAge": 1, "shares": 115000, "filerUrl": "", "transactionText": "", "filerName": "Chhattisgarh Investments Ltd", "filerRelation": "Promoter", "moneyText": "", "startDate": "2018-03-15", "ownership": "D"}, {"maxAge": 1, "shares": 10000, "filerUrl": "", "transactionText": "", "filerName": "Chhattisgarh Investments Ltd", "filerRelation": "Promoter", "moneyText": "", "startDate": "2018-03-08", "ownership": "D"}, {"maxAge": 1, "shares": 40920, "filerUrl": "", "transactionText": "", "filerName": "CSP Investment", "filerRelation": "Promoter", "moneyText": "", "startDate": "2017-07-07", "ownership": "D"}, {"maxAge": 1, "shares": 3707, "filerUrl": "", "transactionText": "", "filerName": "CSP Investment", "filerRelation": "Promoter", "moneyText": "", "startDate": "2017-06-30", "ownership": "D"}, {"maxAge": 1, "shares": 61679, "filerUrl": "", "transactionText": "", "filerName": "CSP Investment", "filerRelation": "Promoter", "moneyText": "", "startDate": "2017-06-28", "ownership": "D"}, {"maxAge": 1, "shares": 41425, "filerUrl": "", "transactionText": "", "filerName": "CSP Investment", "filerRelation": "Promoter", "moneyText": "", "startDate": "2017-06-23", "ownership": "D"}, {"maxAge": 1, "shares": 245731, "filerUrl": "", "transactionText": "", "filerName": "Rathi (Kamal Kishore)", "filerRelation": "Promoter", "moneyText": "", "startDate": "2017-03-31", "ownership": "D"}, {"maxAge": 1, "shares": 123850, "filerUrl": "", "transactionText": "", "filerName": "Chhattisgarh Investments Ltd", "filerRelation": "Promoter", "moneyText": "", "startDate": "2017-03-31", "ownership": "D"}, {"maxAge": 1, "shares": 2245731, "filerUrl": "", "transactionText": "", "filerName": "Chhattisgarh Investments Ltd", "filerRelation": "Promoter", "moneyText": "", "startDate": "2017-03-31", "ownership": "D"}, {"maxAge": 1, "shares": 123850, "filerUrl": "", "transactionText": "", "filerName": "Laddha (Ravi)", "filerRelation": "UNREPORTED", "moneyText": "", "startDate": "2017-03-31", "ownership": "D"}, {"maxAge": 1, "shares": 1000000, "filerUrl": "", "transactionText": "", "filerName": "Chhattisgarh Investments Ltd", "filerRelation": "Promoter", "moneyText": "", "startDate": "2017-03-30", "ownership": "D"}, {"maxAge": 1, "shares": 1000000, "filerUrl": "", "transactionText": "", "filerName": "CSP Investment", "filerRelation": "Institution- Corporation", "moneyText": "", "startDate": "2017-03-30", "ownership": "D"}, {"maxAge": 1, "shares": 4667, "filerUrl": "", "transactionText": "", "filerName": "Mundra (Ghanshyam Das)", "filerRelation": "Wholetime Director", "moneyText": "", "startDate": "2014-08-21", "ownership": "D"}, {"maxAge": 1, "shares": 4833, "filerUrl": "", "transactionText": "", "filerName": "Mehra (Rakesh)", "filerRelation": "Director (Non-Executive)", "moneyText": "", "startDate": "2014-08-21", "ownership": "D"}, {"maxAge": 1, "shares": 5061, "filerUrl": "", "transactionText": "", "filerName": "Chhattisgarh Investments Ltd", "filerRelation": "Promoter", "moneyText": "", "startDate": "2014-04-25", "ownership": "D"}, {"maxAge": 1, "shares": 10522, "filerUrl": "", "transactionText": "", "filerName": "Chhattisgarh Investments Ltd", "filerRelation": "Promoter", "moneyText": "", "startDate": "2014-04-23", "ownership": "D"}, {"maxAge": 1, "shares": 7197, "filerUrl": "", "transactionText": "", "filerName": "Chhattisgarh Investments Ltd", "filerRelation": "Promoter", "moneyText": "", "startDate": "2014-04-16", "ownership": "D"}, {"maxAge": 1, "shares": 5742, "filerUrl": "", "transactionText": "", "filerName": "Chhattisgarh Investments Ltd", "filerRelation": "Promoter", "moneyText": "", "startDate": "2014-04-04", "ownership": "D"}, {"maxAge": 1, "shares": 1775000, "filerUrl": "", "transactionText": "", "filerName": "Chhattisgarh Investments Ltd", "filerRelation": "Promoter", "moneyText": "", "startDate": "2013-04-25", "ownership": "D"}], "maxAge": 1}, "sectorTrend": {"maxAge": 1, "symbol": null, "estimates": []}, "incomeStatementHistoryQuarterly": {"incomeStatementHistory": [{"maxAge": 1, "endDate": "2020-12-31", "totalRevenue": 6039000000, "costOfRevenue": 3665400000, "grossProfit": 2373600000, "researchDevelopment": {}, "sellingGeneralAdministrative": 215900000, "nonRecurring": {}, "otherOperatingExpenses": 728800000, "totalOperatingExpenses": 4798300000, "operatingIncome": 1240700000, "totalOtherIncomeExpenseNet": 256100000, "ebit": 1240700000, "interestExpense": -172600000, "incomeBeforeTax": 1496800000, "incomeTaxExpense": 340900000, "minorityInterest": {}, "netIncomeFromContinuingOps": 1155900000, "discontinuedOperations": {}, "extraordinaryItems": {}, "effectOfAccountingCharges": {}, "otherItems": {}, "netIncome": 1155800000, "netIncomeApplicableToCommonShares": 1155800000}, {"maxAge": 1, "endDate": "2020-09-30", "totalRevenue": 5483500000, "costOfRevenue": 3416600000, "grossProfit": 2066900000, "researchDevelopment": {}, "sellingGeneralAdministrative": 212900000, "nonRecurring": {}, "otherOperatingExpenses": 602400000, "totalOperatingExpenses": 4420100000, "operatingIncome": 1063400000, "totalOtherIncomeExpenseNet": 87800000, "ebit": 1063400000, "interestExpense": -201500000, "incomeBeforeTax": 1151200000, "incomeTaxExpense": 296700000, "minorityInterest": 1013500000, "netIncomeFromContinuingOps": 854500000, "discontinuedOperations": {}, "extraordinaryItems": {}, "effectOfAccountingCharges": {}, "otherItems": {}, "netIncome": 844000000, "netIncomeApplicableToCommonShares": 844000000}, {"maxAge": 1, "endDate": "2020-06-30", "totalRevenue": 3474000000, "costOfRevenue": 2163900000, "grossProfit": 1310100000, "researchDevelopment": {}, "sellingGeneralAdministrative": 214400000, "nonRecurring": {}, "otherOperatingExpenses": 553500000, "totalOperatingExpenses": 3118100000, "operatingIncome": 355900000, "totalOtherIncomeExpenseNet": 98600000, "ebit": 355900000, "interestExpense": -201000000, "incomeBeforeTax": 454500000, "incomeTaxExpense": 90900000, "minorityInterest": 1013500000, "netIncomeFromContinuingOps": 363600000, "discontinuedOperations": {}, "extraordinaryItems": {}, "effectOfAccountingCharges": {}, "otherItems": {}, "netIncome": 354700000, "netIncomeApplicableToCommonShares": 354700000}, {"maxAge": 1, "endDate": "2020-03-31", "totalRevenue": 4381100000, "costOfRevenue": 2926200000, "grossProfit": 1454900000, "researchDevelopment": {}, "sellingGeneralAdministrative": 206200000, "nonRecurring": {}, "otherOperatingExpenses": 313000000, "totalOperatingExpenses": 3640300000, "operatingIncome": 740800000, "totalOtherIncomeExpenseNet": -937900000, "ebit": 740800000, "interestExpense": -121200000, "incomeBeforeTax": -197100000, "incomeTaxExpense": 122200000, "minorityInterest": 1004700000, "netIncomeFromContinuingOps": -319300000, "discontinuedOperations": {}, "extraordinaryItems": {}, "effectOfAccountingCharges": {}, "otherItems": {}, "netIncome": -322400000, "netIncomeApplicableToCommonShares": -322400000}], "maxAge": 86400}, "cashflowStatementHistoryQuarterly": {"cashflowStatements": [{"maxAge": 1, "endDate": "2020-12-31", "netIncome": 1155800000, "changeToLiabilities": 0}, {"maxAge": 1, "endDate": "2020-09-30", "netIncome": 844000000, "changeToLiabilities": 0}, {"maxAge": 1, "endDate": "2020-06-30", "netIncome": 354700000, "changeToLiabilities": 0}, {"maxAge": 1, "endDate": "2020-03-31", "netIncome": -322400000, "changeToLiabilities": 0}], "maxAge": 86400}, "earnings": {"maxAge": 86400, "earningsChart": {"quarterly": [{"date": "1Q2017", "actual": 4.87, "estimate": 4.89}, {"date": "3Q2017", "actual": 10.4, "estimate": 10.57}], "currentQuarterEstimateDate": "4Q", "currentQuarterEstimateYear": 2017, "earningsDate": ["2018-02-28 05:30:S", "2018-03-07 05:30:S"]}, "financialsChart": {"yearly": [{"date": 2017, "revenue": 14342256000, "earnings": 1318791000}, {"date": 2018, "revenue": 21737041000, "earnings": 2024919000}, {"date": 2019, "revenue": 23238900000, "earnings": 2031800000}, {"date": 2020, "revenue": 20001500000, "earnings": 1263400000}], "quarterly": [{"date": "1Q2020", "revenue": 4381100000, "earnings": -322400000}, {"date": "2Q2020", "revenue": 3474000000, "earnings": 354700000}, {"date": "3Q2020", "revenue": 5483500000, "earnings": 844000000}, {"date": "4Q2020", "revenue": 6039000000, "earnings": 1155800000}]}, "financialCurrency": "INR"}, "financialData": {"maxAge": 86400, "currentPrice": 510.35, "targetHighPrice": 64.0, "targetLowPrice": 64.0, "targetMeanPrice": 64.0, "targetMedianPrice": 64.0, "recommendationMean": 2.0, "recommendationKey": "buy", "numberOfAnalystOpinions": 1, "totalCash": 2924699904, "totalCashPerShare": 81.126, "ebitda": 4177200128, "totalDebt": 15404800000, "totalRevenue": 19377500160, "debtToEquity": 74.548, "revenuePerShare": 538.32, "grossProfits": 6876900000, "earningsGrowth": 1.735, "revenueGrowth": 0.323, "grossMargins": 0.37183997, "ebitdaMargins": 0.21556999, "operatingMargins": 0.17486, "profitMargins": 0.10486, "financialCurrency": "INR"}}}