{"SARDAEN.BO": {"recommendationTrend": {"trend": [{"period": "0m", "strongBuy": 0, "buy": 0, "hold": 0, "sell": 0, "strongSell": 0}, {"period": "-1m", "strongBuy": 0, "buy": 0, "hold": 0, "sell": 0, "strongSell": 0}, {"period": "-2m", "strongBuy": 0, "buy": 0, "hold": 0, "sell": 0, "strongSell": 0}, {"period": "-3m", "strongBuy": 0, "buy": 0, "hold": 0, "sell": 0, "strongSell": 0}], "maxAge": 86400}, "cashflowStatementHistory": {"cashflowStatements": [{"maxAge": 1, "endDate": "2020-03-31", "netIncome": 1263400000, "depreciation": 777400000, "changeToNetincome": 1028200000, "changeToAccountReceivables": -307100000, "changeToLiabilities": 264200000, "changeToInventory": -612700000, "changeToOperatingActivities": 1016800000, "totalCashFromOperatingActivities": 3446800000, "capitalExpenditures": -3586500000, "investments": -174300000, "otherCashflowsFromInvestingActivities": -204600000, "totalCashflowsFromInvestingActivities": -4231200000, "dividendsPaid": -180200000, "netBorrowings": 2995100000, "otherCashflowsFromFinancingActivities": -826100000, "totalCashFromFinancingActivities": 1988800000, "changeInCash": 1204400000}, {"maxAge": 1, "endDate": "2019-03-31", "netIncome": 2031800000, "depreciation": 762200000, "changeToNetincome": 1300900000, "changeToAccountReceivables": 389500000, "changeToLiabilities": 547700000, "changeToInventory": -282400000, "changeToOperatingActivities": 40900000, "totalCashFromOperatingActivities": 4800800000, "capitalExpenditures": -3273500000, "investments": -262900000, "otherCashflowsFromInvestingActivities": -903400000, "totalCashflowsFromInvestingActivities": -3985500000, "dividendsPaid": -180200000, "netBorrowings": 112200000, "otherCashflowsFromFinancingActivities": -988800000, "totalCashFromFinancingActivities": -1056800000, "changeInCash": -241500000}, {"maxAge": 1, "endDate": "2018-03-31", "netIncome": 2024919000, "depreciation": 729074000, "changeToNetincome": 793707000, "changeToAccountReceivables": -256164000, "changeToLiabilities": 217685000, "changeToInventory": -686363000, "changeToOperatingActivities": 179396000, "totalCashFromOperatingActivities": 3004971000, "capitalExpenditures": -2620728000, "investments": 253255000, "otherCashflowsFromInvestingActivities": 688697000, "totalCashflowsFromInvestingActivities": -1564092000, "dividendsPaid": -144194000, "netBorrowings": 222765000, "otherCashflowsFromFinancingActivities": -945421000, "totalCashFromFinancingActivities": -864495000, "changeInCash": 576384000, "issuanceOfStock": 2355000}, {"maxAge": 1, "endDate": "2017-03-31", "netIncome": 1318791000, "depreciation": 893059000, "changeToNetincome": 380410000, "changeToAccountReceivables": 168303000, "changeToLiabilities": 204695000, "changeToInventory": -1207582000, "changeToOperatingActivities": -18871000, "totalCashFromOperatingActivities": 1771248000, "capitalExpenditures": -2401951000, "investments": -436026000, "otherCashflowsFromInvestingActivities": 229804000, "totalCashflowsFromInvestingActivities": -2410463000, "dividendsPaid": -144194000, "netBorrowings": 1488796000, "otherCashflowsFromFinancingActivities": -922357000, "totalCashFromFinancingActivities": 628709000, "changeInCash": -10506000, "issuanceOfStock": 62270000}], "maxAge": 86400}, "institutionOwnership": {"ownershipList": [], "maxAge": 1}, "balanceSheetHistoryQuarterly": {"balanceSheetStatements": [{"maxAge": 1, "endDate": "2020-06-30", "totalStockholderEquity": 18673900000, "netTangibleAssets": 17987900000}, {"maxAge": 1, "endDate": "2020-03-31", "cash": 1639300000, "netReceivables": 3845500000, "inventory": 5007600000, "otherCurrentAssets": 1156600000, "totalCurrentAssets": 13040800000, "longTermInvestments": 516800000, "propertyPlantEquipment": 25740800000, "goodWill": 282100000, "intangibleAssets": 403900000, "otherAssets": 1012400000, "totalAssets": 40996800000, "accountsPayable": 2136600000, "shortLongTermDebt": 627400000, "otherCurrentLiab": 185200000, "longTermDebt": 14080900000, "otherLiab": 973700000, "minorityInterest": 1004700000, "totalCurrentLiabilities": 6261100000, "totalLiab": 21318200000, "commonStock": 360500000, "retainedEarnings": 16233800000, "treasuryStock": 139300000, "capitalSurplus": 1940300000, "otherStockholderEquity": 139300000, "totalStockholderEquity": 18673900000, "netTangibleAssets": 17987900000}, {"maxAge": 1, "endDate": "2019-12-31", "totalStockholderEquity": 18759500000, "netTangibleAssets": 18251800000}, {"maxAge": 1, "endDate": "2019-09-30", "cash": 1410900000, "shortTermInvestments": 1696600000, "netReceivables": 4463000000, "inventory": 3930800000, "otherCurrentAssets": 1139600000, "totalCurrentAssets": 12640900000, "longTermInvestments": 433200000, "propertyPlantEquipment": 24140600000, "intangibleAssets": 507700000, "otherAssets": 1166800000, "totalAssets": 38889200000, "accountsPayable": 1680000000, "otherCurrentLiab": 2416200000, "longTermDebt": 11581300000, "otherLiab": 816000000, "minorityInterest": 516500000, "totalCurrentLiabilities": 7215900000, "totalLiab": 19613200000, "commonStock": 360500000, "treasuryStock": 18399000000, "otherStockholderEquity": 18399000000, "totalStockholderEquity": 18759500000, "netTangibleAssets": 18251800000}], "maxAge": 86400}, "earningsHistory": {"history": [{"maxAge": 1, "epsActual": 4.87, "epsEstimate": 4.89, "epsDifference": -0.02, "surprisePercent": -0.004, "quarter": "2017-03-31", "period": "-4q"}, {"maxAge": 1, "epsActual": 10.4, "epsEstimate": 10.57, "epsDifference": -0.17, "surprisePercent": -0.016, "quarter": "2017-09-30", "period": "-3q"}, {"maxAge": 1, "epsActual": 17.47, "epsEstimate": 8.11, "epsDifference": 9.36, "surprisePercent": 1.154, "quarter": "2018-03-31", "period": "-2q"}, {"maxAge": 1, "epsActual": 14.4, "epsEstimate": 19.81, "epsDifference": -5.41, "surprisePercent": -0.273, "quarter": "2018-06-30", "period": "-1q"}], "maxAge": 86400}, "indexTrend": {"maxAge": 1, "symbol": "SP5", "peRatio": 19.7411, "pegRatio": 1.34172, "estimates": [{"period": "0q", "growth": 0.549}, {"period": "+1q", "growth": 0.431}, {"period": "0y", "growth": 0.305}, {"period": "+1y", "growth": 0.109}, {"period": "+5y", "growth": 0.120865}, {"period": "-5y"}]}, "industryTrend": {"maxAge": 1, "symbol": null, "estimates": []}, "insiderTransactions": {"transactions": [{"maxAge": 1, "shares": 759149, "filerUrl": "", "transactionText": "Gift at price 0.00 per share.", "filerName": "Anant (Sarda)", "filerRelation": "Promoter", "moneyText": "", "startDate": "2020-09-08", "ownership": "D"}, {"maxAge": 1, "shares": 1759149, "filerUrl": "", "transactionText": "Gift at price 0.00 per share.", "filerName": "Sarda (Kamal Kishore)", "filerRelation": "Promoter", "moneyText": "", "startDate": "2020-09-08", "ownership": "D"}, {"maxAge": 1, "shares": 1000000, "filerUrl": "", "transactionText": "Gift at price 0.00 per share.", "filerName": "K.K.Sarda Family Trust", "filerRelation": "Promoter", "moneyText": "", "startDate": "2020-09-08", "ownership": "D"}, {"maxAge": 1, "shares": 1014518, "filerUrl": "", "transactionText": "", "filerName": "Sarda (Kamal Kishore)", "filerRelation": "Promoter", "moneyText": "", "startDate": "2019-06-15", "ownership": "D"}, {"maxAge": 1, "shares": 635015, "filerUrl": "", "transactionText": "", "filerName": "Sarda (Neeraj)", "filerRelation": "Promoter", "moneyText": "", "startDate": "2019-05-31", "ownership": "D"}, {"maxAge": 1, "shares": 537350, "filerUrl": "", "transactionText": "", "filerName": "Sarda (Manish)", "filerRelation": "Promoter", "moneyText": "", "startDate": "2019-05-31", "ownership": "D"}, {"maxAge": 1, "shares": 253212, "filerUrl": "", "transactionText": "", "filerName": "Sarda (Neeraj)", "filerRelation": "Promoter", "moneyText": "", "startDate": "2019-05-10", "ownership": "D"}, {"maxAge": 1, "shares": 215698, "filerUrl": "", "transactionText": "", "filerName": "Sarda (Manish)", "filerRelation": "Promoter", "moneyText": "", "startDate": "2019-05-10", "ownership": "D"}, {"maxAge": 1, "shares": 115000, "filerUrl": "", "transactionText": "", "filerName": "Chhattisgarh Investments Ltd", "filerRelation": "Promoter", "moneyText": "", "startDate": "2018-03-15", "ownership": "D"}, {"maxAge": 1, "shares": 10000, "filerUrl": "", "transactionText": "", "filerName": "Chhattisgarh Investments Ltd", "filerRelation": "Promoter", "moneyText": "", "startDate": "2018-03-08", "ownership": "D"}, {"maxAge": 1, "shares": 40920, "filerUrl": "", "transactionText": "", "filerName": "CSP Investment", "filerRelation": "Promoter", "moneyText": "", "startDate": "2017-07-07", "ownership": "D"}, {"maxAge": 1, "shares": 3707, "filerUrl": "", "transactionText": "", "filerName": "CSP Investment", "filerRelation": "Promoter", "moneyText": "", "startDate": "2017-06-30", "ownership": "D"}, {"maxAge": 1, "shares": 61679, "filerUrl": "", "transactionText": "", "filerName": "CSP Investment", "filerRelation": "Promoter", "moneyText": "", "startDate": "2017-06-28", "ownership": "D"}, {"maxAge": 1, "shares": 41425, "filerUrl": "", "transactionText": "", "filerName": "CSP Investment", "filerRelation": "Promoter", "moneyText": "", "startDate": "2017-06-23", "ownership": "D"}, {"maxAge": 1, "shares": 2245731, "filerUrl": "", "transactionText": "", "filerName": "Chhattisgarh Investments Ltd", "filerRelation": "Promoter", "moneyText": "", "startDate": "2017-03-31", "ownership": "D"}, {"maxAge": 1, "shares": 245731, "filerUrl": "", "transactionText": "", "filerName": "Rathi (Kamal Kishore)", "filerRelation": "Promoter", "moneyText": "", "startDate": "2017-03-31", "ownership": "D"}, {"maxAge": 1, "shares": 123850, "filerUrl": "", "transactionText": "", "filerName": "Chhattisgarh Investments Ltd", "filerRelation": "Promoter", "moneyText": "", "startDate": "2017-03-31", "ownership": "D"}, {"maxAge": 1, "shares": 123850, "filerUrl": "", "transactionText": "", "filerName": "Laddha (Ravi)", "filerRelation": "UNREPORTED", "moneyText": "", "startDate": "2017-03-31", "ownership": "D"}, {"maxAge": 1, "shares": 1000000, "filerUrl": "", "transactionText": "", "filerName": "Chhattisgarh Investments Ltd", "filerRelation": "Promoter", "moneyText": "", "startDate": "2017-03-30", "ownership": "D"}, {"maxAge": 1, "shares": 1000000, "filerUrl": "", "transactionText": "", "filerName": "CSP Investment", "filerRelation": "Institution- Corporation", "moneyText": "", "startDate": "2017-03-30", "ownership": "D"}, {"maxAge": 1, "shares": 4667, "filerUrl": "", "transactionText": "", "filerName": "Mundra (Ghanshyam Das)", "filerRelation": "Wholetime Director", "moneyText": "", "startDate": "2014-08-21", "ownership": "D"}, {"maxAge": 1, "shares": 4833, "filerUrl": "", "transactionText": "", "filerName": "Mehra (Rakesh)", "filerRelation": "Director (Non-Executive)", "moneyText": "", "startDate": "2014-08-21", "ownership": "D"}, {"maxAge": 1, "shares": 5061, "filerUrl": "", "transactionText": "", "filerName": "Chhattisgarh Investments Ltd", "filerRelation": "Promoter", "moneyText": "", "startDate": "2014-04-25", "ownership": "D"}, {"maxAge": 1, "shares": 10522, "filerUrl": "", "transactionText": "", "filerName": "Chhattisgarh Investments Ltd", "filerRelation": "Promoter", "moneyText": "", "startDate": "2014-04-23", "ownership": "D"}, {"maxAge": 1, "shares": 7197, "filerUrl": "", "transactionText": "", "filerName": "Chhattisgarh Investments Ltd", "filerRelation": "Promoter", "moneyText": "", "startDate": "2014-04-16", "ownership": "D"}, {"maxAge": 1, "shares": 5742, "filerUrl": "", "transactionText": "", "filerName": "Chhattisgarh Investments Ltd", "filerRelation": "Promoter", "moneyText": "", "startDate": "2014-04-04", "ownership": "D"}, {"maxAge": 1, "shares": 1775000, "filerUrl": "", "transactionText": "", "filerName": "Chhattisgarh Investments Ltd", "filerRelation": "Promoter", "moneyText": "", "startDate": "2013-04-25", "ownership": "D"}], "maxAge": 1}, "quoteType": {"exchange": "BSE", "quoteType": "EQUITY", "symbol": "SARDAEN.BO", "underlyingSymbol": "SARDAEN.BO", "shortName": "SARDA ENERGY & MINERALS LTD.", "longName": "Sarda Energy & Minerals Limited", "firstTradeDateEpochUtc": "2002-01-02 09:15:00", "timeZoneFullName": "Asia/Kolkata", "timeZoneShortName": "IST", "uuid": "433e0895-7954-3559-8296-75eadfe88066", "gmtOffSetMilliseconds": 19800000, "maxAge": 1}, "incomeStatementHistory": {"incomeStatementHistory": [{"maxAge": 1, "endDate": "2020-03-31", "totalRevenue": 20001500000, "costOfRevenue": 13124600000, "grossProfit": 6876900000, "researchDevelopment": {}, "sellingGeneralAdministrative": 900600000, "nonRecurring": {}, "otherOperatingExpenses": 2247600000, "totalOperatingExpenses": 17052000000, "operatingIncome": 2949500000, "totalOtherIncomeExpenseNet": -1231500000, "ebit": 2949500000, "interestExpense": -738200000, "incomeBeforeTax": 1718000000, "incomeTaxExpense": 433500000, "minorityInterest": 1004700000, "netIncomeFromContinuingOps": 1284500000, "discontinuedOperations": {}, "extraordinaryItems": {}, "effectOfAccountingCharges": {}, "otherItems": {}, "netIncome": 1263400000, "netIncomeApplicableToCommonShares": 1263400000}, {"maxAge": 1, "endDate": "2019-03-31", "totalRevenue": 23238900000, "costOfRevenue": 15155000000, "grossProfit": 8083900000, "researchDevelopment": {}, "sellingGeneralAdministrative": 897000000, "nonRecurring": {}, "otherOperatingExpenses": 2261000000, "totalOperatingExpenses": 19077700000, "operatingIncome": 4161200000, "totalOtherIncomeExpenseNet": -924900000, "ebit": 4161200000, "interestExpense": -860700000, "incomeBeforeTax": 3236300000, "incomeTaxExpense": 1165000000, "minorityInterest": 1315500000, "netIncomeFromContinuingOps": 2071300000, "discontinuedOperations": {}, "extraordinaryItems": {}, "effectOfAccountingCharges": {}, "otherItems": {}, "netIncome": 2031800000, "netIncomeApplicableToCommonShares": 2031800000}, {"maxAge": 1, "endDate": "2018-03-31", "totalRevenue": 21737041000, "costOfRevenue": 14946907000, "grossProfit": 6790134000, "researchDevelopment": {}, "sellingGeneralAdministrative": 797305000, "nonRecurring": {}, "otherOperatingExpenses": 1995232000, "totalOperatingExpenses": 18471235000, "operatingIncome": 3265806000, "totalOtherIncomeExpenseNet": -318526000, "ebit": 3265806000, "interestExpense": -825654000, "incomeBeforeTax": 2947280000, "incomeTaxExpense": 895168000, "minorityInterest": 884785000, "netIncomeFromContinuingOps": 2052112000, "discontinuedOperations": {}, "extraordinaryItems": {}, "effectOfAccountingCharges": {}, "otherItems": {}, "netIncome": 2024919000, "netIncomeApplicableToCommonShares": 2024919000}, {"maxAge": 1, "endDate": "2017-03-31", "totalRevenue": 14342256000, "costOfRevenue": 9567444000, "grossProfit": 4774812000, "researchDevelopment": {}, "sellingGeneralAdministrative": 776857000, "nonRecurring": {}, "otherOperatingExpenses": 1887056000, "totalOperatingExpenses": 12917903000, "operatingIncome": 1424353000, "totalOtherIncomeExpenseNet": 77974000, "ebit": 1424353000, "interestExpense": -800973000, "incomeBeforeTax": 1502327000, "incomeTaxExpense": 231968000, "minorityInterest": 830830000, "netIncomeFromContinuingOps": 1270359000, "discontinuedOperations": {}, "extraordinaryItems": {}, "effectOfAccountingCharges": {}, "otherItems": {}, "netIncome": 1318791000, "netIncomeApplicableToCommonShares": 1318791000}], "maxAge": 86400}, "fundOwnership": {"ownershipList": [], "maxAge": 1}, "summaryDetail": {"maxAge": 1, "priceHint": 2, "previousClose": 500.75, "open": 499.4, "dayLow": 498.0, "dayHigh": 524.45, "regularMarketPreviousClose": 500.75, "regularMarketOpen": 499.4, "regularMarketDayLow": 498.0, "regularMarketDayHigh": 524.45, "trailingPE": 16.127762, "forwardPE": 7.2383313, "volume": 23896, "regularMarketVolume": 23896, "averageVolume": 15165, "averageVolume10days": 15205, "averageDailyVolume10Day": 15205, "bid": 508.65, "ask": 511.0, "bidSize": 0, "askSize": 0, "marketCap": 18448177152, "fiftyTwoWeekLow": 97.5, "fiftyTwoWeekHigh": 524.45, "fiftyDayAverage": 345.1091, "twoHundredDayAverage": 273.04263, "trailingAnnualDividendRate": 5.0, "trailingAnnualDividendYield": 0.009985022, "currency": "INR", "fromCurrency": null, "lastMarket": null, "algorithm": null, "tradeable": false}, "sectorTrend": {"maxAge": 1, "symbol": null, "estimates": []}, "incomeStatementHistoryQuarterly": {"incomeStatementHistory": [{"maxAge": 1, "endDate": "2020-06-30", "totalRevenue": 3474000000, "costOfRevenue": 2163900000, "grossProfit": 1310100000, "researchDevelopment": {}, "sellingGeneralAdministrative": 214400000, "nonRecurring": {}, "otherOperatingExpenses": 553500000, "totalOperatingExpenses": 3118100000, "operatingIncome": 355900000, "totalOtherIncomeExpenseNet": 98600000, "ebit": 355900000, "interestExpense": -201000000, "incomeBeforeTax": 454500000, "incomeTaxExpense": 90900000, "minorityInterest": {}, "netIncomeFromContinuingOps": 363600000, "discontinuedOperations": {}, "extraordinaryItems": {}, "effectOfAccountingCharges": {}, "otherItems": {}, "netIncome": 354700000, "netIncomeApplicableToCommonShares": 354700000}, {"maxAge": 1, "endDate": "2020-03-31", "totalRevenue": 4381100000, "costOfRevenue": 2926200000, "grossProfit": 1454900000, "researchDevelopment": {}, "sellingGeneralAdministrative": 206200000, "nonRecurring": {}, "otherOperatingExpenses": 313000000, "totalOperatingExpenses": 3640300000, "operatingIncome": 740800000, "totalOtherIncomeExpenseNet": -937900000, "ebit": 740800000, "interestExpense": -121200000, "incomeBeforeTax": -197100000, "incomeTaxExpense": 122200000, "minorityInterest": 1004700000, "netIncomeFromContinuingOps": -319300000, "discontinuedOperations": {}, "extraordinaryItems": {}, "effectOfAccountingCharges": {}, "otherItems": {}, "netIncome": -322400000, "netIncomeApplicableToCommonShares": -322400000}, {"maxAge": 1, "endDate": "2019-12-31", "totalRevenue": 4564700000, "costOfRevenue": 2971700000, "grossProfit": 1593000000, "researchDevelopment": {}, "sellingGeneralAdministrative": 229100000, "nonRecurring": {}, "otherOperatingExpenses": 547100000, "totalOperatingExpenses": 3942900000, "operatingIncome": 621800000, "totalOtherIncomeExpenseNet": -61500000, "ebit": 621800000, "interestExpense": -207200000, "incomeBeforeTax": 560300000, "incomeTaxExpense": 134500000, "minorityInterest": 1004700000, "netIncomeFromContinuingOps": 425800000, "discontinuedOperations": {}, "extraordinaryItems": {}, "effectOfAccountingCharges": {}, "otherItems": {}, "netIncome": 422500000, "netIncomeApplicableToCommonShares": 422500000}, {"maxAge": 1, "endDate": "2019-09-30", "totalRevenue": 5503900000, "costOfRevenue": 3722900000, "grossProfit": 1781000000, "researchDevelopment": {}, "sellingGeneralAdministrative": 215000000, "nonRecurring": {}, "otherOperatingExpenses": 683600000, "totalOperatingExpenses": 4817000000, "operatingIncome": 686900000, "totalOtherIncomeExpenseNet": -83600000, "ebit": 686900000, "interestExpense": -177600000, "incomeBeforeTax": 603300000, "incomeTaxExpense": -96400000, "minorityInterest": 516500000, "netIncomeFromContinuingOps": 699700000, "discontinuedOperations": {}, "extraordinaryItems": {}, "effectOfAccountingCharges": {}, "otherItems": {}, "netIncome": 689300000, "netIncomeApplicableToCommonShares": 689300000}], "maxAge": 86400}, "cashflowStatementHistoryQuarterly": {"cashflowStatements": [{"maxAge": 1, "endDate": "2020-06-30", "netIncome": 354700000, "changeToLiabilities": 0}, {"maxAge": 1, "endDate": "2020-03-31", "netIncome": -322400000, "changeToLiabilities": 0}, {"maxAge": 1, "endDate": "2019-12-31", "netIncome": 422500000, "changeToLiabilities": 0}, {"maxAge": 1, "endDate": "2019-09-30", "netIncome": 689300000, "changeToLiabilities": 0}], "maxAge": 86400}, "insiderHolders": {"holders": [{"maxAge": 1, "name": "Anant (Sarda)", "relation": "Promoter", "url": "", "transactionDescription": "Gift", "latestTransDate": "2020-09-08", "positionDirect": 808289, "positionDirectDate": "2020-09-08"}, {"maxAge": 1, "name": "CSP Investment", "relation": "Promoter", "url": "", "transactionDescription": "Acquisition", "latestTransDate": "2017-07-07", "positionDirect": 147731, "positionDirectDate": "2017-07-07"}, {"maxAge": 1, "name": "Chhattisgarh Investments Ltd", "relation": "Promoter", "url": "", "transactionDescription": "Acquisition", "latestTransDate": "2018-03-15", "positionDirect": 13788760, "positionDirectDate": "2018-03-15"}, {"maxAge": 1, "name": "K.K.Sarda Family Trust", "relation": "Promoter", "url": "", "transactionDescription": "Gift", "latestTransDate": "2020-09-08", "positionDirect": 1000000, "positionDirectDate": "2020-09-08"}, {"maxAge": 1, "name": "Laddha (Ravi)", "relation": "UNREPORTED", "url": "", "transactionDescription": "Sale", "latestTransDate": "2017-03-31", "positionDirect": 4166, "positionDirectDate": "2017-03-31"}, {"maxAge": 1, "name": "Mundra (Ghanshyam Das)", "relation": "Wholetime Director", "url": "", "transactionDescription": "Other", "latestTransDate": "2014-08-21", "positionDirect": 10487, "positionDirectDate": "2014-08-21"}, {"maxAge": 1, "name": "Rathi (Kamal Kishore)", "relation": "Promoter", "url": "", "transactionDescription": "Other", "latestTransDate": "2017-03-31", "positionDirect": 6000, "positionDirectDate": "2017-03-31"}, {"maxAge": 1, "name": "Sarda (Kamal Kishore)", "relation": "Promoter", "url": "", "transactionDescription": "Gift", "latestTransDate": "2020-09-08", "positionDirect": 564518, "positionDirectDate": "2020-09-08"}, {"maxAge": 1, "name": "Sarda (Manish)", "relation": "Promoter", "url": "", "transactionDescription": "Other", "latestTransDate": "2019-05-31", "positionDirect": 990618, "positionDirectDate": "2019-05-31"}, {"maxAge": 1, "name": "Sarda (Neeraj)", "relation": "Promoter", "url": "", "transactionDescription": "Other", "latestTransDate": "2019-05-31", "positionDirect": 986717, "positionDirectDate": "2019-05-31"}], "maxAge": 1}, "earnings": {"maxAge": 86400, "earningsChart": {"quarterly": [{"date": "1Q2017", "actual": 4.87, "estimate": 4.89}, {"date": "3Q2017", "actual": 10.4, "estimate": 10.57}, {"date": "1Q2018", "actual": 17.47, "estimate": 8.11}, {"date": "2Q2018", "actual": 14.4, "estimate": 19.81}], "currentQuarterEstimateDate": "3Q", "currentQuarterEstimateYear": 2018, "earningsDate": ["2020-08-08 05:30:S"]}, "financialsChart": {"yearly": [{"date": 2017, "revenue": 14342256000, "earnings": 1318791000}, {"date": 2018, "revenue": 21737041000, "earnings": 2024919000}, {"date": 2019, "revenue": 23238900000, "earnings": 2031800000}, {"date": 2020, "revenue": 20001500000, "earnings": 1263400000}], "quarterly": [{"date": "3Q2019", "revenue": 5503900000, "earnings": 689300000}, {"date": "4Q2019", "revenue": 4564700000, "earnings": 422500000}, {"date": "1Q2020", "revenue": 4381100000, "earnings": -322400000}, {"date": "2Q2020", "revenue": 3474000000, "earnings": 354700000}]}, "financialCurrency": "INR"}, "calendarEvents": {"maxAge": 1, "earnings": {"earningsDate": ["2020-08-08 05:30:S"], "revenueAverage": 4185350000}}, "upgradeDowngradeHistory": {"history": [], "maxAge": 86400}, "price": {"maxAge": 1, "regularMarketChangePercent": 0.021967048, "regularMarketChange": 11.0, "regularMarketTime": "2021-04-30 15:29:48", "priceHint": 2, "regularMarketPrice": 511.75, "regularMarketDayHigh": 524.45, "regularMarketDayLow": 498.0, "regularMarketVolume": 23896, "averageDailyVolume10Day": 15205, "averageDailyVolume3Month": 15165, "regularMarketPreviousClose": 500.75, "regularMarketSource": "FREE_REALTIME", "regularMarketOpen": 499.4, "exchange": "BSE", "exchangeName": "BSE", "exchangeDataDelayedBy": 0, "marketState": "CLOSED", "quoteType": "EQUITY", "symbol": "SARDAEN.BO", "underlyingSymbol": null, "shortName": "SARDA ENERGY & MINERALS LTD.", "longName": "Sarda Energy & Minerals Limited", "currency": "INR", "quoteSourceName": "Delayed Quote", "currencySymbol": "\u20b9", "fromCurrency": null, "lastMarket": null, "marketCap": 18448177152}, "balanceSheetHistory": {"balanceSheetStatements": [{"maxAge": 1, "endDate": "2020-03-31", "cash": 1639300000, "netReceivables": 3845500000, "inventory": 5007600000, "otherCurrentAssets": 1156600000, "totalCurrentAssets": 13040800000, "longTermInvestments": 516800000, "propertyPlantEquipment": 25740800000, "goodWill": 282100000, "intangibleAssets": 403900000, "otherAssets": 1012400000, "totalAssets": 40996800000, "accountsPayable": 2136600000, "shortLongTermDebt": 627400000, "otherCurrentLiab": 185200000, "longTermDebt": 14080900000, "otherLiab": 973700000, "minorityInterest": 1004700000, "totalCurrentLiabilities": 6261100000, "totalLiab": 21318200000, "commonStock": 360500000, "retainedEarnings": 16233800000, "treasuryStock": 139300000, "capitalSurplus": 1940300000, "otherStockholderEquity": 139300000, "totalStockholderEquity": 18673900000, "netTangibleAssets": 17987900000}, {"maxAge": 1, "endDate": "2019-03-31", "cash": 434900000, "netReceivables": 4051000000, "inventory": 4395000000, "otherCurrentAssets": 885300000, "totalCurrentAssets": 11426300000, "longTermInvestments": 469200000, "propertyPlantEquipment": 23033700000, "goodWill": 154200000, "intangibleAssets": 414500000, "otherAssets": 1322400000, "totalAssets": 36820300000, "accountsPayable": 1806100000, "shortLongTermDebt": 635500000, "otherCurrentLiab": 295500000, "longTermDebt": 10638100000, "otherLiab": 940300000, "minorityInterest": 1315500000, "totalCurrentLiabilities": 6489800000, "totalLiab": 18070500000, "commonStock": 360500000, "retainedEarnings": 15024300000, "treasuryStock": 109200000, "capitalSurplus": 1940300000, "otherStockholderEquity": 109200000, "totalStockholderEquity": 17434300000, "netTangibleAssets": 16865600000}, {"maxAge": 1, "endDate": "2018-03-31", "cash": 676385000, "netReceivables": 3413645000, "inventory": 4112562000, "otherCurrentAssets": 1086003000, "totalCurrentAssets": 11147818000, "longTermInvestments": 547906000, "propertyPlantEquipment": 20499943000, "goodWill": 13125000, "intangibleAssets": 419603000, "otherAssets": 1497736000, "totalAssets": 34126131000, "accountsPayable": 1307944000, "shortLongTermDebt": 755862000, "otherCurrentLiab": 494293000, "longTermDebt": 9828550000, "otherLiab": 910653000, "minorityInterest": 884785000, "totalCurrentLiabilities": 6734014000, "totalLiab": 17476692000, "commonStock": 360492000, "retainedEarnings": 13403080000, "treasuryStock": 60761000, "capitalSurplus": 1940321000, "otherStockholderEquity": 60761000, "totalStockholderEquity": 15764654000, "netTangibleAssets": 15331926000}, {"maxAge": 1, "endDate": "2017-03-31", "cash": 100001000, "netReceivables": 3628422000, "inventory": 3426199000, "otherCurrentAssets": 1313873000, "totalCurrentAssets": 10525085000, "longTermInvestments": 224616000, "propertyPlantEquipment": 18879364000, "goodWill": 38303000, "intangibleAssets": 450412000, "otherAssets": 1033390000, "totalAssets": 31151170000, "accountsPayable": 1110786000, "shortLongTermDebt": 900181000, "otherCurrentLiab": 277207000, "longTermDebt": 9231892000, "otherLiab": 780051000, "minorityInterest": 830830000, "totalCurrentLiabilities": 6732510000, "totalLiab": 16744453000, "commonStock": 360304000, "retainedEarnings": 11092126000, "treasuryStock": 185302000, "capitalSurplus": 1938155000, "otherStockholderEquity": 185302000, "totalStockholderEquity": 13575887000, "netTangibleAssets": 13087172000}], "maxAge": 86400}, "earningsTrend": {"trend": [{"maxAge": 1, "period": "0q", "endDate": "2018-09-30", "growth": {}, "earningsEstimate": {"avg": 0.0, "low": 0.0, "high": 0.0, "yearAgoEps": 4.87, "numberOfAnalysts": 0, "growth": {}}, "revenueEstimate": {"avg": 4185350000, "low": 0, "high": 0, "numberOfAnalysts": 0, "yearAgoRevenue": 3473880000, "growth": 0.205}, "epsTrend": {"current": 0.0, "7daysAgo": 0.0, "30daysAgo": 0.0, "60daysAgo": 0.0, "90daysAgo": 0.0}, "epsRevisions": {"upLast7days": 0, "upLast30days": 0, "downLast30days": 0, "downLast90days": {}}}, {"maxAge": 1, "period": "+1q", "endDate": "2018-12-31", "growth": {}, "earningsEstimate": {"avg": 0.0, "low": 0.0, "high": 0.0, "yearAgoEps": 10.4, "numberOfAnalysts": 0, "growth": {}}, "revenueEstimate": {"avg": 0, "low": 0, "high": 0, "numberOfAnalysts": 0, "yearAgoRevenue": {}, "growth": {}}, "epsTrend": {"current": 0.0, "7daysAgo": 0.0, "30daysAgo": 0.0, "60daysAgo": 0.0, "90daysAgo": 0.0}, "epsRevisions": {"upLast7days": 0, "upLast30days": 0, "downLast30days": 0, "downLast90days": {}}}, {"maxAge": 1, "period": "0y", "endDate": "2019-03-31", "growth": {}, "earningsEstimate": {"avg": 0.0, "low": 0.0, "high": 0.0, "yearAgoEps": {}, "numberOfAnalysts": 0, "growth": {}}, "revenueEstimate": {"avg": 17696300000, "low": 17696300000, "high": 17696300000, "numberOfAnalysts": 1, "yearAgoRevenue": 14755000000, "growth": 0.199}, "epsTrend": {"current": 0.0, "7daysAgo": 60.2, "30daysAgo": 60.2, "60daysAgo": 60.2, "90daysAgo": 60.2}, "epsRevisions": {"upLast7days": 0, "upLast30days": 0, "downLast30days": 0, "downLast90days": {}}}, {"maxAge": 1, "period": "+1y", "endDate": "2020-03-31", "growth": {}, "earningsEstimate": {"avg": 0.0, "low": 0.0, "high": 0.0, "yearAgoEps": {}, "numberOfAnalysts": 0, "growth": {}}, "revenueEstimate": {"avg": 20350700000, "low": 20350700000, "high": 20350700000, "numberOfAnalysts": 1, "yearAgoRevenue": 17696300000, "growth": 0.15}, "epsTrend": {"current": 0.0, "7daysAgo": 70.7, "30daysAgo": 70.7, "60daysAgo": 70.7, "90daysAgo": 70.7}, "epsRevisions": {"upLast7days": 0, "upLast30days": 0, "downLast30days": 0, "downLast90days": {}}}, {"maxAge": 1, "period": "+5y", "endDate": null, "growth": {}, "earningsEstimate": {"avg": {}, "low": {}, "high": {}, "yearAgoEps": {}, "numberOfAnalysts": {}, "growth": {}}, "revenueEstimate": {"avg": {}, "low": {}, "high": {}, "numberOfAnalysts": {}, "yearAgoRevenue": {}, "growth": {}}, "epsTrend": {"current": {}, "7daysAgo": {}, "30daysAgo": {}, "60daysAgo": {}, "90daysAgo": {}}, "epsRevisions": {"upLast7days": {}, "upLast30days": {}, "downLast30days": {}, "downLast90days": {}}}, {"maxAge": 1, "period": "-5y", "endDate": null, "growth": {}, "earningsEstimate": {"avg": {}, "low": {}, "high": {}, "yearAgoEps": {}, "numberOfAnalysts": {}, "growth": {}}, "revenueEstimate": {"avg": {}, "low": {}, "high": {}, "numberOfAnalysts": {}, "yearAgoRevenue": {}, "growth": {}}, "epsTrend": {"current": {}, "7daysAgo": {}, "30daysAgo": {}, "60daysAgo": {}, "90daysAgo": {}}, "epsRevisions": {"upLast7days": {}, "upLast30days": {}, "downLast30days": {}, "downLast90days": {}}}], "maxAge": 1}, "financialData": {"maxAge": 86400, "currentPrice": 511.75, "targetHighPrice": 64.0, "targetLowPrice": 64.0, "targetMeanPrice": 64.0, "targetMedianPrice": 64.0, "recommendationKey": "none", "numberOfAnalystOpinions": 1, "grossProfits": 6876900000, "financialCurrency": "INR"}}}