{"SAREGAMA.BO": {"recommendationTrend": {"trend": [{"period": "0m", "strongBuy": 0, "buy": 0, "hold": 0, "sell": 0, "strongSell": 0}, {"period": "-1m", "strongBuy": 0, "buy": 0, "hold": 0, "sell": 0, "strongSell": 0}, {"period": "-2m", "strongBuy": 0, "buy": 0, "hold": 0, "sell": 0, "strongSell": 0}, {"period": "-3m", "strongBuy": 0, "buy": 0, "hold": 0, "sell": 0, "strongSell": 0}], "maxAge": 86400}, "cashflowStatementHistory": {"cashflowStatements": [{"maxAge": 1, "endDate": "2020-03-31", "netIncome": 439384000, "depreciation": 44624000, "changeToNetincome": -78918000, "changeToAccountReceivables": 6363000, "changeToLiabilities": 23398000, "changeToInventory": 26600000, "changeToOperatingActivities": 331970000, "totalCashFromOperatingActivities": 795173000, "capitalExpenditures": -82780000, "investments": 12000, "otherCashflowsFromInvestingActivities": 32535000, "totalCashflowsFromInvestingActivities": -50221000, "dividendsPaid": -52260000, "netBorrowings": -553222000, "otherCashflowsFromFinancingActivities": -44873000, "totalCashFromFinancingActivities": -724660000, "effectOfExchangeRate": 157000, "changeInCash": 20449000, "repurchaseOfStock": -76432000, "issuanceOfStock": 2127000}, {"maxAge": 1, "endDate": "2019-03-31", "netIncome": 541134000, "depreciation": 35539000, "changeToNetincome": -20534000, "changeToAccountReceivables": -323896000, "changeToLiabilities": 173967000, "changeToInventory": -469837000, "changeToOperatingActivities": -295950000, "totalCashFromOperatingActivities": -357282000, "capitalExpenditures": -121045000, "investments": 43000, "otherCashflowsFromInvestingActivities": 57430000, "totalCashflowsFromInvestingActivities": -63492000, "dividendsPaid": -51530000, "netBorrowings": 478924000, "otherCashflowsFromFinancingActivities": -48817000, "totalCashFromFinancingActivities": 378577000, "effectOfExchangeRate": 47000, "changeInCash": -42150000, "repurchaseOfStock": -76432000, "issuanceOfStock": 2127000}, {"maxAge": 1, "endDate": "2018-03-31", "netIncome": 285148000, "depreciation": 38843000, "changeToNetincome": 6142000, "changeToAccountReceivables": -274245000, "changeToLiabilities": 45304000, "changeToInventory": -389760000, "changeToOperatingActivities": 96220000, "totalCashFromOperatingActivities": -189670000, "capitalExpenditures": -26498000, "investments": 43000, "otherCashflowsFromInvestingActivities": 24126000, "totalCashflowsFromInvestingActivities": -2348000, "dividendsPaid": -25910000, "netBorrowings": 129174000, "otherCashflowsFromFinancingActivities": -12595000, "totalCashFromFinancingActivities": 91077000, "effectOfExchangeRate": 3598000, "changeInCash": -97343000, "repurchaseOfStock": -76432000, "issuanceOfStock": 408000}, {"maxAge": 1, "endDate": "2017-03-31", "netIncome": 84075000, "depreciation": 38933000, "changeToNetincome": -93520000, "changeToAccountReceivables": -80450000, "changeToLiabilities": 93948000, "changeToInventory": -90621000, "changeToOperatingActivities": 6156000, "totalCashFromOperatingActivities": -36126000, "capitalExpenditures": -21097000, "investments": 43000, "otherCashflowsFromInvestingActivities": 25650000, "totalCashflowsFromInvestingActivities": 4621000, "dividendsPaid": -25917000, "netBorrowings": 129174000, "otherCashflowsFromFinancingActivities": -7991000, "totalCashFromFinancingActivities": -33908000, "effectOfExchangeRate": 3598000, "changeInCash": -65413000, "repurchaseOfStock": -76432000, "issuanceOfStock": 408000}], "maxAge": 86400}, "institutionOwnership": {"ownershipList": [], "maxAge": 1}, "balanceSheetHistoryQuarterly": {"balanceSheetStatements": [{"maxAge": 1, "endDate": "2020-06-30", "totalStockholderEquity": 3987907000, "netTangibleAssets": 3876271000}, {"maxAge": 1, "endDate": "2020-03-31", "cash": 70470000, "netReceivables": 1111406000, "inventory": 1006312000, "otherCurrentAssets": 921041000, "totalCurrentAssets": 3180207000, "longTermInvestments": 754415000, "propertyPlantEquipment": 2057362000, "intangibleAssets": 111636000, "otherAssets": 93898000, "totalAssets": 6197518000, "accountsPayable": 580039000, "otherCurrentLiab": 239769000, "otherLiab": 492806000, "minorityInterest": 22486000, "totalCurrentLiabilities": 1694319000, "totalLiab": 2187125000, "commonStock": 174260000, "retainedEarnings": 1445941000, "treasuryStock": 1340462000, "capitalSurplus": 1027244000, "otherStockholderEquity": 1416894000, "totalStockholderEquity": 3987907000, "netTangibleAssets": 3876271000}, {"maxAge": 1, "endDate": "2019-12-31", "totalStockholderEquity": 4276800000, "netTangibleAssets": 4207300000}, {"maxAge": 1, "endDate": "2019-09-30", "cash": 122400000, "netReceivables": 1366400000, "inventory": 983600000, "otherCurrentAssets": 1045500000, "totalCurrentAssets": 3517900000, "longTermInvestments": 1352000000, "propertyPlantEquipment": 2065800000, "intangibleAssets": 69500000, "otherAssets": 90200000, "totalAssets": 7095400000, "accountsPayable": 624300000, "otherCurrentLiab": 1061100000, "otherLiab": 591400000, "minorityInterest": 29300000, "totalCurrentLiabilities": 2196600000, "totalLiab": 2789300000, "commonStock": 174200000, "treasuryStock": 4102600000, "otherStockholderEquity": 4102600000, "totalStockholderEquity": 4276800000, "netTangibleAssets": 4207300000}], "maxAge": 86400}, "earningsHistory": {"history": [{"maxAge": 1, "epsActual": 2.56, "epsEstimate": 0.93, "epsDifference": 1.63, "surprisePercent": 1.753, "quarter": "2017-09-30", "period": "-4q"}, {"maxAge": 1, "epsActual": 0.74, "epsEstimate": 1.77, "epsDifference": -1.03, "surprisePercent": -0.582, "quarter": "2017-12-31", "period": "-3q"}, {"maxAge": 1, "epsActual": 12.31, "epsEstimate": 0.85, "epsDifference": 11.46, "surprisePercent": 13.481999, "quarter": "2018-03-31", "period": "-2q"}, {"maxAge": 1, "epsActual": 4.93, "epsEstimate": 6.59, "epsDifference": -1.66, "surprisePercent": -0.252, "quarter": "2018-06-30", "period": "-1q"}], "maxAge": 86400}, "indexTrend": {"maxAge": 1, "symbol": "SP5", "peRatio": 19.7411, "pegRatio": 1.34172, "estimates": [{"period": "0q", "growth": 0.549}, {"period": "+1q", "growth": 0.431}, {"period": "0y", "growth": 0.305}, {"period": "+1y", "growth": 0.109}, {"period": "+5y", "growth": 0.120865}, {"period": "-5y"}]}, "industryTrend": {"maxAge": 1, "symbol": null, "estimates": []}, "insiderTransactions": {"transactions": [{"maxAge": 1, "shares": 50000, "filerUrl": "", "transactionText": "", "filerName": "Bhanshali (Meenu)", "filerRelation": "UNREPORTED", "moneyText": "", "startDate": "2012-03-02", "ownership": "D"}, {"maxAge": 1, "shares": 140000, "filerUrl": "", "transactionText": "", "filerName": "REL Utility Engineers Ltd", "filerRelation": "Institution- Corporation", "moneyText": "", "startDate": "2010-08-24", "ownership": "D"}], "maxAge": 1}, "quoteType": {"exchange": "BSE", "quoteType": "EQUITY", "symbol": "SAREGAMA.BO", "underlyingSymbol": "SAREGAMA.BO", "shortName": "SAREGAMA INDIA LTD.", "longName": "Saregama India Limited", "firstTradeDateEpochUtc": "2000-01-25 09:15:00", "timeZoneFullName": "Asia/Kolkata", "timeZoneShortName": "IST", "uuid": "e95d8432-8f57-3a1d-a97f-f7ad48c2b52c", "gmtOffSetMilliseconds": 19800000, "maxAge": 1}, "incomeStatementHistory": {"incomeStatementHistory": [{"maxAge": 1, "endDate": "2020-03-31", "totalRevenue": 5214749000, "costOfRevenue": 2310171000, "grossProfit": 2904578000, "researchDevelopment": {}, "sellingGeneralAdministrative": 971948000, "nonRecurring": {}, "otherOperatingExpenses": 1325381000, "totalOperatingExpenses": 4653876000, "operatingIncome": 560873000, "totalOtherIncomeExpenseNet": 42604000, "ebit": 560873000, "interestExpense": -63791000, "incomeBeforeTax": 603477000, "incomeTaxExpense": 168532000, "minorityInterest": 22486000, "netIncomeFromContinuingOps": 434945000, "discontinuedOperations": {}, "extraordinaryItems": {}, "effectOfAccountingCharges": {}, "otherItems": {}, "netIncome": 439384000, "netIncomeApplicableToCommonShares": 439384000}, {"maxAge": 1, "endDate": "2019-03-31", "totalRevenue": 5447198000, "costOfRevenue": 2805464000, "grossProfit": 2641734000, "researchDevelopment": {}, "sellingGeneralAdministrative": 1090703000, "nonRecurring": {}, "otherOperatingExpenses": 1167182000, "totalOperatingExpenses": 5101183000, "operatingIncome": 346015000, "totalOtherIncomeExpenseNet": 500782000, "ebit": 346015000, "interestExpense": -61499000, "incomeBeforeTax": 846797000, "incomeTaxExpense": 303531000, "minorityInterest": 26183000, "netIncomeFromContinuingOps": 543266000, "discontinuedOperations": {}, "extraordinaryItems": {}, "effectOfAccountingCharges": {}, "otherItems": {}, "netIncome": 541134000, "netIncomeApplicableToCommonShares": 541134000}, {"maxAge": 1, "endDate": "2018-03-31", "totalRevenue": 3565862000, "costOfRevenue": 1822563000, "grossProfit": 1743299000, "researchDevelopment": {}, "sellingGeneralAdministrative": 469569000, "nonRecurring": {}, "otherOperatingExpenses": 905968000, "totalOperatingExpenses": 3239621000, "operatingIncome": 326241000, "totalOtherIncomeExpenseNet": 62998000, "ebit": 326241000, "interestExpense": -31300000, "incomeBeforeTax": 389239000, "incomeTaxExpense": 106222000, "minorityInterest": 22654000, "netIncomeFromContinuingOps": 283017000, "discontinuedOperations": {}, "extraordinaryItems": {}, "effectOfAccountingCharges": {}, "otherItems": {}, "netIncome": 285148000, "netIncomeApplicableToCommonShares": 285148000}, {"maxAge": 1, "endDate": "2017-03-31", "totalRevenue": 2184951000, "costOfRevenue": 1112832000, "grossProfit": 1072119000, "researchDevelopment": {}, "sellingGeneralAdministrative": 300032000, "nonRecurring": {}, "otherOperatingExpenses": 635481000, "totalOperatingExpenses": 2092631000, "operatingIncome": 92320000, "totalOtherIncomeExpenseNet": 67025000, "ebit": 92320000, "interestExpense": -22348000, "incomeBeforeTax": 159345000, "incomeTaxExpense": 72858000, "minorityInterest": 25634000, "netIncomeFromContinuingOps": 86487000, "discontinuedOperations": {}, "extraordinaryItems": {}, "effectOfAccountingCharges": {}, "otherItems": {}, "netIncome": 84075000, "netIncomeApplicableToCommonShares": 84075000}], "maxAge": 86400}, "fundOwnership": {"ownershipList": [{"maxAge": 1, "reportDate": "2020-06-30", "organization": "Matthews International  Fds-Matthews India Fd", "pctHeld": 0.0137, "position": 238020, "value": 101420322}, {"maxAge": 1, "reportDate": "2020-07-31", "organization": "DFA Emerging Markets Core Equity Portfolio", "pctHeld": 0.00090000004, "position": 16043, "value": 7678981}], "maxAge": 1}, "summaryDetail": {"maxAge": 1, "priceHint": 2, "previousClose": 1848.2, "open": 1844.0, "dayLow": 1814.55, "dayHigh": 1868.5, "regularMarketPreviousClose": 1848.2, "regularMarketOpen": 1844.0, "regularMarketDayLow": 1814.55, "regularMarketDayHigh": 1868.5, "trailingPE": 52.258728, "forwardPE": 67.891815, "volume": 1409, "regularMarketVolume": 1409, "averageVolume": 6243, "averageVolume10days": 4425, "averageDailyVolume10Day": 4425, "bid": 1821.0, "ask": 1841.0, "bidSize": 0, "askSize": 0, "marketCap": 31935068160, "fiftyTwoWeekLow": 185.0, "fiftyTwoWeekHigh": 1868.5, "fiftyDayAverage": 836.88635, "twoHundredDayAverage": 650.082, "trailingAnnualDividendRate": 1.5, "trailingAnnualDividendYield": 0.0008116005, "currency": "INR", "fromCurrency": null, "lastMarket": null, "algorithm": null, "tradeable": false}, "sectorTrend": {"maxAge": 1, "symbol": null, "estimates": []}, "incomeStatementHistoryQuarterly": {"incomeStatementHistory": [{"maxAge": 1, "endDate": "2020-06-30", "totalRevenue": 764900000, "costOfRevenue": 406100000, "grossProfit": 358800000, "researchDevelopment": {}, "sellingGeneralAdministrative": 60700000, "nonRecurring": {}, "otherOperatingExpenses": 109400000, "totalOperatingExpenses": 589000000, "operatingIncome": 175900000, "totalOtherIncomeExpenseNet": 44200000, "ebit": 175900000, "interestExpense": -9500000, "incomeBeforeTax": 220100000, "incomeTaxExpense": 62500000, "minorityInterest": {}, "netIncomeFromContinuingOps": 157600000, "discontinuedOperations": {}, "extraordinaryItems": {}, "effectOfAccountingCharges": {}, "otherItems": {}, "netIncome": 157500000, "netIncomeApplicableToCommonShares": 157500000}, {"maxAge": 1, "endDate": "2020-03-31", "totalRevenue": 1086649000, "costOfRevenue": -74929000, "grossProfit": 1161578000, "researchDevelopment": {}, "sellingGeneralAdministrative": 185948000, "nonRecurring": {}, "otherOperatingExpenses": 758181000, "totalOperatingExpenses": 880876000, "operatingIncome": 205773000, "totalOtherIncomeExpenseNet": 17504000, "ebit": 205773000, "interestExpense": -10391000, "incomeBeforeTax": 223277000, "incomeTaxExpense": 74932000, "minorityInterest": 22486000, "netIncomeFromContinuingOps": 148345000, "discontinuedOperations": {}, "extraordinaryItems": {}, "effectOfAccountingCharges": {}, "otherItems": {}, "netIncome": 158084000, "netIncomeApplicableToCommonShares": 158084000}, {"maxAge": 1, "endDate": "2019-12-31", "totalRevenue": 1294500000, "costOfRevenue": 754200000, "grossProfit": 540300000, "researchDevelopment": {}, "sellingGeneralAdministrative": 216100000, "nonRecurring": {}, "otherOperatingExpenses": 187600000, "totalOperatingExpenses": 1169400000, "operatingIncome": 125100000, "totalOtherIncomeExpenseNet": 13000000, "ebit": 125100000, "interestExpense": -14300000, "incomeBeforeTax": 138100000, "incomeTaxExpense": 33300000, "minorityInterest": 22486000, "netIncomeFromContinuingOps": 104800000, "discontinuedOperations": {}, "extraordinaryItems": {}, "effectOfAccountingCharges": {}, "otherItems": {}, "netIncome": 101700000, "netIncomeApplicableToCommonShares": 101700000}, {"maxAge": 1, "endDate": "2019-09-30", "totalRevenue": 1574600000, "costOfRevenue": 882300000, "grossProfit": 692300000, "researchDevelopment": {}, "sellingGeneralAdministrative": 262300000, "nonRecurring": {}, "otherOperatingExpenses": 188000000, "totalOperatingExpenses": 1344000000, "operatingIncome": 230600000, "totalOtherIncomeExpenseNet": 9300000, "ebit": 230600000, "interestExpense": -20100000, "incomeBeforeTax": 239900000, "incomeTaxExpense": 45700000, "minorityInterest": 29300000, "netIncomeFromContinuingOps": 194200000, "discontinuedOperations": {}, "extraordinaryItems": {}, "effectOfAccountingCharges": {}, "otherItems": {}, "netIncome": 192600000, "netIncomeApplicableToCommonShares": 192600000}], "maxAge": 86400}, "cashflowStatementHistoryQuarterly": {"cashflowStatements": [{"maxAge": 1, "endDate": "2020-06-30", "netIncome": 157500000, "changeToLiabilities": 0}, {"maxAge": 1, "endDate": "2020-03-31", "netIncome": 158084000, "changeToLiabilities": 0}, {"maxAge": 1, "endDate": "2019-12-31", "netIncome": 101700000, "changeToLiabilities": 0}, {"maxAge": 1, "endDate": "2019-09-30", "netIncome": 192600000, "changeToLiabilities": 0}], "maxAge": 86400}, "insiderHolders": {"holders": [{"maxAge": 1, "name": "Bhanshali (Meenu)", "relation": "UNREPORTED", "url": "", "transactionDescription": "Acquisition", "latestTransDate": "2012-03-02", "positionDirect": 111000, "positionDirectDate": "2012-03-02"}, {"maxAge": 1, "name": "REL Utility Engineers Ltd", "relation": "Institution- Corporation", "url": "", "transactionDescription": "Sale", "latestTransDate": "2010-08-24", "positionDirect": 1572852, "positionDirectDate": "2010-08-24"}], "maxAge": 1}, "earnings": {"maxAge": 86400, "earningsChart": {"quarterly": [{"date": "3Q2017", "actual": 2.56, "estimate": 0.93}, {"date": "4Q2017", "actual": 0.74, "estimate": 1.77}, {"date": "1Q2018", "actual": 12.31, "estimate": 0.85}, {"date": "2Q2018", "actual": 4.93, "estimate": 6.59}], "currentQuarterEstimateDate": "3Q", "currentQuarterEstimateYear": 2018, "earningsDate": []}, "financialsChart": {"yearly": [{"date": 2017, "revenue": 2184951000, "earnings": 84075000}, {"date": 2018, "revenue": 3565862000, "earnings": 285148000}, {"date": 2019, "revenue": 5447198000, "earnings": 541134000}, {"date": 2020, "revenue": 5214749000, "earnings": 439384000}], "quarterly": [{"date": "3Q2019", "revenue": 1574600000, "earnings": 192600000}, {"date": "4Q2019", "revenue": 1294500000, "earnings": 101700000}, {"date": "1Q2020", "revenue": 1086649000, "earnings": 158084000}, {"date": "2Q2020", "revenue": 764900000, "earnings": 157500000}]}, "financialCurrency": "INR"}, "calendarEvents": {"maxAge": 1, "earnings": {"earningsDate": [], "revenueAverage": 1406900000}}, "upgradeDowngradeHistory": {"history": [], "maxAge": 86400}, "price": {"maxAge": 1, "regularMarketChangePercent": -0.0085488185, "regularMarketChange": -15.799927, "regularMarketTime": "2021-04-30 15:24:01", "priceHint": 2, "regularMarketPrice": 1832.4, "regularMarketDayHigh": 1868.5, "regularMarketDayLow": 1814.55, "regularMarketVolume": 1409, "averageDailyVolume10Day": 4425, "averageDailyVolume3Month": 6243, "regularMarketPreviousClose": 1848.2, "regularMarketSource": "FREE_REALTIME", "regularMarketOpen": 1844.0, "exchange": "BSE", "exchangeName": "BSE", "exchangeDataDelayedBy": 0, "marketState": "CLOSED", "quoteType": "EQUITY", "symbol": "SAREGAMA.BO", "underlyingSymbol": null, "shortName": "SAREGAMA INDIA LTD.", "longName": "Saregama India Limited", "currency": "INR", "quoteSourceName": "Delayed Quote", "currencySymbol": "\u20b9", "fromCurrency": null, "lastMarket": null, "marketCap": 31935068160}, "balanceSheetHistory": {"balanceSheetStatements": [{"maxAge": 1, "endDate": "2020-03-31", "cash": 70470000, "netReceivables": 1111406000, "inventory": 1006312000, "otherCurrentAssets": 921041000, "totalCurrentAssets": 3180207000, "longTermInvestments": 754415000, "propertyPlantEquipment": 2057362000, "intangibleAssets": 111636000, "otherAssets": 93898000, "totalAssets": 6197518000, "accountsPayable": 580039000, "otherCurrentLiab": 239769000, "otherLiab": 492806000, "minorityInterest": 22486000, "totalCurrentLiabilities": 1694319000, "totalLiab": 2187125000, "commonStock": 174260000, "retainedEarnings": 1445941000, "treasuryStock": 1340462000, "capitalSurplus": 1027244000, "otherStockholderEquity": 1416894000, "totalStockholderEquity": 3987907000, "netTangibleAssets": 3876271000}, {"maxAge": 1, "endDate": "2019-03-31", "cash": 50021000, "netReceivables": 1421478000, "inventory": 1016501000, "otherCurrentAssets": 860414000, "totalCurrentAssets": 3387319000, "longTermInvestments": 1483405000, "propertyPlantEquipment": 2057052000, "intangibleAssets": 71285000, "otherAssets": 88957000, "totalAssets": 7088018000, "accountsPayable": 564517000, "otherCurrentLiab": 155542000, "otherLiab": 608836000, "minorityInterest": 26183000, "totalCurrentLiabilities": 2172169000, "totalLiab": 2781005000, "commonStock": 174105000, "retainedEarnings": 1075884000, "treasuryStock": 2005569000, "capitalSurplus": 1025272000, "otherStockholderEquity": 2005569000, "totalStockholderEquity": 4280830000, "netTangibleAssets": 4209545000}, {"maxAge": 1, "endDate": "2018-03-31", "cash": 92171000, "netReceivables": 734025000, "inventory": 590535000, "otherCurrentAssets": 702522000, "totalCurrentAssets": 2148942000, "longTermInvestments": 1509350000, "propertyPlantEquipment": 1883851000, "intangibleAssets": 65314000, "otherAssets": 176466000, "totalAssets": 5783923000, "accountsPayable": 404050000, "otherCurrentLiab": 142989000, "otherLiab": 503522000, "minorityInterest": 22654000, "totalCurrentLiabilities": 1440607000, "totalLiab": 1944129000, "commonStock": 174105000, "retainedEarnings": 595010000, "treasuryStock": 2022753000, "capitalSurplus": 1025272000, "otherStockholderEquity": 2022753000, "totalStockholderEquity": 3817140000, "netTangibleAssets": 3751826000}, {"maxAge": 1, "endDate": "2017-03-31", "cash": 189514000, "netReceivables": 550460000, "inventory": 111482000, "otherCurrentAssets": 539924000, "totalCurrentAssets": 1425034000, "longTermInvestments": 1316374000, "propertyPlantEquipment": 1897247000, "intangibleAssets": 67226000, "otherAssets": 91484000, "totalAssets": 4797365000, "accountsPayable": 384064000, "otherCurrentLiab": 77971000, "otherLiab": 465860000, "minorityInterest": 25634000, "totalCurrentLiabilities": 908353000, "totalLiab": 1374213000, "commonStock": 174029000, "retainedEarnings": 339401000, "treasuryStock": 1859148000, "capitalSurplus": 1024940000, "otherStockholderEquity": 1859148000, "totalStockholderEquity": 3397518000, "netTangibleAssets": 3330292000}], "maxAge": 86400}, "earningsTrend": {"trend": [{"maxAge": 1, "period": "0q", "endDate": "2018-09-30", "growth": {}, "earningsEstimate": {"avg": 0.0, "low": 0.0, "high": 0.0, "yearAgoEps": 2.56, "numberOfAnalysts": 0, "growth": {}}, "revenueEstimate": {"avg": 1406900000, "low": 0, "high": 0, "numberOfAnalysts": 0, "yearAgoRevenue": 844600000, "growth": 0.666}, "epsTrend": {"current": 0.0, "7daysAgo": 0.0, "30daysAgo": 0.0, "60daysAgo": 0.0, "90daysAgo": 0.0}, "epsRevisions": {"upLast7days": 0, "upLast30days": 0, "downLast30days": 0, "downLast90days": {}}}, {"maxAge": 1, "period": "+1q", "endDate": "2018-12-31", "growth": {}, "earningsEstimate": {"avg": 0.0, "low": 0.0, "high": 0.0, "yearAgoEps": 0.74, "numberOfAnalysts": 0, "growth": {}}, "revenueEstimate": {"avg": 0, "low": 0, "high": 0, "numberOfAnalysts": 0, "yearAgoRevenue": {}, "growth": {}}, "epsTrend": {"current": 0.0, "7daysAgo": 0.0, "30daysAgo": 0.0, "60daysAgo": 0.0, "90daysAgo": 0.0}, "epsRevisions": {"upLast7days": 0, "upLast30days": 0, "downLast30days": 0, "downLast90days": {}}}, {"maxAge": 1, "period": "0y", "endDate": "2019-03-31", "growth": {}, "earningsEstimate": {"avg": 0.0, "low": 0.0, "high": 0.0, "yearAgoEps": {}, "numberOfAnalysts": 0, "growth": {}}, "revenueEstimate": {"avg": 5391520000, "low": 5391520000, "high": 5391520000, "numberOfAnalysts": 1, "yearAgoRevenue": 3456100000, "growth": 0.56}, "epsTrend": {"current": 0.0, "7daysAgo": 22.07, "30daysAgo": 22.07, "60daysAgo": 22.07, "90daysAgo": 22.07}, "epsRevisions": {"upLast7days": 0, "upLast30days": 1, "downLast30days": 0, "downLast90days": {}}}, {"maxAge": 1, "period": "+1y", "endDate": "2020-03-31", "growth": {}, "earningsEstimate": {"avg": 0.0, "low": 0.0, "high": 0.0, "yearAgoEps": {}, "numberOfAnalysts": 0, "growth": {}}, "revenueEstimate": {"avg": 6361990000, "low": 6361990000, "high": 6361990000, "numberOfAnalysts": 1, "yearAgoRevenue": 5391520000, "growth": 0.18}, "epsTrend": {"current": 0.0, "7daysAgo": 26.99, "30daysAgo": 26.99, "60daysAgo": 26.99, "90daysAgo": 26.99}, "epsRevisions": {"upLast7days": 0, "upLast30days": 1, "downLast30days": 0, "downLast90days": {}}}, {"maxAge": 1, "period": "+5y", "endDate": null, "growth": {}, "earningsEstimate": {"avg": {}, "low": {}, "high": {}, "yearAgoEps": {}, "numberOfAnalysts": {}, "growth": {}}, "revenueEstimate": {"avg": {}, "low": {}, "high": {}, "numberOfAnalysts": {}, "yearAgoRevenue": {}, "growth": {}}, "epsTrend": {"current": {}, "7daysAgo": {}, "30daysAgo": {}, "60daysAgo": {}, "90daysAgo": {}}, "epsRevisions": {"upLast7days": {}, "upLast30days": {}, "downLast30days": {}, "downLast90days": {}}}, {"maxAge": 1, "period": "-5y", "endDate": null, "growth": {}, "earningsEstimate": {"avg": {}, "low": {}, "high": {}, "yearAgoEps": {}, "numberOfAnalysts": {}, "growth": {}}, "revenueEstimate": {"avg": {}, "low": {}, "high": {}, "numberOfAnalysts": {}, "yearAgoRevenue": {}, "growth": {}}, "epsTrend": {"current": {}, "7daysAgo": {}, "30daysAgo": {}, "60daysAgo": {}, "90daysAgo": {}}, "epsRevisions": {"upLast7days": {}, "upLast30days": {}, "downLast30days": {}, "downLast90days": {}}}], "maxAge": 1}, "financialData": {"maxAge": 86400, "currentPrice": 1832.4, "targetHighPrice": 790.0, "targetLowPrice": 790.0, "targetMeanPrice": 790.0, "targetMedianPrice": 790.0, "recommendationKey": "none", "numberOfAnalystOpinions": 1, "grossProfits": 2904578000, "financialCurrency": "INR"}}}