{"SARUPINDUS.BO": {"cashflowStatementHistory": {"cashflowStatements": [{"maxAge": 1, "endDate": "2020-03-31", "netIncome": -55528620, "depreciation": 12612284, "changeToNetincome": 26752657, "changeToAccountReceivables": -3522108, "changeToLiabilities": 26240505, "changeToInventory": 16199843, "changeToOperatingActivities": 7634303, "totalCashFromOperatingActivities": 30388864, "capitalExpenditures": -4176447, "totalCashflowsFromInvestingActivities": -4176447, "otherCashflowsFromFinancingActivities": -26752657, "totalCashFromFinancingActivities": -26752657, "changeInCash": -540240}, {"maxAge": 1, "endDate": "2019-03-31", "netIncome": -91502883, "depreciation": 16145732, "changeToNetincome": 24442159, "changeToAccountReceivables": 19812395, "changeToLiabilities": 31214238, "changeToInventory": 2386045, "changeToOperatingActivities": 48843961, "totalCashFromOperatingActivities": 51341647, "capitalExpenditures": -27095823, "totalCashflowsFromInvestingActivities": -27095823, "otherCashflowsFromFinancingActivities": -24442159, "totalCashFromFinancingActivities": -24442159, "changeInCash": -196334}, {"maxAge": 1, "endDate": "2018-03-31", "netIncome": -31321579, "depreciation": 18952147, "changeToNetincome": 40316817, "changeToAccountReceivables": 23740834, "changeToLiabilities": -26014713, "changeToInventory": -29986048, "changeToOperatingActivities": 50260610, "totalCashFromOperatingActivities": 45948068, "capitalExpenditures": -3427930, "totalCashflowsFromInvestingActivities": -3427930, "netBorrowings": -18952121, "otherCashflowsFromFinancingActivities": -21618140, "totalCashFromFinancingActivities": -40570261, "changeInCash": 1949880}, {"maxAge": 1, "endDate": "2017-03-31", "netIncome": 5436607, "depreciation": 17310863, "changeToNetincome": 14853568, "changeToAccountReceivables": -22576646, "changeToLiabilities": 3700739, "changeToInventory": 2178778, "changeToOperatingActivities": -6582810, "totalCashFromOperatingActivities": 14321099, "capitalExpenditures": -44413896, "investments": -2800000, "otherCashflowsFromInvestingActivities": 393295, "totalCashflowsFromInvestingActivities": -46693101, "netBorrowings": 46673415, "otherCashflowsFromFinancingActivities": -18146663, "totalCashFromFinancingActivities": 28526752, "changeInCash": -3845250}], "maxAge": 86400}, "institutionOwnership": {"ownershipList": [], "maxAge": 1}, "balanceSheetHistoryQuarterly": {"balanceSheetStatements": [{"maxAge": 1, "endDate": "2020-06-30", "totalStockholderEquity": 32646000, "netTangibleAssets": 32646000}, {"maxAge": 1, "endDate": "2020-03-31", "cash": 6327285, "netReceivables": 138149776, "inventory": 293303436, "totalCurrentAssets": 437780497, "longTermInvestments": 2894914, "propertyPlantEquipment": 267345053, "otherAssets": 13089312, "deferredLongTermAssetCharges": 6572606, "totalAssets": 721109776, "accountsPayable": 138330693, "otherCurrentLiab": 116981396, "longTermDebt": 239159930, "otherLiab": 37259848, "totalCurrentLiabilities": 412044371, "totalLiab": 688464149, "commonStock": 32524000, "retainedEarnings": -30259173, "treasuryStock": 3035800, "capitalSurplus": 27345000, "otherStockholderEquity": 3035800, "totalStockholderEquity": 32645627, "netTangibleAssets": 32645627}, {"maxAge": 1, "endDate": "2019-12-31", "totalStockholderEquity": 76219000, "netTangibleAssets": 76219000}, {"maxAge": 1, "endDate": "2019-09-30", "cash": 6072000, "netReceivables": 154503000, "inventory": 296577000, "totalCurrentAssets": 457152000, "longTermInvestments": 4000000, "propertyPlantEquipment": 269209000, "otherAssets": 13317000, "totalAssets": 743678000, "accountsPayable": 128868000, "otherCurrentLiab": 107232000, "longTermDebt": 246540000, "otherLiab": 38025000, "totalCurrentLiabilities": 382894000, "totalLiab": 667459000, "commonStock": 32524000, "treasuryStock": 43695000, "otherStockholderEquity": 43695000, "totalStockholderEquity": 76219000, "netTangibleAssets": 76219000}], "maxAge": 86400}, "indexTrend": {"maxAge": 1, "symbol": "SP5", "peRatio": 19.7411, "pegRatio": 1.34172, "estimates": [{"period": "0q", "growth": 0.549}, {"period": "+1q", "growth": 0.431}, {"period": "0y", "growth": 0.305}, {"period": "+1y", "growth": 0.109}, {"period": "+5y", "growth": 0.120859005}, {"period": "-5y"}]}, "insiderTransactions": {"transactions": [{"maxAge": 1, "shares": 2257094, "filerUrl": "", "transactionText": "", "filerName": "Bawa (Atamjit Singh)", "filerRelation": "Wholetime Director", "moneyText": "", "startDate": "2019-12-17", "ownership": "D"}, {"maxAge": 1, "shares": 2257094, "filerUrl": "", "transactionText": "", "filerName": "Bawa (Manjit Kaur)", "filerRelation": "UNREPORTED", "moneyText": "", "startDate": "2019-12-17", "ownership": "D"}, {"maxAge": 1, "shares": 891054, "filerUrl": "", "transactionText": "", "filerName": "Bawa (Atamjit Singh)", "filerRelation": "Executive Chairman", "moneyText": "", "startDate": "2018-02-21", "ownership": "D"}, {"maxAge": 1, "shares": 1216294, "filerUrl": "", "transactionText": "", "filerName": "Bawa (Manjit Kaur)", "filerRelation": "Promoter", "moneyText": "", "startDate": "2018-02-21", "ownership": "D"}, {"maxAge": 1, "shares": 325240, "filerUrl": "", "transactionText": "", "filerName": "Bawa (Simerjit Singh)", "filerRelation": "Managing Director", "moneyText": "", "startDate": "2018-02-21", "ownership": "D"}, {"maxAge": 1, "shares": 640700, "filerUrl": "", "transactionText": "", "filerName": "Bawa (Atamjit Singh)", "filerRelation": "Executive Chairman", "moneyText": "", "startDate": "2016-11-29", "ownership": "D"}, {"maxAge": 1, "shares": 640700, "filerUrl": "", "transactionText": "", "filerName": "Bawa (Manjit Kaur)", "filerRelation": "Promoter", "moneyText": "", "startDate": "2016-11-29", "ownership": "D"}], "maxAge": 1}, "quoteType": {"exchange": "BSE", "quoteType": "EQUITY", "symbol": "SARUPINDUS.BO", "underlyingSymbol": "SARUPINDUS.BO", "shortName": "SARUP INDUSTRIES LTD.", "longName": "Sarup Industries Limited", "firstTradeDateEpochUtc": "2000-01-03 09:15:00", "timeZoneFullName": "Asia/Kolkata", "timeZoneShortName": "IST", "uuid": "4829c252-612e-3975-be40-789436250f3a", "gmtOffSetMilliseconds": 19800000, "maxAge": 1}, "incomeStatementHistory": {"incomeStatementHistory": [{"maxAge": 1, "endDate": "2020-03-31", "totalRevenue": 211011400, "costOfRevenue": 127128557, "grossProfit": 83882843, "researchDevelopment": {}, "sellingGeneralAdministrative": 70629609, "nonRecurring": {}, "otherOperatingExpenses": 29273494, "totalOperatingExpenses": 239643944, "operatingIncome": -28632544, "totalOtherIncomeExpenseNet": -27284168, "ebit": -28632544, "interestExpense": -26752657, "incomeBeforeTax": -55916712, "incomeTaxExpense": -388092, "minorityInterest": {}, "netIncomeFromContinuingOps": -55528620, "discontinuedOperations": {}, "extraordinaryItems": {}, "effectOfAccountingCharges": {}, "otherItems": {}, "netIncome": -55528620, "netIncomeApplicableToCommonShares": -55528620}, {"maxAge": 1, "endDate": "2019-03-31", "totalRevenue": 201213000, "costOfRevenue": 130278791, "grossProfit": 70934209, "researchDevelopment": {}, "sellingGeneralAdministrative": 88772356, "nonRecurring": {}, "otherOperatingExpenses": 37258403, "totalOperatingExpenses": 272455282, "operatingIncome": -71242282, "totalOtherIncomeExpenseNet": -25393744, "ebit": -71242282, "interestExpense": -24442159, "incomeBeforeTax": -96636026, "incomeTaxExpense": -5133143, "minorityInterest": {}, "netIncomeFromContinuingOps": -91502883, "discontinuedOperations": {}, "extraordinaryItems": {}, "effectOfAccountingCharges": {}, "otherItems": {}, "netIncome": -91502883, "netIncomeApplicableToCommonShares": -91502883}, {"maxAge": 1, "endDate": "2018-03-31", "totalRevenue": 442131482, "costOfRevenue": 216612571, "grossProfit": 225518911, "researchDevelopment": {}, "sellingGeneralAdministrative": 136174977, "nonRecurring": {}, "otherOperatingExpenses": 83213259, "totalOperatingExpenses": 454952954, "operatingIncome": -12821472, "totalOtherIncomeExpenseNet": -20021484, "ebit": -12821472, "interestExpense": -21618140, "incomeBeforeTax": -32842956, "incomeTaxExpense": -1521377, "minorityInterest": {}, "netIncomeFromContinuingOps": -31321579, "discontinuedOperations": {}, "extraordinaryItems": {}, "effectOfAccountingCharges": {}, "otherItems": {}, "netIncome": -31321579, "netIncomeApplicableToCommonShares": -31321579}, {"maxAge": 1, "endDate": "2017-03-31", "totalRevenue": 496835694, "costOfRevenue": 257516415, "grossProfit": 239319279, "researchDevelopment": {}, "sellingGeneralAdministrative": 144620057, "nonRecurring": {}, "otherOperatingExpenses": 52551412, "totalOperatingExpenses": 471998748, "operatingIncome": 24836946, "totalOtherIncomeExpenseNet": -19400339, "ebit": 24836946, "interestExpense": -18146663, "incomeBeforeTax": 5436607, "incomeTaxExpense": 0, "minorityInterest": {}, "netIncomeFromContinuingOps": 5436607, "discontinuedOperations": {}, "extraordinaryItems": {}, "effectOfAccountingCharges": {}, "otherItems": {}, "netIncome": 5436607, "netIncomeApplicableToCommonShares": 5436607}], "maxAge": 86400}, "fundOwnership": {"ownershipList": [], "maxAge": 1}, "summaryDetail": {"maxAge": 1, "priceHint": 2, "previousClose": 14.45, "open": 15.0, "dayLow": 15.0, "dayHigh": 15.0, "regularMarketPreviousClose": 14.45, "regularMarketOpen": 15.0, "regularMarketDayLow": 15.0, "regularMarketDayHigh": 15.0, "volume": 500, "regularMarketVolume": 500, "averageVolume": 106, "averageVolume10days": 76, "averageDailyVolume10Day": 76, "bid": 13.9, "ask": 15.15, "bidSize": 0, "askSize": 0, "marketCap": 48786000, "fiftyTwoWeekLow": 13.85, "fiftyTwoWeekHigh": 31.5, "fiftyDayAverage": 16.39394, "twoHundredDayAverage": 19.86241, "currency": "INR", "fromCurrency": null, "lastMarket": null, "algorithm": null, "tradeable": false}, "incomeStatementHistoryQuarterly": {"incomeStatementHistory": [{"maxAge": 1, "endDate": "2020-06-30", "totalRevenue": 4843000, "costOfRevenue": 2029000, "grossProfit": 2814000, "researchDevelopment": {}, "sellingGeneralAdministrative": 1671000, "nonRecurring": {}, "otherOperatingExpenses": 1227000, "totalOperatingExpenses": 7627000, "operatingIncome": -2784000, "totalOtherIncomeExpenseNet": -6204000, "ebit": -2784000, "interestExpense": -6204000, "incomeBeforeTax": -8988000, "incomeTaxExpense": 0, "minorityInterest": {}, "netIncomeFromContinuingOps": -8988000, "discontinuedOperations": {}, "extraordinaryItems": {}, "effectOfAccountingCharges": {}, "otherItems": {}, "netIncome": -8988000, "netIncomeApplicableToCommonShares": -8988000}, {"maxAge": 1, "endDate": "2020-03-31", "totalRevenue": 39888400, "costOfRevenue": 15839557, "grossProfit": 24048843, "researchDevelopment": {}, "sellingGeneralAdministrative": 15678609, "nonRecurring": {}, "otherOperatingExpenses": 12958494, "totalOperatingExpenses": 44980944, "operatingIncome": -5092544, "totalOtherIncomeExpenseNet": -5185168, "ebit": -5092544, "interestExpense": -4654657, "incomeBeforeTax": -10277712, "incomeTaxExpense": -388092, "minorityInterest": {}, "netIncomeFromContinuingOps": -9889620, "discontinuedOperations": {}, "extraordinaryItems": {}, "effectOfAccountingCharges": {}, "otherItems": {}, "netIncome": -9889620, "netIncomeApplicableToCommonShares": -9889620}, {"maxAge": 1, "endDate": "2019-12-31", "totalRevenue": 45232000, "costOfRevenue": 37227000, "grossProfit": 8005000, "researchDevelopment": {}, "sellingGeneralAdministrative": 15035000, "nonRecurring": {}, "otherOperatingExpenses": 4499000, "totalOperatingExpenses": 60797000, "operatingIncome": -15565000, "totalOtherIncomeExpenseNet": -7732000, "ebit": -15565000, "interestExpense": -7733000, "incomeBeforeTax": -23297000, "incomeTaxExpense": 0, "minorityInterest": {}, "netIncomeFromContinuingOps": -23297000, "discontinuedOperations": {}, "extraordinaryItems": {}, "effectOfAccountingCharges": {}, "otherItems": {}, "netIncome": -23297000, "netIncomeApplicableToCommonShares": -23297000}, {"maxAge": 1, "endDate": "2019-09-30", "totalRevenue": 54017000, "costOfRevenue": 33451000, "grossProfit": 20566000, "researchDevelopment": {}, "sellingGeneralAdministrative": 20039000, "nonRecurring": {}, "otherOperatingExpenses": 6422000, "totalOperatingExpenses": 63948000, "operatingIncome": -9931000, "totalOtherIncomeExpenseNet": -8608000, "ebit": -9931000, "interestExpense": -8607000, "incomeBeforeTax": -18539000, "incomeTaxExpense": 0, "minorityInterest": {}, "netIncomeFromContinuingOps": -18539000, "discontinuedOperations": {}, "extraordinaryItems": {}, "effectOfAccountingCharges": {}, "otherItems": {}, "netIncome": -18539000, "netIncomeApplicableToCommonShares": -18539000}], "maxAge": 86400}, "cashflowStatementHistoryQuarterly": {"cashflowStatements": [{"maxAge": 1, "endDate": "2020-06-30", "netIncome": -8988000, "changeToLiabilities": 0}, {"maxAge": 1, "endDate": "2020-03-31", "netIncome": -9889620, "changeToLiabilities": 0}, {"maxAge": 1, "endDate": "2019-12-31", "netIncome": -23297000, "changeToLiabilities": 0}, {"maxAge": 1, "endDate": "2019-09-30", "netIncome": -18539000, "changeToLiabilities": 0}], "maxAge": 86400}, "insiderHolders": {"holders": [{"maxAge": 1, "name": "Bawa (Atamjit Singh)", "relation": "Wholetime Director", "url": "", "transactionDescription": "Gift", "latestTransDate": "2019-12-17", "positionDirect": 2257094, "positionDirectDate": "2019-12-17"}, {"maxAge": 1, "name": "Bawa (Manjit Kaur)", "relation": "UNREPORTED", "url": "", "transactionDescription": "Gift", "latestTransDate": "2019-12-17", "positionDirect": 0, "positionDirectDate": "2019-12-17"}, {"maxAge": 1, "name": "Bawa (Simerjit Singh)", "relation": "Managing Director", "url": "", "transactionDescription": "Other", "latestTransDate": "2018-02-21", "positionDirect": 161406, "positionDirectDate": "2018-02-21"}], "maxAge": 1}, "calendarEvents": {"maxAge": 1, "earnings": {"earningsDate": []}}, "upgradeDowngradeHistory": {"history": [], "maxAge": 86400}, "price": {"maxAge": 1, "regularMarketChangePercent": 0.038062297, "regularMarketChange": 0.5500002, "regularMarketTime": "2021-04-30 14:15:00", "priceHint": 2, "regularMarketPrice": 15.0, "regularMarketDayHigh": 15.0, "regularMarketDayLow": 15.0, "regularMarketVolume": 500, "averageDailyVolume10Day": 76, "averageDailyVolume3Month": 106, "regularMarketPreviousClose": 14.45, "regularMarketSource": "FREE_REALTIME", "regularMarketOpen": 15.0, "exchange": "BSE", "exchangeName": "BSE", "exchangeDataDelayedBy": 0, "marketState": "CLOSED", "quoteType": "EQUITY", "symbol": "SARUPINDUS.BO", "underlyingSymbol": null, "shortName": "SARUP INDUSTRIES LTD.", "longName": "Sarup Industries Limited", "currency": "INR", "quoteSourceName": "Delayed Quote", "currencySymbol": "\u20b9", "fromCurrency": null, "lastMarket": null, "marketCap": 48786000}, "balanceSheetHistory": {"balanceSheetStatements": [{"maxAge": 1, "endDate": "2020-03-31", "cash": 6327285, "netReceivables": 138149776, "inventory": 293303436, "totalCurrentAssets": 437780497, "longTermInvestments": 2894914, "propertyPlantEquipment": 267345053, "otherAssets": 13089312, "deferredLongTermAssetCharges": 6572606, "totalAssets": 721109776, "accountsPayable": 138330693, "otherCurrentLiab": 116981396, "longTermDebt": 239159930, "otherLiab": 37259848, "totalCurrentLiabilities": 412044371, "totalLiab": 688464149, "commonStock": 32524000, "retainedEarnings": -30259173, "treasuryStock": 3035800, "capitalSurplus": 27345000, "otherStockholderEquity": 3035800, "totalStockholderEquity": 32645627, "netTangibleAssets": 32645627}, {"maxAge": 1, "endDate": "2019-03-31", "cash": 6867524, "netReceivables": 142134956, "inventory": 309503279, "totalCurrentAssets": 458505759, "longTermInvestments": 4000179, "propertyPlantEquipment": 275780889, "otherAssets": 13065734, "deferredLongTermAssetCharges": 6184513, "totalAssets": 751352561, "accountsPayable": 112090188, "otherCurrentLiab": 99614843, "longTermDebt": 242563548, "otherLiab": 37504550, "totalCurrentLiabilities": 372724381, "totalLiab": 652792479, "commonStock": 32524000, "retainedEarnings": 35655282, "treasuryStock": 3035800, "capitalSurplus": 27345000, "otherStockholderEquity": 3035800, "totalStockholderEquity": 98560082, "netTangibleAssets": 98560082}, {"maxAge": 1, "endDate": "2018-03-31", "cash": 7063858, "netReceivables": 136376233, "inventory": 311889324, "totalCurrentAssets": 455329415, "longTermInvestments": 7079064, "propertyPlantEquipment": 264830798, "otherAssets": 17494048, "deferredLongTermAssetCharges": 1051370, "totalAssets": 744733325, "accountsPayable": 80875949, "otherCurrentLiab": 42276489, "longTermDebt": 226893054, "otherLiab": 39711629, "totalCurrentLiabilities": 288065678, "totalLiab": 554670361, "commonStock": 32524000, "retainedEarnings": 127158164, "treasuryStock": 3035800, "capitalSurplus": 27345000, "otherStockholderEquity": 3035800, "totalStockholderEquity": 190062964, "netTangibleAssets": 190062964}, {"maxAge": 1, "endDate": "2017-03-31", "cash": 5113979, "netReceivables": 194517203, "inventory": 281903276, "totalCurrentAssets": 481534458, "longTermInvestments": 7079064, "propertyPlantEquipment": 281622949, "otherAssets": 9381169, "deferredLongTermAssetCharges": 2572748, "totalAssets": 779617640, "accountsPayable": 106890663, "otherCurrentLiab": 39217521, "longTermDebt": 347319218, "otherLiab": 46568480, "totalCurrentLiabilities": 161302645, "totalLiab": 555190343, "commonStock": 32524000, "retainedEarnings": 161522497, "treasuryStock": 3035800, "capitalSurplus": 27345000, "otherStockholderEquity": 3035800, "totalStockholderEquity": 224427297, "netTangibleAssets": 224427297}], "maxAge": 86400}, "financialData": {"maxAge": 86400, "currentPrice": 15.0, "recommendationKey": "none", "grossProfits": 83882843, "financialCurrency": "INR"}}}