{"SATINDLTD.BO": {"cashflowStatementHistory": {"cashflowStatements": [{"maxAge": 1, "endDate": "2020-03-31", "netIncome": 26148000, "depreciation": 52120000, "changeToNetincome": 176597000, "changeToAccountReceivables": -56747000, "changeToLiabilities": 66697000, "changeToInventory": -59075000, "changeToOperatingActivities": 71176000, "totalCashFromOperatingActivities": 278113000, "capitalExpenditures": -58930000, "investments": 666000, "totalCashflowsFromInvestingActivities": -161796000, "netBorrowings": -62539000, "otherCashflowsFromFinancingActivities": -99521000, "totalCashFromFinancingActivities": -14595000, "changeInCash": 101722000, "issuanceOfStock": 147465000}, {"maxAge": 1, "endDate": "2019-03-31", "netIncome": 133681000, "depreciation": 52470000, "changeToNetincome": 132055000, "changeToAccountReceivables": -66431000, "changeToLiabilities": 50295000, "changeToInventory": -96526000, "changeToOperatingActivities": 168866000, "totalCashFromOperatingActivities": 374546000, "capitalExpenditures": -65588000, "investments": -2469000, "otherCashflowsFromInvestingActivities": 304000, "totalCashflowsFromInvestingActivities": -66901000, "dividendsPaid": -10800000, "netBorrowings": -323780000, "otherCashflowsFromFinancingActivities": -109834000, "totalCashFromFinancingActivities": -444414000, "changeInCash": -136769000, "issuanceOfStock": 147465000}, {"maxAge": 1, "endDate": "2018-03-31", "netIncome": 69837000, "depreciation": 11410000, "changeToNetincome": 30211000, "changeToAccountReceivables": 296491000, "changeToLiabilities": -177049000, "changeToInventory": -9681000, "changeToOperatingActivities": -434965000, "totalCashFromOperatingActivities": -213989000, "capitalExpenditures": -26358000, "investments": -92449000, "otherCashflowsFromInvestingActivities": 304000, "totalCashflowsFromInvestingActivities": -122260000, "dividendsPaid": -10800000, "netBorrowings": 167030000, "otherCashflowsFromFinancingActivities": -52105000, "totalCashFromFinancingActivities": 249925000, "changeInCash": -86324000, "issuanceOfStock": 135000000}, {"maxAge": 1, "endDate": "2017-03-31", "netIncome": 208413000, "depreciation": 11126000, "changeToNetincome": -5050000, "changeToAccountReceivables": -70437000, "changeToLiabilities": -105279000, "changeToInventory": -26883000, "changeToOperatingActivities": -271811000, "totalCashFromOperatingActivities": -259720000, "capitalExpenditures": -14886000, "investments": -27862000, "otherCashflowsFromInvestingActivities": -5186000, "totalCashflowsFromInvestingActivities": -38950000, "dividendsPaid": -10800000, "netBorrowings": -149298000, "otherCashflowsFromFinancingActivities": 492000, "totalCashFromFinancingActivities": 351169000, "changeInCash": 52499000, "issuanceOfStock": 499975000}], "maxAge": 86400}, "institutionOwnership": {"maxAge": 1, "ownershipList": []}, "balanceSheetHistoryQuarterly": {"balanceSheetStatements": [{"maxAge": 1, "endDate": "2020-06-30", "totalStockholderEquity": 1598836000, "netTangibleAssets": 1516870000}, {"maxAge": 1, "endDate": "2020-03-31", "cash": 60770000, "shortTermInvestments": 6413000, "netReceivables": 830850000, "inventory": 373602000, "otherCurrentAssets": 702608000, "totalCurrentAssets": 1974243000, "longTermInvestments": 74859000, "propertyPlantEquipment": 668973000, "goodWill": 79976000, "intangibleAssets": 1990000, "otherAssets": 94822000, "deferredLongTermAssetCharges": 3745000, "totalAssets": 2894863000, "accountsPayable": 453350000, "shortLongTermDebt": 52765000, "otherCurrentLiab": 101175000, "longTermDebt": 381898000, "otherLiab": 32000, "minorityInterest": 24837000, "totalCurrentLiabilities": 889260000, "totalLiab": 1271190000, "commonStock": 226170000, "retainedEarnings": 235703000, "treasuryStock": 336888000, "capitalSurplus": 800075000, "otherStockholderEquity": 336888000, "totalStockholderEquity": 1598836000, "netTangibleAssets": 1516870000}, {"maxAge": 1, "endDate": "2019-12-31", "totalStockholderEquity": 1484849000, "netTangibleAssets": 1402858000}, {"maxAge": 1, "endDate": "2019-09-30", "cash": 41195000, "shortTermInvestments": 10988000, "netReceivables": 865993000, "inventory": 380421000, "otherCurrentAssets": 702280000, "totalCurrentAssets": 2000877000, "longTermInvestments": 94116000, "propertyPlantEquipment": 695170000, "goodWill": 79976000, "intangibleAssets": 2015000, "otherAssets": 96870000, "totalAssets": 2969024000, "accountsPayable": 459856000, "shortLongTermDebt": 6405000, "otherCurrentLiab": 90219000, "longTermDebt": 427743000, "otherLiab": 7247000, "minorityInterest": 175718000, "totalCurrentLiabilities": 873467000, "totalLiab": 1308457000, "commonStock": 216000000, "treasuryStock": 1268849000, "otherStockholderEquity": 1268849000, "totalStockholderEquity": 1484849000, "netTangibleAssets": 1402858000}], "maxAge": 86400}, "indexTrend": {"maxAge": 1, "symbol": "SP5", "peRatio": 19.7411, "pegRatio": 1.34172, "estimates": [{"period": "0q", "growth": 0.549}, {"period": "+1q", "growth": 0.431}, {"period": "0y", "growth": 0.305}, {"period": "+1y", "growth": 0.109}, {"period": "+5y", "growth": 0.120859005}, {"period": "-5y"}]}, "insiderTransactions": {"transactions": [{"maxAge": 1, "shares": 5085000, "filerUrl": "", "transactionText": "", "filerName": "Kagzi (Yousuf Mohammed)", "filerRelation": "UNREPORTED", "moneyText": "", "startDate": "2020-03-12", "ownership": "D"}, {"maxAge": 1, "shares": 5085000, "filerUrl": "", "transactionText": "", "filerName": "Kagzi (Yousuf Mohammed)", "filerRelation": "UNREPORTED", "moneyText": "", "startDate": "2019-11-29", "ownership": "D"}], "maxAge": 1}, "quoteType": {"exchange": "BSE", "quoteType": "EQUITY", "symbol": "SATINDLTD.BO", "underlyingSymbol": "SATINDLTD.BO", "shortName": "SAT INDUSTRIES LTD.", "longName": "Sat Industries Limited", "firstTradeDateEpochUtc": "2002-07-01 09:15:00", "timeZoneFullName": "Asia/Kolkata", "timeZoneShortName": "IST", "uuid": "ee76c03f-9d50-3b9f-aa42-36cdcd824617", "messageBoardId": null, "gmtOffSetMilliseconds": 19800000, "maxAge": 1}, "incomeStatementHistory": {"incomeStatementHistory": [{"maxAge": 1, "endDate": "2020-03-31", "totalRevenue": 2254742000, "costOfRevenue": 1582288000, "grossProfit": 672454000, "researchDevelopment": {}, "sellingGeneralAdministrative": 159234000, "nonRecurring": {}, "otherOperatingExpenses": 291939000, "totalOperatingExpenses": 2086318000, "operatingIncome": 168424000, "totalOtherIncomeExpenseNet": -145587000, "ebit": 168424000, "interestExpense": -99837000, "incomeBeforeTax": 22837000, "incomeTaxExpense": -4164000, "minorityInterest": 24837000, "netIncomeFromContinuingOps": 27001000, "discontinuedOperations": {}, "extraordinaryItems": {}, "effectOfAccountingCharges": {}, "otherItems": {}, "netIncome": 26148000, "netIncomeApplicableToCommonShares": 26148000}, {"maxAge": 1, "endDate": "2019-03-31", "totalRevenue": 2304537000, "costOfRevenue": 1611748000, "grossProfit": 692789000, "researchDevelopment": {}, "sellingGeneralAdministrative": 138739000, "nonRecurring": {}, "otherOperatingExpenses": 214325000, "totalOperatingExpenses": 2017693000, "operatingIncome": 286844000, "totalOtherIncomeExpenseNet": -133905000, "ebit": 286844000, "interestExpense": -108114000, "incomeBeforeTax": 152939000, "incomeTaxExpense": -2734000, "minorityInterest": 163868000, "netIncomeFromContinuingOps": 155673000, "discontinuedOperations": {}, "extraordinaryItems": {}, "effectOfAccountingCharges": {}, "otherItems": {}, "netIncome": 133681000, "netIncomeApplicableToCommonShares": 133681000}, {"maxAge": 1, "endDate": "2018-03-31", "totalRevenue": 1012318000, "costOfRevenue": 783610000, "grossProfit": 228708000, "researchDevelopment": {}, "sellingGeneralAdministrative": 25811000, "nonRecurring": {}, "otherOperatingExpenses": 86931000, "totalOperatingExpenses": 907878000, "operatingIncome": 104440000, "totalOtherIncomeExpenseNet": -23455000, "ebit": 104440000, "interestExpense": -18486000, "incomeBeforeTax": 80985000, "incomeTaxExpense": 10922000, "minorityInterest": 17474000, "netIncomeFromContinuingOps": 70063000, "discontinuedOperations": {}, "extraordinaryItems": {}, "effectOfAccountingCharges": {}, "otherItems": {}, "netIncome": 69837000, "netIncomeApplicableToCommonShares": 69837000}, {"maxAge": 1, "endDate": "2017-03-31", "totalRevenue": 926647000, "costOfRevenue": 758794000, "grossProfit": 167853000, "researchDevelopment": {}, "sellingGeneralAdministrative": 20709000, "nonRecurring": {}, "otherOperatingExpenses": 88291000, "totalOperatingExpenses": 878940000, "operatingIncome": 47707000, "totalOtherIncomeExpenseNet": 167868000, "ebit": 47707000, "interestExpense": -12084000, "incomeBeforeTax": 215575000, "incomeTaxExpense": 7210000, "minorityInterest": 15048000, "netIncomeFromContinuingOps": 208365000, "discontinuedOperations": {}, "extraordinaryItems": {}, "effectOfAccountingCharges": {}, "otherItems": {}, "netIncome": 208413000, "netIncomeApplicableToCommonShares": 208413000}], "maxAge": 86400}, "fundOwnership": {"maxAge": 1, "ownershipList": []}, "summaryDetail": {"maxAge": 1, "priceHint": 2, "previousClose": 20.2, "open": 20.0, "dayLow": 19.7, "dayHigh": 20.35, "regularMarketPreviousClose": 20.2, "regularMarketOpen": 20.0, "regularMarketDayLow": 19.7, "regularMarketDayHigh": 20.35, "volume": 3140, "regularMarketVolume": 3140, "averageVolume": 45481, "averageVolume10days": 3421, "averageDailyVolume10Day": 3421, "bid": 19.75, "ask": 20.35, "bidSize": 0, "askSize": 0, "marketCap": 2233428736, "fiftyTwoWeekLow": 14.5, "fiftyTwoWeekHigh": 26.75, "fiftyDayAverage": 20.41, "twoHundredDayAverage": 18.477373, "trailingAnnualDividendRate": 0.1, "trailingAnnualDividendYield": 0.004950495, "currency": "INR", "fromCurrency": null, "toCurrency": null, "lastMarket": null, "algorithm": null, "tradeable": false}, "incomeStatementHistoryQuarterly": {"incomeStatementHistory": [{"maxAge": 1, "endDate": "2020-06-30", "totalRevenue": 318219000, "costOfRevenue": 218227000, "grossProfit": 99992000, "researchDevelopment": {}, "sellingGeneralAdministrative": 36521000, "nonRecurring": {}, "otherOperatingExpenses": 42798000, "totalOperatingExpenses": 309585000, "operatingIncome": 8634000, "totalOtherIncomeExpenseNet": -17680000, "ebit": 8634000, "interestExpense": -17650000, "incomeBeforeTax": -9046000, "incomeTaxExpense": 1681000, "minorityInterest": {}, "netIncomeFromContinuingOps": -10727000, "discontinuedOperations": {}, "extraordinaryItems": {}, "effectOfAccountingCharges": {}, "otherItems": {}, "netIncome": -10684000, "netIncomeApplicableToCommonShares": -10684000}, {"maxAge": 1, "endDate": "2020-03-31", "totalRevenue": 442337000, "costOfRevenue": 395045000, "grossProfit": 47292000, "researchDevelopment": {}, "sellingGeneralAdministrative": 42535000, "nonRecurring": {}, "otherOperatingExpenses": 74700000, "totalOperatingExpenses": 524798000, "operatingIncome": -82461000, "totalOtherIncomeExpenseNet": -55429000, "ebit": -82461000, "interestExpense": -17718000, "incomeBeforeTax": -137890000, "incomeTaxExpense": -26087000, "minorityInterest": 24837000, "netIncomeFromContinuingOps": -111803000, "discontinuedOperations": {}, "extraordinaryItems": {}, "effectOfAccountingCharges": {}, "otherItems": {}, "netIncome": -93583000, "netIncomeApplicableToCommonShares": -93583000}, {"maxAge": 1, "endDate": "2019-12-31", "totalRevenue": 598945000, "costOfRevenue": 374287000, "grossProfit": 224658000, "researchDevelopment": {}, "sellingGeneralAdministrative": 40465000, "nonRecurring": {}, "otherOperatingExpenses": 83167000, "totalOperatingExpenses": 511882000, "operatingIncome": 87063000, "totalOtherIncomeExpenseNet": -25664000, "ebit": 87063000, "interestExpense": -22778000, "incomeBeforeTax": 61399000, "incomeTaxExpense": 4682000, "minorityInterest": 24837000, "netIncomeFromContinuingOps": 56717000, "discontinuedOperations": {}, "extraordinaryItems": {}, "effectOfAccountingCharges": {}, "otherItems": {}, "netIncome": 49494000, "netIncomeApplicableToCommonShares": 49494000}, {"maxAge": 1, "endDate": "2019-09-30", "totalRevenue": 603575000, "costOfRevenue": 409200000, "grossProfit": 194375000, "researchDevelopment": {}, "sellingGeneralAdministrative": 38552000, "nonRecurring": {}, "otherOperatingExpenses": 70066000, "totalOperatingExpenses": 531271000, "operatingIncome": 72304000, "totalOtherIncomeExpenseNet": -27670000, "ebit": 72304000, "interestExpense": -27953000, "incomeBeforeTax": 44634000, "incomeTaxExpense": 6374000, "minorityInterest": 175718000, "netIncomeFromContinuingOps": 38260000, "discontinuedOperations": {}, "extraordinaryItems": {}, "effectOfAccountingCharges": {}, "otherItems": {}, "netIncome": 33486000, "netIncomeApplicableToCommonShares": 33486000}], "maxAge": 86400}, "cashflowStatementHistoryQuarterly": {"cashflowStatements": [{"maxAge": 1, "endDate": "2020-06-30", "netIncome": -10684000, "changeToLiabilities": 0}, {"maxAge": 1, "endDate": "2020-03-31", "netIncome": -93583000, "changeToLiabilities": 0}, {"maxAge": 1, "endDate": "2019-12-31", "netIncome": 49494000, "changeToLiabilities": 0}, {"maxAge": 1, "endDate": "2019-09-30", "netIncome": 33486000, "changeToLiabilities": 0}], "maxAge": 86400}, "insiderHolders": {"holders": [{"maxAge": 1, "name": "Kagzi (Yousuf Mohammed)", "relation": "UNREPORTED", "url": "", "transactionDescription": "Acquisition", "latestTransDate": "2020-03-12", "positionDirectDate": "2020-03-12"}], "maxAge": 1}, "calendarEvents": {"maxAge": 1, "earnings": {"earningsDate": []}}, "price": {"maxAge": 1, "regularMarketChangePercent": -0.022277264, "regularMarketChange": -0.45000076, "regularMarketTime": "2021-04-30 15:16:05", "priceHint": 2, "regularMarketPrice": 19.75, "regularMarketDayHigh": 20.35, "regularMarketDayLow": 19.7, "regularMarketVolume": 3140, "averageDailyVolume10Day": 3421, "averageDailyVolume3Month": 45481, "regularMarketPreviousClose": 20.2, "regularMarketSource": "FREE_REALTIME", "regularMarketOpen": 20.0, "exchange": "BSE", "exchangeName": "BSE", "exchangeDataDelayedBy": 0, "marketState": "CLOSED", "quoteType": "EQUITY", "symbol": "SATINDLTD.BO", "underlyingSymbol": null, "shortName": "SAT INDUSTRIES LTD.", "longName": "Sat Industries Limited", "currency": "INR", "quoteSourceName": "Delayed Quote", "currencySymbol": "\u20b9", "fromCurrency": null, "toCurrency": null, "lastMarket": null, "marketCap": 2233428736}, "balanceSheetHistory": {"balanceSheetStatements": [{"maxAge": 1, "endDate": "2020-03-31", "cash": 60770000, "shortTermInvestments": 6413000, "netReceivables": 830850000, "inventory": 373602000, "otherCurrentAssets": 702608000, "totalCurrentAssets": 1974243000, "longTermInvestments": 74859000, "propertyPlantEquipment": 668973000, "goodWill": 79976000, "intangibleAssets": 1990000, "otherAssets": 94822000, "deferredLongTermAssetCharges": 3745000, "totalAssets": 2894863000, "accountsPayable": 453350000, "shortLongTermDebt": 52765000, "otherCurrentLiab": 101175000, "longTermDebt": 381898000, "otherLiab": 32000, "minorityInterest": 24837000, "totalCurrentLiabilities": 889260000, "totalLiab": 1271190000, "commonStock": 226170000, "retainedEarnings": 235703000, "treasuryStock": 336888000, "capitalSurplus": 800075000, "otherStockholderEquity": 336888000, "totalStockholderEquity": 1598836000, "netTangibleAssets": 1516870000}, {"maxAge": 1, "endDate": "2019-03-31", "cash": 54117000, "shortTermInvestments": 32498000, "netReceivables": 914243000, "inventory": 314527000, "otherCurrentAssets": 640498000, "totalCurrentAssets": 1955883000, "longTermInvestments": 95606000, "propertyPlantEquipment": 693664000, "goodWill": 79976000, "intangibleAssets": 740000, "otherAssets": 46516000, "totalAssets": 2872385000, "accountsPayable": 386653000, "shortLongTermDebt": 45675000, "otherCurrentLiab": 39799000, "longTermDebt": 415712000, "otherLiab": 3911000, "minorityInterest": 163868000, "totalCurrentLiabilities": 877120000, "totalLiab": 1296743000, "commonStock": 216000000, "retainedEarnings": 214439000, "treasuryStock": 318555000, "capitalSurplus": 662780000, "otherStockholderEquity": 318555000, "totalStockholderEquity": 1411774000, "netTangibleAssets": 1331058000}, {"maxAge": 1, "endDate": "2018-03-31", "cash": 31412000, "shortTermInvestments": 92973000, "netReceivables": 483197000, "inventory": 80026000, "otherCurrentAssets": 383520000, "totalCurrentAssets": 1071128000, "longTermInvestments": 149918000, "propertyPlantEquipment": 206235000, "goodWill": 79976000, "intangibleAssets": 225000, "otherAssets": 15615000, "totalAssets": 1523097000, "accountsPayable": 100777000, "shortLongTermDebt": 7967000, "otherCurrentLiab": 23814000, "longTermDebt": 14075000, "otherLiab": 17717000, "minorityInterest": 17474000, "totalCurrentLiabilities": 416687000, "totalLiab": 448479000, "commonStock": 216000000, "retainedEarnings": 93679000, "treasuryStock": 84685000, "capitalSurplus": 662780000, "otherStockholderEquity": 84685000, "totalStockholderEquity": 1057144000, "netTangibleAssets": 976943000}, {"maxAge": 1, "endDate": "2017-03-31", "cash": 117310000, "shortTermInvestments": 133470000, "netReceivables": 613450000, "inventory": 70345000, "otherCurrentAssets": 34940000, "totalCurrentAssets": 969515000, "longTermInvestments": 49191000, "propertyPlantEquipment": 195317000, "goodWill": 73386000, "intangibleAssets": 55000, "otherAssets": 27717000, "totalAssets": 1315181000, "accountsPayable": 277826000, "shortLongTermDebt": 7149000, "otherCurrentLiab": 3389000, "longTermDebt": 15510000, "otherLiab": 17121000, "minorityInterest": 15048000, "totalCurrentLiabilities": 380522000, "totalLiab": 413153000, "commonStock": 196000000, "retainedEarnings": -20848000, "treasuryStock": 164048000, "capitalSurplus": 547780000, "otherStockholderEquity": 164048000, "totalStockholderEquity": 886980000, "netTangibleAssets": 813539000}], "maxAge": 86400}, "financialData": {"maxAge": 86400, "currentPrice": 19.75, "recommendationKey": "none", "grossProfits": 672454000, "financialCurrency": "INR"}}}