{"SATIA.NS": {"assetProfile": {"address1": "Malout-Muktsar Road", "address2": "Village Rupana", "city": "Sri Muktsar Sahib", "zip": "152032", "country": "India", "phone": "91 16 3326 2001", "fax": "91 16 3326 3499", "website": "http://www.satiagroup.com", "industry": "Paper & Paper Products", "sector": "Basic Materials", "longBusinessSummary": "Satia Industries Limited manufactures and sells writing and printing paper in India and internationally. The company operates through Paper, Yarn and Cotton, Cogeneration, Agriculture, and Solar divisions. It offers snow white, super snow white, map litho, colored, ledger, cartridge, duplicating, bond, water mark, and chromo papers for use in the printing of text books, note books, directories, envelops, diaries, calendars, computer stationery, etc. The company is also involved in the generation of solar power; trading of cotton and yarns; and agricultural and plantation operations. Satia Industries Limited also exports its products. The company was formerly known as Satia Paper Mills Limited. Satia Industries Limited was incorporated in 1980 and is headquartered in Sri Muktsar Sahib, India.", "fullTimeEmployees": 1310, "companyOfficers": [{"maxAge": 1, "name": "Dr. Ajay  Satia MBBS", "age": 65, "title": "Chairman, MD & CEO", "yearBorn": 1955, "fiscalYear": 2020, "totalPay": 62501904, "exercisedValue": 0, "unexercisedValue": 0}, {"maxAge": 1, "name": "Mr. R. K. Bhandari MBA", "age": 63, "title": "Joint MD & Whole Time Director", "yearBorn": 1957, "fiscalYear": 2020, "totalPay": 7024919, "exercisedValue": 0, "unexercisedValue": 0}, {"maxAge": 1, "name": "Mr. Inderjeet  Monga C.A.", "age": 28, "title": "CFO & VP of Fin.", "yearBorn": 1992, "exercisedValue": 0, "unexercisedValue": 0}, {"maxAge": 1, "name": "Mr. Hardev  Singh", "age": 62, "title": "Director of Technical & Director", "yearBorn": 1958, "fiscalYear": 2020, "totalPay": 3206407, "exercisedValue": 0, "unexercisedValue": 0}, {"maxAge": 1, "name": "Mr. Rakesh Kumar Dhuria A.C.S., L.L.B.", "age": 59, "title": "Sr. GM, Company Sec. & Compliance Officer", "yearBorn": 1961, "exercisedValue": 0, "unexercisedValue": 0}, {"maxAge": 1, "name": "Mr. Chirag  Satia", "age": 28, "title": "Exec. Director", "yearBorn": 1992, "fiscalYear": 2020, "totalPay": 37046500, "exercisedValue": 0, "unexercisedValue": 0}], "compensationAsOfEpochDate": "2020-12-31 05:30:00", "maxAge": 86400}, "cashflowStatementHistory": {"cashflowStatements": [{"maxAge": 1, "endDate": "2020-03-31", "netIncome": 918379000, "depreciation": 571422000, "changeToNetincome": 105190000, "changeToAccountReceivables": -407925000, "changeToLiabilities": 152341000, "changeToInventory": 138649000, "changeToOperatingActivities": 18804000, "totalCashFromOperatingActivities": 1496860000, "capitalExpenditures": -2017403000, "otherCashflowsFromInvestingActivities": -44042000, "totalCashflowsFromInvestingActivities": -2058945000, "dividendsPaid": -30000000, "netBorrowings": 811035000, "otherCashflowsFromFinancingActivities": -206400000, "totalCashFromFinancingActivities": 574635000, "changeInCash": 12550000}, {"maxAge": 1, "endDate": "2019-03-31", "netIncome": 877713000, "depreciation": 477316000, "changeToNetincome": 152386000, "changeToAccountReceivables": 256064000, "changeToLiabilities": -75859000, "changeToInventory": -24465000, "changeToOperatingActivities": 8249000, "totalCashFromOperatingActivities": 1671404000, "capitalExpenditures": -1458366000, "otherCashflowsFromInvestingActivities": 3885000, "totalCashflowsFromInvestingActivities": -1446104000, "dividendsPaid": -25000000, "netBorrowings": 5238000, "otherCashflowsFromFinancingActivities": -214306000, "totalCashFromFinancingActivities": -234068000, "changeInCash": -8769000}, {"maxAge": 1, "endDate": "2018-03-31", "netIncome": 686703000, "depreciation": 450407000, "changeToNetincome": 108535000, "changeToAccountReceivables": -130559000, "changeToLiabilities": 151418000, "changeToInventory": -262792000, "changeToOperatingActivities": 192517000, "totalCashFromOperatingActivities": 1196229000, "capitalExpenditures": -870636000, "otherCashflowsFromInvestingActivities": 6602000, "totalCashflowsFromInvestingActivities": -843167000, "dividendsPaid": -30000000, "netBorrowings": -68804000, "otherCashflowsFromFinancingActivities": -243782000, "totalCashFromFinancingActivities": -342586000, "changeInCash": 10474000}, {"maxAge": 1, "endDate": "2017-03-31", "netIncome": 455517000, "depreciation": 400277000, "changeToNetincome": 89707000, "changeToAccountReceivables": -71752000, "changeToLiabilities": 11309000, "changeToInventory": 272231000, "changeToOperatingActivities": -33910000, "totalCashFromOperatingActivities": 1123379000, "capitalExpenditures": -808836000, "investments": 36199000, "otherCashflowsFromInvestingActivities": 174200000, "totalCashflowsFromInvestingActivities": -596003000, "dividendsPaid": -30000000, "netBorrowings": -280706000, "otherCashflowsFromFinancingActivities": -244764000, "totalCashFromFinancingActivities": -525470000, "changeInCash": 1906000}], "maxAge": 86400}, "institutionOwnership": {"ownershipList": [], "maxAge": 1}, "majorHoldersBreakdown": {"maxAge": 1, "insidersPercentHeld": 0.9297, "institutionsPercentHeld": 0.0, "institutionsFloatPercentHeld": 0.0, "institutionsCount": 0}, "balanceSheetHistoryQuarterly": {"balanceSheetStatements": [{"maxAge": 1, "endDate": "2020-12-31", "totalStockholderEquity": 4203100000, "netTangibleAssets": 4203100000}, {"maxAge": 1, "endDate": "2020-09-30", "cash": 151109000, "shortTermInvestments": 32538000, "netReceivables": 1571928000, "inventory": 922267000, "otherCurrentAssets": 106488000, "totalCurrentAssets": 2784330000, "longTermInvestments": 33596000, "propertyPlantEquipment": 6725464000, "otherAssets": 22401000, "deferredLongTermAssetCharges": 12321000, "totalAssets": 9565791000, "accountsPayable": 562456000, "shortLongTermDebt": 672955000, "otherCurrentLiab": 134531000, "longTermDebt": 1957527000, "otherLiab": 1099665000, "totalCurrentLiabilities": 2197681000, "totalLiab": 5362691000, "commonStock": 100000000, "treasuryStock": 4103100000, "otherStockholderEquity": 4103100000, "totalStockholderEquity": 4203100000, "netTangibleAssets": 4203100000}, {"maxAge": 1, "endDate": "2020-06-30", "totalStockholderEquity": 3954810000, "netTangibleAssets": 3954810000}, {"maxAge": 1, "endDate": "2020-03-31", "cash": 17241000, "netReceivables": 1335736000, "inventory": 812341000, "otherCurrentAssets": 286962000, "totalCurrentAssets": 2467573000, "longTermInvestments": 32767000, "propertyPlantEquipment": 5908415000, "otherAssets": 42163000, "deferredLongTermAssetCharges": 31963000, "totalAssets": 8450918000, "accountsPayable": 530098000, "shortLongTermDebt": 537284000, "otherCurrentLiab": 201019000, "longTermDebt": 1587673000, "otherLiab": 945790000, "totalCurrentLiabilities": 1895820000, "totalLiab": 4496108000, "commonStock": 100000000, "retainedEarnings": 3846967000, "treasuryStock": 7843000, "otherStockholderEquity": 7843000, "totalStockholderEquity": 3954810000, "netTangibleAssets": 3954810000}], "maxAge": 86400}, "indexTrend": {"maxAge": 1, "symbol": "SP5", "peRatio": 19.7411, "pegRatio": 1.34172, "estimates": [{"period": "0q", "growth": 0.549}, {"period": "+1q", "growth": 0.431}, {"period": "0y", "growth": 0.305}, {"period": "+1y", "growth": 0.109}, {"period": "+5y", "growth": 0.120865}, {"period": "-5y"}]}, "defaultKeyStatistics": {"maxAge": 1, "priceHint": 2, "enterpriseValue": 12005239808, "profitMargins": 0.07512, "floatShares": 23186044, "sharesOutstanding": 100000000, "heldPercentInsiders": 0.9297, "heldPercentInstitutions": 0.0, "beta": 0.419826, "category": null, "bookValue": 41.911, "priceToBook": 2.0722482, "fundFamily": null, "legalType": null, "lastFiscalYearEnd": "2020-03-31 05:30:00", "nextFiscalYearEnd": "2022-03-31 05:30:00", "mostRecentQuarter": "2020-12-31 05:30:00", "earningsQuarterlyGrowth": -0.849, "netIncomeToCommon": 447153984, "trailingEps": 4.471, "lastSplitFactor": "10:1", "lastSplitDate": "2019-10-15 05:30:00", "enterpriseToRevenue": 2.017, "enterpriseToEbitda": 9.012}, "summaryProfile": {"address1": "Malout-Muktsar Road", "address2": "Village Rupana", "city": "Sri Muktsar Sahib", "zip": "152032", "country": "India", "phone": "91 16 3326 2001", "fax": "91 16 3326 3499", "website": "http://www.satiagroup.com", "industry": "Paper & Paper Products", "sector": "Basic Materials", "longBusinessSummary": "Satia Industries Limited manufactures and sells writing and printing paper in India and internationally. The company operates through Paper, Yarn and Cotton, Cogeneration, Agriculture, and Solar divisions. It offers snow white, super snow white, map litho, colored, ledger, cartridge, duplicating, bond, water mark, and chromo papers for use in the printing of text books, note books, directories, envelops, diaries, calendars, computer stationery, etc. The company is also involved in the generation of solar power; trading of cotton and yarns; and agricultural and plantation operations. Satia Industries Limited also exports its products. The company was formerly known as Satia Paper Mills Limited. Satia Industries Limited was incorporated in 1980 and is headquartered in Sri Muktsar Sahib, India.", "fullTimeEmployees": 1310, "companyOfficers": [], "maxAge": 86400}, "netSharePurchaseActivity": {"maxAge": 1, "period": "6m", "buyInfoCount": 0, "buyInfoShares": 0, "sellInfoCount": 0, "netInfoCount": 0, "netInfoShares": 0, "netPercentInsiderShares": 0.0, "totalInsiderShares": 92412184}, "insiderTransactions": {"transactions": [{"maxAge": 1, "shares": 62500, "value": 78812, "filerUrl": "", "transactionText": "Acquisition at price 1.26 per share.", "filerName": "Satia (Chirag)", "filerRelation": "Promoter", "moneyText": "", "startDate": "2020-12-31", "ownership": "D"}, {"maxAge": 1, "shares": 40000, "value": 49808, "filerUrl": "", "transactionText": "Acquisition at price 1.25 per share.", "filerName": "Satia (Chirag)", "filerRelation": "Promoter", "moneyText": "", "startDate": "2020-12-28", "ownership": "D"}, {"maxAge": 1, "shares": 30000, "value": 37515, "filerUrl": "", "transactionText": "Acquisition at price 1.25 per share.", "filerName": "Satia (Chirag)", "filerRelation": "Promoter", "moneyText": "", "startDate": "2020-12-28", "ownership": "D"}, {"maxAge": 1, "shares": 6203002, "value": 7591854, "filerUrl": "", "transactionText": "Acquisition at price 1.22 per share.", "filerName": "Satia (Chirag)", "filerRelation": "Promoter", "moneyText": "", "startDate": "2020-12-24", "ownership": "D"}, {"maxAge": 1, "shares": 3030, "filerUrl": "", "transactionText": "", "filerName": "Satia (Chirag)", "filerRelation": "Promoter", "moneyText": "", "startDate": "2019-03-12", "ownership": "D"}, {"maxAge": 1, "shares": 21485, "filerUrl": "", "transactionText": "", "filerName": "Satia (Dhruv)", "filerRelation": "Promoter", "moneyText": "", "startDate": "2019-03-06", "ownership": "D"}, {"maxAge": 1, "shares": 117397, "filerUrl": "", "transactionText": "", "filerName": "Satia (Chirag)", "filerRelation": "Promoter", "moneyText": "", "startDate": "2019-02-28", "ownership": "D"}, {"maxAge": 1, "shares": 109575, "filerUrl": "", "transactionText": "", "filerName": "Satia (Chirag)", "filerRelation": "Promoter", "moneyText": "", "startDate": "2017-08-17", "ownership": "D"}, {"maxAge": 1, "shares": 102800, "filerUrl": "", "transactionText": "", "filerName": "Satia (Dhruv)", "filerRelation": "Promoter", "moneyText": "", "startDate": "2017-08-17", "ownership": "D"}, {"maxAge": 1, "shares": 212375, "filerUrl": "", "transactionText": "", "filerName": "Satia (Krishna)", "filerRelation": "Promoter", "moneyText": "", "startDate": "2017-08-17", "ownership": "D"}, {"maxAge": 1, "shares": 16875, "filerUrl": "", "transactionText": "", "filerName": "Satia (Anil) HUF", "filerRelation": "Promoter", "moneyText": "", "startDate": "2016-06-14", "ownership": "D"}, {"maxAge": 1, "shares": 567719, "filerUrl": "", "transactionText": "", "filerName": "Satia (Anil)", "filerRelation": "Promoter", "moneyText": "", "startDate": "2016-06-14", "ownership": "D"}, {"maxAge": 1, "shares": 174344, "filerUrl": "", "transactionText": "", "filerName": "Satia (Saloni)", "filerRelation": "Promoter", "moneyText": "", "startDate": "2016-06-14", "ownership": "D"}, {"maxAge": 1, "shares": 758938, "filerUrl": "", "transactionText": "", "filerName": "Satia (Ajay)", "filerRelation": "Promoter", "moneyText": "", "startDate": "2016-06-14", "ownership": "D"}], "maxAge": 1}, "quoteType": {"exchange": "NSI", "quoteType": "EQUITY", "symbol": "SATIA.NS", "underlyingSymbol": "SATIA.NS", "shortName": "Satia Industries Limited", "longName": "Satia Industries Limited", "firstTradeDateEpochUtc": "2019-07-17 09:15:00", "timeZoneFullName": "Asia/Kolkata", "timeZoneShortName": "IST", "uuid": "41d7d891-e4de-3c65-baff-af8b4d9144ac", "gmtOffSetMilliseconds": 19800000, "maxAge": 1}, "incomeStatementHistory": {"incomeStatementHistory": [{"maxAge": 1, "endDate": "2020-03-31", "totalRevenue": 8091981000, "costOfRevenue": 3483738000, "grossProfit": 4608243000, "researchDevelopment": {}, "sellingGeneralAdministrative": 533679000, "nonRecurring": {}, "otherOperatingExpenses": 2170345000, "totalOperatingExpenses": 6733963000, "operatingIncome": 1358018000, "totalOtherIncomeExpenseNet": -205219000, "ebit": 1358018000, "interestExpense": -187491000, "incomeBeforeTax": 1152799000, "incomeTaxExpense": 234420000, "minorityInterest": {}, "netIncomeFromContinuingOps": 918379000, "discontinuedOperations": {}, "extraordinaryItems": {}, "effectOfAccountingCharges": {}, "otherItems": {}, "netIncome": 918379000, "netIncomeApplicableToCommonShares": 918379000}, {"maxAge": 1, "endDate": "2019-03-31", "totalRevenue": 7388685000, "costOfRevenue": 2788989000, "grossProfit": 4599696000, "researchDevelopment": {}, "sellingGeneralAdministrative": 479011000, "nonRecurring": {}, "otherOperatingExpenses": 2352778000, "totalOperatingExpenses": 6098094000, "operatingIncome": 1290591000, "totalOtherIncomeExpenseNet": -189784000, "ebit": 1290591000, "interestExpense": -196934000, "incomeBeforeTax": 1100807000, "incomeTaxExpense": 223094000, "minorityInterest": {}, "netIncomeFromContinuingOps": 877713000, "discontinuedOperations": {}, "extraordinaryItems": {}, "effectOfAccountingCharges": {}, "otherItems": {}, "netIncome": 877713000, "netIncomeApplicableToCommonShares": 877713000}, {"maxAge": 1, "endDate": "2018-03-31", "totalRevenue": 6346566000, "costOfRevenue": 2214797000, "grossProfit": 4131769000, "researchDevelopment": {}, "sellingGeneralAdministrative": 442983000, "nonRecurring": {}, "otherOperatingExpenses": 2179115000, "totalOperatingExpenses": 5287302000, "operatingIncome": 1059264000, "totalOtherIncomeExpenseNet": -225959000, "ebit": 1059264000, "interestExpense": -226369000, "incomeBeforeTax": 833305000, "incomeTaxExpense": 146602000, "minorityInterest": {}, "netIncomeFromContinuingOps": 686703000, "discontinuedOperations": {}, "extraordinaryItems": {}, "effectOfAccountingCharges": {}, "otherItems": {}, "netIncome": 686703000, "netIncomeApplicableToCommonShares": 686703000}, {"maxAge": 1, "endDate": "2017-03-31", "totalRevenue": 5424470000, "costOfRevenue": 2293467000, "grossProfit": 3131003000, "researchDevelopment": {}, "sellingGeneralAdministrative": 359904000, "nonRecurring": {}, "otherOperatingExpenses": 1666364000, "totalOperatingExpenses": 4720012000, "operatingIncome": 704458000, "totalOtherIncomeExpenseNet": -229327000, "ebit": 704458000, "interestExpense": -231655000, "incomeBeforeTax": 475131000, "incomeTaxExpense": 19614000, "minorityInterest": {}, "netIncomeFromContinuingOps": 455517000, "discontinuedOperations": {}, "extraordinaryItems": {}, "effectOfAccountingCharges": {}, "otherItems": {}, "netIncome": 455517000, "netIncomeApplicableToCommonShares": 455517000}], "maxAge": 86400}, "fundOwnership": {"ownershipList": [], "maxAge": 1}, "summaryDetail": {"maxAge": 1, "priceHint": 2, "previousClose": 83.35, "open": 83.5, "dayLow": 83.4, "dayHigh": 94.0, "regularMarketPreviousClose": 83.35, "regularMarketOpen": 83.5, "regularMarketDayLow": 83.4, "regularMarketDayHigh": 94.0, "exDividendDate": "2020-02-18 05:30:00", "payoutRatio": 0.0336, "beta": 0.419826, "trailingPE": 19.425184, "volume": 1007383, "regularMarketVolume": 1007383, "averageVolume": 94670, "averageVolume10days": 65519, "averageDailyVolume10Day": 65519, "bid": 0.0, "ask": 0.0, "marketCap": 8679788544, "fiftyTwoWeekLow": 62.0, "fiftyTwoWeekHigh": 143.0, "priceToSalesTrailing12Months": 1.4581469, "fiftyDayAverage": 83.25441, "twoHundredDayAverage": 93.70319, "trailingAnnualDividendRate": 0.0, "trailingAnnualDividendYield": 0.0, "currency": "INR", "fromCurrency": null, "lastMarket": null, "algorithm": null, "tradeable": false}, "incomeStatementHistoryQuarterly": {"incomeStatementHistory": [{"maxAge": 1, "endDate": "2020-12-31", "totalRevenue": 1426019000, "costOfRevenue": 621001000, "grossProfit": 805018000, "researchDevelopment": {}, "sellingGeneralAdministrative": 125140000, "nonRecurring": {}, "otherOperatingExpenses": 437529000, "totalOperatingExpenses": 1337015000, "operatingIncome": 89004000, "totalOtherIncomeExpenseNet": -43453000, "ebit": 89004000, "interestExpense": -43453000, "incomeBeforeTax": 45551000, "incomeTaxExpense": 8773000, "minorityInterest": {}, "netIncomeFromContinuingOps": 36778000, "discontinuedOperations": {}, "extraordinaryItems": {}, "effectOfAccountingCharges": {}, "otherItems": {}, "netIncome": 36778000, "netIncomeApplicableToCommonShares": 36778000}, {"maxAge": 1, "endDate": "2020-09-30", "totalRevenue": 1479262000, "costOfRevenue": 544885000, "grossProfit": 934377000, "researchDevelopment": {}, "sellingGeneralAdministrative": 106341000, "nonRecurring": {}, "otherOperatingExpenses": 445559000, "totalOperatingExpenses": 1248862000, "operatingIncome": 230400000, "totalOtherIncomeExpenseNet": -38205000, "ebit": 230400000, "interestExpense": -38205000, "incomeBeforeTax": 192195000, "incomeTaxExpense": 58815000, "minorityInterest": {}, "netIncomeFromContinuingOps": 133380000, "discontinuedOperations": {}, "extraordinaryItems": {}, "effectOfAccountingCharges": {}, "otherItems": {}, "netIncome": 133380000, "netIncomeApplicableToCommonShares": 133380000}, {"maxAge": 1, "endDate": "2020-06-30", "totalRevenue": 1251142000, "costOfRevenue": 448253000, "grossProfit": 802889000, "researchDevelopment": {}, "sellingGeneralAdministrative": 96184000, "nonRecurring": {}, "otherOperatingExpenses": 403585000, "totalOperatingExpenses": 1071378000, "operatingIncome": 179764000, "totalOtherIncomeExpenseNet": -44715000, "ebit": 179764000, "interestExpense": -44715000, "incomeBeforeTax": 135049000, "incomeTaxExpense": 18569000, "minorityInterest": {}, "netIncomeFromContinuingOps": 116480000, "discontinuedOperations": {}, "extraordinaryItems": {}, "effectOfAccountingCharges": {}, "otherItems": {}, "netIncome": 116480000, "netIncomeApplicableToCommonShares": 116480000}, {"maxAge": 1, "endDate": "2020-03-31", "totalRevenue": 1796193000, "costOfRevenue": 725501000, "grossProfit": 1070692000, "researchDevelopment": {}, "sellingGeneralAdministrative": 128638000, "nonRecurring": {}, "otherOperatingExpenses": 554617000, "totalOperatingExpenses": 1561091000, "operatingIncome": 235102000, "totalOtherIncomeExpenseNet": -47569000, "ebit": 235102000, "interestExpense": -29841000, "incomeBeforeTax": 187533000, "incomeTaxExpense": 27017000, "minorityInterest": {}, "netIncomeFromContinuingOps": 160516000, "discontinuedOperations": {}, "extraordinaryItems": {}, "effectOfAccountingCharges": {}, "otherItems": {}, "netIncome": 160516000, "netIncomeApplicableToCommonShares": 160516000}], "maxAge": 86400}, "cashflowStatementHistoryQuarterly": {"cashflowStatements": [{"maxAge": 1, "endDate": "2020-12-31", "netIncome": 36778000, "changeToLiabilities": 0}, {"maxAge": 1, "endDate": "2020-09-30", "netIncome": 133380000, "changeToLiabilities": 0}, {"maxAge": 1, "endDate": "2020-06-30", "netIncome": 116480000, "changeToLiabilities": 0}, {"maxAge": 1, "endDate": "2020-03-31", "netIncome": 160516000, "changeToLiabilities": 0}], "maxAge": 86400}, "insiderHolders": {"holders": [{"maxAge": 1, "name": "Satia (Ajay)", "relation": "Promoter", "url": "", "transactionDescription": "Other", "latestTransDate": "2016-06-14", "positionDirect": 2234799, "positionDirectDate": "2016-06-14"}, {"maxAge": 1, "name": "Satia (Anil)", "relation": "Promoter", "url": "", "transactionDescription": "Other", "latestTransDate": "2016-06-14", "positionDirect": 0, "positionDirectDate": "2016-06-14"}, {"maxAge": 1, "name": "Satia (Anil) HUF", "relation": "Promoter", "url": "", "transactionDescription": "Other", "latestTransDate": "2016-06-14", "positionDirect": 0, "positionDirectDate": "2016-06-14"}, {"maxAge": 1, "name": "Satia (Chirag)", "relation": "Promoter", "url": "", "transactionDescription": "Acquisition", "latestTransDate": "2020-12-31", "positionDirect": 6960669, "positionDirectDate": "2020-12-31"}, {"maxAge": 1, "name": "Satia (Dhruv)", "relation": "Promoter", "url": "", "transactionDescription": "Acquisition", "latestTransDate": "2019-03-06", "positionDirect": 797454, "positionDirectDate": "2019-03-06"}, {"maxAge": 1, "name": "Satia (Krishna)", "relation": "Promoter", "url": "", "transactionDescription": "Other", "latestTransDate": "2017-08-17", "positionDirect": 500, "positionDirectDate": "2017-08-17"}, {"maxAge": 1, "name": "Satia (Saloni)", "relation": "Promoter", "url": "", "transactionDescription": "Other", "latestTransDate": "2016-06-14", "positionDirect": 0, "positionDirectDate": "2016-06-14"}], "maxAge": 1}, "calendarEvents": {"maxAge": 1, "earnings": {"earningsDate": []}, "exDividendDate": "2020-02-18 05:30:00"}, "upgradeDowngradeHistory": {"history": [], "maxAge": 86400}, "price": {"maxAge": 1, "regularMarketChangePercent": 0.041991603, "regularMarketChange": 3.5, "regularMarketTime": "2021-04-30 15:29:58", "priceHint": 2, "regularMarketPrice": 86.85, "regularMarketDayHigh": 94.0, "regularMarketDayLow": 83.4, "regularMarketVolume": 1007383, "averageDailyVolume10Day": 65519, "averageDailyVolume3Month": 94670, "regularMarketPreviousClose": 83.35, "regularMarketSource": "FREE_REALTIME", "regularMarketOpen": 83.5, "exchange": "NSI", "exchangeName": "NSE", "exchangeDataDelayedBy": 15, "marketState": "CLOSED", "quoteType": "EQUITY", "symbol": "SATIA.NS", "underlyingSymbol": null, "shortName": "Satia Industries Limited", "longName": "Satia Industries Limited", "currency": "INR", "quoteSourceName": "Delayed Quote", "currencySymbol": "\u20b9", "fromCurrency": null, "lastMarket": null, "marketCap": 8679788544}, "balanceSheetHistory": {"balanceSheetStatements": [{"maxAge": 1, "endDate": "2020-03-31", "cash": 17241000, "netReceivables": 1335736000, "inventory": 812341000, "otherCurrentAssets": 286962000, "totalCurrentAssets": 2467573000, "longTermInvestments": 32767000, "propertyPlantEquipment": 5908415000, "otherAssets": 42163000, "deferredLongTermAssetCharges": 31963000, "totalAssets": 8450918000, "accountsPayable": 530098000, "shortLongTermDebt": 537284000, "otherCurrentLiab": 201019000, "longTermDebt": 1587673000, "otherLiab": 945790000, "totalCurrentLiabilities": 1895820000, "totalLiab": 4496108000, "commonStock": 100000000, "retainedEarnings": 3846967000, "treasuryStock": 7843000, "otherStockholderEquity": 7843000, "totalStockholderEquity": 3954810000, "netTangibleAssets": 3954810000}, {"maxAge": 1, "endDate": "2019-03-31", "cash": 4691000, "netReceivables": 1068271000, "inventory": 901631000, "otherCurrentAssets": 116347000, "totalCurrentAssets": 2099147000, "longTermInvestments": 31107000, "propertyPlantEquipment": 4387731000, "otherAssets": 85774000, "deferredLongTermAssetCharges": 58772000, "totalAssets": 6603759000, "accountsPayable": 453811000, "shortLongTermDebt": 470769000, "otherCurrentLiab": 64703000, "longTermDebt": 1054060000, "otherLiab": 902900000, "totalCurrentLiabilities": 1571061000, "totalLiab": 3528021000, "commonStock": 100000000, "retainedEarnings": 2967895000, "treasuryStock": 7843000, "otherStockholderEquity": 7843000, "totalStockholderEquity": 3075738000, "netTangibleAssets": 3075738000}, {"maxAge": 1, "endDate": "2018-03-31", "cash": 13461000, "netReceivables": 1189759000, "inventory": 821220000, "otherCurrentAssets": 245497000, "totalCurrentAssets": 2278417000, "longTermInvestments": 29359000, "propertyPlantEquipment": 3414333000, "otherAssets": 96537000, "deferredLongTermAssetCharges": 47939000, "totalAssets": 5818646000, "accountsPayable": 447298000, "shortLongTermDebt": 420235000, "otherCurrentLiab": 167392000, "longTermDebt": 909592000, "otherLiab": 909668000, "totalCurrentLiabilities": 1773278000, "totalLiab": 3592538000, "commonStock": 100000000, "retainedEarnings": 2118266000, "treasuryStock": 7842000, "otherStockholderEquity": 7842000, "totalStockholderEquity": 2226108000, "netTangibleAssets": 2226108000}, {"maxAge": 1, "endDate": "2017-03-31", "cash": 2987000, "netReceivables": 1110309000, "inventory": 457360000, "otherCurrentAssets": 261295000, "totalCurrentAssets": 1835794000, "longTermInvestments": 29785000, "propertyPlantEquipment": 3012362000, "otherAssets": 81178000, "deferredLongTermAssetCharges": 32004000, "totalAssets": 4959119000, "accountsPayable": 295876000, "shortLongTermDebt": 389222000, "otherCurrentLiab": 89749000, "longTermDebt": 910182000, "otherLiab": 892173000, "totalCurrentLiabilities": 1573688000, "totalLiab": 3376043000, "commonStock": 100000000, "retainedEarnings": 1475234000, "treasuryStock": 7842000, "otherStockholderEquity": 7842000, "totalStockholderEquity": 1583076000, "netTangibleAssets": 1583076000}], "maxAge": 86400}, "financialData": {"maxAge": 86400, "currentPrice": 86.85, "recommendationKey": "none", "totalCash": 183647008, "totalCashPerShare": 1.848, "ebitda": 1332134784, "totalDebt": 3555996928, "totalRevenue": 5952615936, "debtToEquity": 84.604, "revenuePerShare": 59.574, "grossProfits": 4608243000, "earningsGrowth": -0.848, "revenueGrowth": -0.291, "grossMargins": 0.60696, "ebitdaMargins": 0.22378999, "operatingMargins": 0.12335, "profitMargins": 0.07512, "financialCurrency": "INR"}}}