{"SATRAPROP.BO": {"cashflowStatementHistory": {"cashflowStatements": [{"maxAge": 1, "endDate": "2020-03-31", "netIncome": 173471000, "depreciation": 2325000, "changeToNetincome": -556436000, "changeToAccountReceivables": 48725000, "changeToLiabilities": -40574000, "changeToInventory": 208783000, "changeToOperatingActivities": -267563000, "totalCashFromOperatingActivities": -431269000, "investments": 454912000, "otherCashflowsFromInvestingActivities": 65214000, "totalCashflowsFromInvestingActivities": 520601000, "netBorrowings": -35191000, "otherCashflowsFromFinancingActivities": -2080000, "totalCashFromFinancingActivities": -37271000, "changeInCash": 52061000}, {"maxAge": 1, "endDate": "2019-03-31", "netIncome": -94171000, "depreciation": 2907000, "changeToNetincome": -198352000, "changeToAccountReceivables": 541524000, "changeToLiabilities": -336638000, "changeToInventory": 853866000, "changeToOperatingActivities": 716754000, "totalCashFromOperatingActivities": 1485890000, "capitalExpenditures": -952000, "investments": 454912000, "otherCashflowsFromInvestingActivities": 285214000, "totalCashflowsFromInvestingActivities": 234293000, "netBorrowings": -1766404000, "otherCashflowsFromFinancingActivities": -23169000, "totalCashFromFinancingActivities": -1789573000, "changeInCash": -69389000}, {"maxAge": 1, "endDate": "2018-03-31", "netIncome": -1359643000, "depreciation": 2665000, "changeToNetincome": 628934000, "changeToAccountReceivables": 405599000, "changeToLiabilities": 224056000, "changeToInventory": 908478000, "changeToOperatingActivities": -412722000, "totalCashFromOperatingActivities": 397367000, "capitalExpenditures": -6833000, "investments": 454912000, "otherCashflowsFromInvestingActivities": 24114000, "totalCashflowsFromInvestingActivities": 23724000, "dividendsPaid": -17836000, "netBorrowings": 621225000, "otherCashflowsFromFinancingActivities": -667698000, "totalCashFromFinancingActivities": -64309000, "changeInCash": 356783000}, {"maxAge": 1, "endDate": "2017-03-31", "netIncome": 142912000, "depreciation": 3190000, "changeToNetincome": -4958000, "changeToAccountReceivables": -137904000, "changeToLiabilities": 53440000, "changeToInventory": -267862000, "changeToOperatingActivities": -98561000, "totalCashFromOperatingActivities": -309743000, "capitalExpenditures": -2838000, "investments": 454912000, "otherCashflowsFromInvestingActivities": -45811000, "totalCashflowsFromInvestingActivities": -48145000, "dividendsPaid": -17836000, "netBorrowings": 859715000, "otherCashflowsFromFinancingActivities": -487175000, "totalCashFromFinancingActivities": 354704000, "changeInCash": -3184000}], "maxAge": 86400}, "institutionOwnership": {"maxAge": 1, "ownershipList": []}, "balanceSheetHistoryQuarterly": {"balanceSheetStatements": [{"maxAge": 1, "endDate": "2020-03-31", "cash": 55111000, "shortTermInvestments": 484879000, "netReceivables": 286243000, "inventory": 2031392000, "otherCurrentAssets": 114368000, "totalCurrentAssets": 2971993000, "longTermInvestments": 62000, "propertyPlantEquipment": 4155000, "otherAssets": 47248000, "totalAssets": 3023458000, "accountsPayable": 290110000, "otherCurrentLiab": 1226000000, "otherLiab": 1225000, "totalCurrentLiabilities": 2401847000, "totalLiab": 2403072000, "commonStock": 356716000, "treasuryStock": 263670000, "otherStockholderEquity": 263670000, "totalStockholderEquity": 620386000, "netTangibleAssets": 620386000}, {"maxAge": 1, "endDate": "2019-06-30", "totalStockholderEquity": -866338000, "netTangibleAssets": -866338000}, {"maxAge": 1, "endDate": "2018-06-30"}, {"maxAge": 1, "endDate": "2008-03-31"}], "maxAge": 86400}, "indexTrend": {"maxAge": 1, "symbol": "SP5", "peRatio": 19.7411, "pegRatio": 1.34172, "estimates": [{"period": "0q", "growth": 0.549}, {"period": "+1q", "growth": 0.431}, {"period": "0y", "growth": 0.305}, {"period": "+1y", "growth": 0.109}, {"period": "+5y", "growth": 0.120859005}, {"period": "-5y"}]}, "insiderTransactions": {"transactions": [{"maxAge": 1, "shares": 11000000, "filerUrl": "", "transactionText": "", "filerName": "Satra (Minaxi Praful)", "filerRelation": "Promoter", "moneyText": "", "startDate": "2017-03-31", "ownership": "D"}, {"maxAge": 1, "shares": 21000000, "filerUrl": "", "transactionText": "", "filerName": "Satra (Praful Nanji)", "filerRelation": "Chairman of the Board", "moneyText": "", "startDate": "2017-03-31", "ownership": "D"}, {"maxAge": 1, "shares": 21000000, "filerUrl": "", "transactionText": "", "filerName": "Satra (Rushabh P)", "filerRelation": "Chief Financial Officer", "moneyText": "", "startDate": "2017-03-31", "ownership": "D"}, {"maxAge": 1, "shares": 11000000, "filerUrl": "", "transactionText": "", "filerName": "Satra (Vrutika P)", "filerRelation": "Promoter", "moneyText": "", "startDate": "2017-03-31", "ownership": "D"}, {"maxAge": 1, "shares": 6000000, "filerUrl": "", "transactionText": "", "filerName": "Satra (Rushabh P)", "filerRelation": "UNREPORTED", "moneyText": "", "startDate": "2013-08-01", "ownership": "D"}, {"maxAge": 1, "shares": 4500000, "filerUrl": "", "transactionText": "", "filerName": "Satra (Vrutika P)", "filerRelation": "UNREPORTED", "moneyText": "", "startDate": "2013-08-01", "ownership": "D"}, {"maxAge": 1, "shares": 2500000, "filerUrl": "", "transactionText": "", "filerName": "Satra Infrastructure Development Pvt Ltd", "filerRelation": "Institution- Corporation", "moneyText": "", "startDate": "2013-08-01", "ownership": "D"}, {"maxAge": 1, "shares": 4000000, "filerUrl": "", "transactionText": "", "filerName": "Satra Land Development Pvt Ltd", "filerRelation": "Institution- Corporation", "moneyText": "", "startDate": "2013-08-01", "ownership": "D"}, {"maxAge": 1, "shares": 1589063, "filerUrl": "", "transactionText": "", "filerName": "Satra (Minaxi Praful)", "filerRelation": "Promoter", "moneyText": "", "startDate": "2012-05-29", "ownership": "D"}, {"maxAge": 1, "shares": 3000000, "filerUrl": "", "transactionText": "", "filerName": "Satra (Minaxi Praful)", "filerRelation": "Promoter", "moneyText": "", "startDate": "2011-08-04", "ownership": "D"}, {"maxAge": 1, "shares": 3638793, "filerUrl": "", "transactionText": "", "filerName": "Satra (Minaxi Praful)", "filerRelation": "Promoter", "moneyText": "", "startDate": "2011-03-31", "ownership": "D"}, {"maxAge": 1, "shares": 12735775, "filerUrl": "", "transactionText": "", "filerName": "Satra (Praful Nanji)", "filerRelation": "Chairman of the Board", "moneyText": "", "startDate": "2011-03-01", "ownership": "D"}], "maxAge": 1}, "quoteType": {"exchange": "BSE", "quoteType": "EQUITY", "symbol": "SATRAPROP.BO", "underlyingSymbol": "SATRAPROP.BO", "shortName": "SATRA PROPERTIES (INDIA) LTD.", "longName": "Satra Properties (India) Limited", "firstTradeDateEpochUtc": "2003-04-15 09:15:00", "timeZoneFullName": "Asia/Kolkata", "timeZoneShortName": "IST", "uuid": "758ac14d-b95c-3751-b42b-dda6ed6116f9", "messageBoardId": null, "gmtOffSetMilliseconds": 19800000, "maxAge": 1}, "incomeStatementHistory": {"incomeStatementHistory": [{"maxAge": 1, "endDate": "2020-03-31", "totalRevenue": 252469000, "costOfRevenue": 245677000, "grossProfit": 6792000, "researchDevelopment": {}, "sellingGeneralAdministrative": 9970000, "nonRecurring": {}, "otherOperatingExpenses": 368977000, "totalOperatingExpenses": 626094000, "operatingIncome": -373625000, "totalOtherIncomeExpenseNet": 547096000, "ebit": -373625000, "interestExpense": -705987000, "incomeBeforeTax": 173471000, "incomeTaxExpense": 0, "minorityInterest": {}, "netIncomeFromContinuingOps": 173471000, "discontinuedOperations": {}, "extraordinaryItems": {}, "effectOfAccountingCharges": {}, "otherItems": {}, "netIncome": 173471000, "netIncomeApplicableToCommonShares": 173471000}, {"maxAge": 1, "endDate": "2019-03-31", "totalRevenue": 326969000, "costOfRevenue": 162787000, "grossProfit": 164182000, "researchDevelopment": {}, "sellingGeneralAdministrative": 20377000, "nonRecurring": {}, "otherOperatingExpenses": 596794000, "totalOperatingExpenses": 782865000, "operatingIncome": -455896000, "totalOtherIncomeExpenseNet": 297054000, "ebit": -455896000, "interestExpense": -705987000, "incomeBeforeTax": -158842000, "incomeTaxExpense": 0, "minorityInterest": -157491000, "netIncomeFromContinuingOps": -158842000, "discontinuedOperations": {}, "extraordinaryItems": {}, "effectOfAccountingCharges": {}, "otherItems": {}, "netIncome": -94171000, "netIncomeApplicableToCommonShares": -94171000}, {"maxAge": 1, "endDate": "2018-03-31", "totalRevenue": 1266987000, "costOfRevenue": 1916772000, "grossProfit": -649785000, "researchDevelopment": {}, "sellingGeneralAdministrative": 79370000, "nonRecurring": {}, "otherOperatingExpenses": 131195000, "totalOperatingExpenses": 2130001000, "operatingIncome": -863014000, "totalOtherIncomeExpenseNet": -398459000, "ebit": -863014000, "interestExpense": -444840000, "incomeBeforeTax": -1261473000, "incomeTaxExpense": 162841000, "minorityInterest": -107022000, "netIncomeFromContinuingOps": -1424314000, "discontinuedOperations": {}, "extraordinaryItems": {}, "effectOfAccountingCharges": {}, "otherItems": {}, "netIncome": -1359643000, "netIncomeApplicableToCommonShares": -1359643000}, {"maxAge": 1, "endDate": "2017-03-31", "totalRevenue": 1162196000, "costOfRevenue": 724986000, "grossProfit": 437210000, "researchDevelopment": {}, "sellingGeneralAdministrative": 79112000, "nonRecurring": {}, "otherOperatingExpenses": 56990000, "totalOperatingExpenses": 864278000, "operatingIncome": 297918000, "totalOtherIncomeExpenseNet": -225140000, "ebit": 297918000, "interestExpense": -300893000, "incomeBeforeTax": 72778000, "incomeTaxExpense": -44803000, "minorityInterest": -60339000, "netIncomeFromContinuingOps": 117581000, "discontinuedOperations": {}, "extraordinaryItems": {}, "effectOfAccountingCharges": {}, "otherItems": {}, "netIncome": 142912000, "netIncomeApplicableToCommonShares": 142912000}], "maxAge": 86400}, "fundOwnership": {"maxAge": 1, "ownershipList": []}, "summaryDetail": {"maxAge": 1, "priceHint": 4, "previousClose": 1.0, "open": 1.05, "dayLow": 0.95, "dayHigh": 1.05, "regularMarketPreviousClose": 1.0, "regularMarketOpen": 1.05, "regularMarketDayLow": 0.95, "regularMarketDayHigh": 1.05, "trailingPE": 0.9793814, "volume": 1501, "regularMarketVolume": 1501, "averageVolume": 9723, "averageVolume10days": 11854, "averageDailyVolume10Day": 11854, "bid": 0.95, "ask": 0.0, "bidSize": 0, "askSize": 0, "marketCap": 169440096, "fiftyTwoWeekLow": 0.45, "fiftyTwoWeekHigh": 2.3, "fiftyDayAverage": 1.8231429, "twoHundredDayAverage": 1.4086232, "trailingAnnualDividendRate": 0.1, "trailingAnnualDividendYield": 0.1, "currency": "INR", "fromCurrency": null, "toCurrency": null, "lastMarket": null, "algorithm": null, "tradeable": false}, "incomeStatementHistoryQuarterly": {"incomeStatementHistory": [{"maxAge": 1, "endDate": "2020-03-31", "totalRevenue": 198686000, "costOfRevenue": 180653000, "grossProfit": 18033000, "researchDevelopment": {}, "sellingGeneralAdministrative": -751000, "nonRecurring": {}, "otherOperatingExpenses": 221013000, "totalOperatingExpenses": 401276000, "operatingIncome": -202590000, "totalOtherIncomeExpenseNet": 1182980000, "ebit": -202590000, "interestExpense": -60876000, "incomeBeforeTax": 980390000, "incomeTaxExpense": 0, "minorityInterest": {}, "netIncomeFromContinuingOps": 980390000, "discontinuedOperations": {}, "extraordinaryItems": {}, "effectOfAccountingCharges": {}, "otherItems": {}, "netIncome": 980390000, "netIncomeApplicableToCommonShares": 980390000}, {"maxAge": 1, "endDate": "2019-06-30", "totalRevenue": 32316000, "costOfRevenue": 37098000, "grossProfit": -4782000, "researchDevelopment": {}, "sellingGeneralAdministrative": 5078000, "nonRecurring": {}, "otherOperatingExpenses": 9052000, "totalOperatingExpenses": 51671000, "operatingIncome": -19355000, "totalOtherIncomeExpenseNet": 13288000, "ebit": -19355000, "interestExpense": -12056000, "incomeBeforeTax": -6067000, "incomeTaxExpense": 0, "minorityInterest": {}, "netIncomeFromContinuingOps": -6067000, "discontinuedOperations": {}, "extraordinaryItems": {}, "effectOfAccountingCharges": {}, "otherItems": {}, "netIncome": -6067000, "netIncomeApplicableToCommonShares": -6067000}, {"maxAge": 1, "endDate": "2018-06-30", "totalRevenue": 202254000, "costOfRevenue": 394000, "grossProfit": 201860000, "researchDevelopment": {}, "sellingGeneralAdministrative": 5069000, "nonRecurring": {}, "otherOperatingExpenses": 30204000, "totalOperatingExpenses": 36491000, "operatingIncome": 165763000, "totalOtherIncomeExpenseNet": 141748000, "ebit": 165763000, "interestExpense": -91895000, "incomeBeforeTax": 307511000, "incomeTaxExpense": 0, "minorityInterest": {}, "netIncomeFromContinuingOps": 307511000, "discontinuedOperations": {}, "extraordinaryItems": {}, "effectOfAccountingCharges": {}, "otherItems": {}, "netIncome": 307511000, "netIncomeApplicableToCommonShares": 307511000}, {"maxAge": 1, "endDate": "2008-03-31", "totalRevenue": 615500000, "costOfRevenue": 408400000, "grossProfit": 207100000, "researchDevelopment": {}, "sellingGeneralAdministrative": 25300000, "nonRecurring": {}, "otherOperatingExpenses": 34900000, "totalOperatingExpenses": 471500000, "operatingIncome": 144000000, "totalOtherIncomeExpenseNet": -25900000, "ebit": 144000000, "interestExpense": -45100000, "incomeBeforeTax": 118100000, "incomeTaxExpense": 63600000, "minorityInterest": {}, "netIncomeFromContinuingOps": 54500000, "discontinuedOperations": {}, "extraordinaryItems": {}, "effectOfAccountingCharges": {}, "otherItems": {}, "netIncome": 54500000, "netIncomeApplicableToCommonShares": 54500000}], "maxAge": 86400}, "cashflowStatementHistoryQuarterly": {"cashflowStatements": [{"maxAge": 1, "endDate": "2020-03-31", "netIncome": 980390000, "changeToLiabilities": 0}, {"maxAge": 1, "endDate": "2019-06-30", "netIncome": -6067000, "changeToLiabilities": 0}, {"maxAge": 1, "endDate": "2018-06-30", "netIncome": 307511000, "changeToLiabilities": 0}, {"maxAge": 1, "endDate": "2008-03-31", "netIncome": 54500000, "changeToLiabilities": 0}], "maxAge": 86400}, "insiderHolders": {"holders": [{"maxAge": 1, "name": "Satra (Minaxi Praful)", "relation": "Promoter", "url": "", "transactionDescription": "Other", "latestTransDate": "2017-03-31", "positionDirect": 26537356, "positionDirectDate": "2017-03-31"}, {"maxAge": 1, "name": "Satra (Praful Nanji)", "relation": "Chairman of the Board", "url": "", "transactionDescription": "Other", "latestTransDate": "2017-03-31", "positionDirect": 52798106, "positionDirectDate": "2017-03-31"}, {"maxAge": 1, "name": "Satra (Rushabh P)", "relation": "Chief Financial Officer", "url": "", "transactionDescription": "Other", "latestTransDate": "2017-03-31", "positionDirect": 27000000, "positionDirectDate": "2017-03-31"}, {"maxAge": 1, "name": "Satra (Vrutika P)", "relation": "Promoter", "url": "", "transactionDescription": "Other", "latestTransDate": "2017-03-31", "positionDirect": 15500000, "positionDirectDate": "2017-03-31"}, {"maxAge": 1, "name": "Satra Infrastructure Development Pvt Ltd", "relation": "Institution- Corporation", "url": "", "transactionDescription": "Other", "latestTransDate": "2013-08-01", "positionDirect": 2500000, "positionDirectDate": "2013-08-01"}, {"maxAge": 1, "name": "Satra Land Development Pvt Ltd", "relation": "Institution- Corporation", "url": "", "transactionDescription": "Other", "latestTransDate": "2013-08-01", "positionDirect": 4000000, "positionDirectDate": "2013-08-01"}], "maxAge": 1}, "calendarEvents": {"maxAge": 1, "earnings": {"earningsDate": []}}, "price": {"maxAge": 1, "regularMarketChangePercent": -0.05000001, "regularMarketChange": -0.050000012, "regularMarketTime": "2021-04-30 11:27:08", "priceHint": 4, "regularMarketPrice": 0.95, "regularMarketDayHigh": 1.05, "regularMarketDayLow": 0.95, "regularMarketVolume": 1501, "averageDailyVolume10Day": 11854, "averageDailyVolume3Month": 9723, "regularMarketPreviousClose": 1.0, "regularMarketSource": "FREE_REALTIME", "regularMarketOpen": 1.05, "exchange": "BSE", "exchangeName": "BSE", "exchangeDataDelayedBy": 0, "marketState": "CLOSED", "quoteType": "EQUITY", "symbol": "SATRAPROP.BO", "underlyingSymbol": null, "shortName": "SATRA PROPERTIES (INDIA) LTD.", "longName": "Satra Properties (India) Limited", "currency": "INR", "quoteSourceName": "Delayed Quote", "currencySymbol": "\u20b9", "fromCurrency": null, "toCurrency": null, "lastMarket": null, "marketCap": 169440096}, "balanceSheetHistory": {"balanceSheetStatements": [{"maxAge": 1, "endDate": "2020-03-31", "cash": 55111000, "shortTermInvestments": 484879000, "netReceivables": 286243000, "inventory": 2031392000, "otherCurrentAssets": 114368000, "totalCurrentAssets": 2971993000, "longTermInvestments": 62000, "propertyPlantEquipment": 4155000, "otherAssets": 47248000, "totalAssets": 3023458000, "accountsPayable": 290110000, "otherCurrentLiab": 1226000000, "otherLiab": 1225000, "totalCurrentLiabilities": 2401847000, "totalLiab": 2403072000, "commonStock": 356716000, "treasuryStock": 263670000, "otherStockholderEquity": 263670000, "totalStockholderEquity": 620386000, "netTangibleAssets": 620386000}, {"maxAge": 1, "endDate": "2019-03-31", "cash": 306098000, "shortTermInvestments": 346741000, "netReceivables": 1359292000, "inventory": 5482731000, "otherCurrentAssets": 1250422000, "totalCurrentAssets": 8746937000, "longTermInvestments": 26095000, "propertyPlantEquipment": 11551000, "otherAssets": 119508000, "deferredLongTermAssetCharges": 22539000, "totalAssets": 8904091000, "accountsPayable": 527924000, "shortLongTermDebt": 295998000, "otherCurrentLiab": 2981041000, "otherLiab": 4874000, "minorityInterest": -157491000, "totalCurrentLiabilities": 9923046000, "totalLiab": 9927920000, "commonStock": 356716000, "retainedEarnings": -1577741000, "treasuryStock": 192287000, "capitalSurplus": 162400000, "otherStockholderEquity": 192287000, "totalStockholderEquity": -866338000, "netTangibleAssets": -866338000}, {"maxAge": 1, "endDate": "2018-03-31", "cash": 375487000, "shortTermInvestments": 447143000, "netReceivables": 2009269000, "inventory": 6336597000, "otherCurrentAssets": 1398686000, "totalCurrentAssets": 10569211000, "longTermInvestments": 55618000, "propertyPlantEquipment": 17636000, "goodWill": 2889000, "otherAssets": 135038000, "deferredLongTermAssetCharges": 38868000, "totalAssets": 10780392000, "accountsPayable": 864562000, "shortLongTermDebt": 296257000, "otherCurrentLiab": 2468557000, "longTermDebt": 17000, "otherLiab": 5923000, "minorityInterest": -107022000, "totalCurrentLiabilities": 11587479000, "totalLiab": 11593419000, "commonStock": 356716000, "retainedEarnings": -1422708000, "treasuryStock": 197587000, "capitalSurplus": 162400000, "otherStockholderEquity": 197587000, "totalStockholderEquity": -706005000, "netTangibleAssets": -708894000}, {"maxAge": 1, "endDate": "2017-03-31", "cash": 18704000, "shortTermInvestments": 402888000, "netReceivables": 2528057000, "inventory": 6848394000, "otherCurrentAssets": 1501170000, "totalCurrentAssets": 11301131000, "longTermInvestments": 55613000, "propertyPlantEquipment": 19512000, "goodWill": 3371000, "otherAssets": 277282000, "deferredLongTermAssetCharges": 201116000, "totalAssets": 11656909000, "accountsPayable": 640506000, "shortLongTermDebt": 815392000, "otherCurrentLiab": 2478276000, "longTermDebt": 169000, "otherLiab": 8032000, "minorityInterest": -60339000, "totalCurrentLiabilities": 11021996000, "totalLiab": 11030197000, "commonStock": 356716000, "retainedEarnings": -27093000, "treasuryStock": 195028000, "capitalSurplus": 162400000, "otherStockholderEquity": 195028000, "totalStockholderEquity": 687051000, "netTangibleAssets": 683680000}], "maxAge": 86400}, "financialData": {"maxAge": 86400, "currentPrice": 0.95, "recommendationKey": "none", "grossProfits": 6792000, "financialCurrency": "INR"}}}