{"SAUMYA.BO": {"cashflowStatementHistory": {"cashflowStatements": [{"maxAge": 1, "endDate": "2020-03-31", "netIncome": -41463309, "depreciation": 1200233, "changeToNetincome": 30500018, "changeToLiabilities": 0, "changeToInventory": -12500018, "changeToOperatingActivities": 19806459, "totalCashFromOperatingActivities": -2456618, "capitalExpenditures": -2216586, "otherCashflowsFromInvestingActivities": 940725, "totalCashflowsFromInvestingActivities": 1417115, "changeInCash": -1039502}, {"maxAge": 1, "endDate": "2019-03-31", "netIncome": 28983125, "depreciation": 1167672, "changeToNetincome": -26964925, "changeToLiabilities": 0, "changeToInventory": -14209118, "changeToOperatingActivities": 9387456, "totalCashFromOperatingActivities": -1635789, "capitalExpenditures": -194164, "otherCashflowsFromInvestingActivities": 426706, "totalCashflowsFromInvestingActivities": -196869, "netBorrowings": -216525, "totalCashFromFinancingActivities": -216525, "changeInCash": -2049181}, {"maxAge": 1, "endDate": "2018-03-31", "netIncome": 29432601, "depreciation": 1181637, "changeToNetincome": -33190997, "changeToLiabilities": 0, "changeToInventory": -2698901, "changeToOperatingActivities": 4861164, "totalCashFromOperatingActivities": -414498, "capitalExpenditures": -73000, "investments": -6887425, "otherCashflowsFromInvestingActivities": 346098, "totalCashflowsFromInvestingActivities": -6614327, "netBorrowings": -112390, "totalCashFromFinancingActivities": -112390, "changeInCash": -7141215}, {"maxAge": 1, "endDate": "2017-03-31", "netIncome": 31254003, "depreciation": 1217446, "changeToNetincome": 34604355, "changeToLiabilities": 0, "changeToInventory": -2672037, "changeToOperatingActivities": 42047507, "totalCashFromOperatingActivities": 106451276, "capitalExpenditures": -34003, "investments": -63546018, "otherCashflowsFromInvestingActivities": -31175571, "totalCashflowsFromInvestingActivities": -94755592, "netBorrowings": -1276647, "totalCashFromFinancingActivities": -1276647, "changeInCash": 10419035}], "maxAge": 86400}, "institutionOwnership": {"ownershipList": [], "maxAge": 1}, "balanceSheetHistoryQuarterly": {"balanceSheetStatements": [{"maxAge": 1, "endDate": "2016-03-31", "cash": 1853850, "netReceivables": 25664628, "otherCurrentAssets": 104435771, "totalCurrentAssets": 161882003, "longTermInvestments": 353490499, "propertyPlantEquipment": 7518949, "goodWill": 1561276, "otherAssets": 27703893, "totalAssets": 552156620, "shortLongTermDebt": 1624872, "otherCurrentLiab": 1858394, "longTermDebt": 1389038, "otherLiab": 12465138, "totalCurrentLiabilities": 7231189, "totalLiab": 21085365, "commonStock": 69069080, "retainedEarnings": 399002178, "capitalSurplus": 63000000, "totalStockholderEquity": 531071258, "netTangibleAssets": 529509982}, {"maxAge": 1, "endDate": "2015-12-31", "totalStockholderEquity": 505926000, "netTangibleAssets": 505926000}, {"maxAge": 1, "endDate": "2015-09-30", "cash": 1779000, "netReceivables": 141027000, "inventory": 31097000, "otherCurrentAssets": 1000, "totalCurrentAssets": 173904000, "longTermInvestments": 347863000, "propertyPlantEquipment": 8203000, "otherAssets": 15902000, "totalAssets": 545872000, "otherCurrentLiab": 23840000, "longTermDebt": 3937000, "otherLiab": 12169000, "totalCurrentLiabilities": 23840000, "totalLiab": 39946000, "commonStock": 69069000, "treasuryStock": 436857000, "otherStockholderEquity": 436857000, "totalStockholderEquity": 505926000, "netTangibleAssets": 505926000}, {"maxAge": 1, "endDate": "2015-06-30"}], "maxAge": 86400}, "indexTrend": {"maxAge": 1, "symbol": "SP5", "peRatio": 19.7411, "pegRatio": 1.34172, "estimates": [{"period": "0q", "growth": 0.549}, {"period": "+1q", "growth": 0.431}, {"period": "0y", "growth": 0.305}, {"period": "+1y", "growth": 0.109}, {"period": "+5y", "growth": 0.120859005}, {"period": "-5y"}]}, "quoteType": {"exchange": "BSE", "quoteType": "EQUITY", "symbol": "SAUMYA.BO", "underlyingSymbol": "SAUMYA.BO", "shortName": "Saumya Consultants Ltd.", "longName": "Saumya Consultants Limited", "firstTradeDateEpochUtc": "2015-07-28 09:15:00", "timeZoneFullName": "Asia/Kolkata", "timeZoneShortName": "IST", "uuid": "7787d760-8cf5-3496-817c-6789397afee2", "gmtOffSetMilliseconds": 19800000, "maxAge": 1}, "incomeStatementHistory": {"incomeStatementHistory": [{"maxAge": 1, "endDate": "2020-03-31", "totalRevenue": -1806820, "costOfRevenue": 54891263, "grossProfit": -56698083, "researchDevelopment": {}, "sellingGeneralAdministrative": 10288591, "nonRecurring": {}, "otherOperatingExpenses": 4301316, "totalOperatingExpenses": 70681403, "operatingIncome": -72488223, "totalOtherIncomeExpenseNet": 382376, "ebit": 0, "interestExpense": {}, "incomeBeforeTax": -72105847, "incomeTaxExpense": -30642538, "minorityInterest": {}, "netIncomeFromContinuingOps": -41463309, "discontinuedOperations": {}, "extraordinaryItems": {}, "effectOfAccountingCharges": {}, "otherItems": {}, "netIncome": -41463309, "netIncomeApplicableToCommonShares": -41463309}, {"maxAge": 1, "endDate": "2019-03-31", "totalRevenue": 79995324, "costOfRevenue": 25763408, "grossProfit": 54231916, "researchDevelopment": {}, "sellingGeneralAdministrative": 9691737, "nonRecurring": {}, "otherOperatingExpenses": 3187292, "totalOperatingExpenses": 39810109, "operatingIncome": 40185215, "totalOtherIncomeExpenseNet": 368376, "ebit": 0, "interestExpense": {}, "incomeBeforeTax": 40553591, "incomeTaxExpense": 11570466, "minorityInterest": {}, "netIncomeFromContinuingOps": 28983125, "discontinuedOperations": {}, "extraordinaryItems": {}, "effectOfAccountingCharges": {}, "otherItems": {}, "netIncome": 28983125, "netIncomeApplicableToCommonShares": 28983125}, {"maxAge": 1, "endDate": "2018-03-31", "totalRevenue": 71662229, "costOfRevenue": 26476270, "grossProfit": 45185959, "researchDevelopment": {}, "sellingGeneralAdministrative": 11255542, "nonRecurring": {}, "otherOperatingExpenses": 3351352, "totalOperatingExpenses": 42264801, "operatingIncome": 29397428, "totalOtherIncomeExpenseNet": 0, "ebit": 0, "interestExpense": {}, "incomeBeforeTax": 29397428, "incomeTaxExpense": -35173, "minorityInterest": {}, "netIncomeFromContinuingOps": 29432601, "discontinuedOperations": {}, "extraordinaryItems": {}, "effectOfAccountingCharges": {}, "otherItems": {}, "netIncome": 29432601, "netIncomeApplicableToCommonShares": 29432601}, {"maxAge": 1, "endDate": "2017-03-31", "totalRevenue": 57373912, "costOfRevenue": 10354932, "grossProfit": 47018980, "researchDevelopment": {}, "sellingGeneralAdministrative": 7920433, "nonRecurring": {}, "otherOperatingExpenses": 3053968, "totalOperatingExpenses": 22546779, "operatingIncome": 34827133, "totalOtherIncomeExpenseNet": 0, "ebit": 0, "interestExpense": {}, "incomeBeforeTax": 34827133, "incomeTaxExpense": 3573130, "minorityInterest": {}, "netIncomeFromContinuingOps": 31254003, "discontinuedOperations": {}, "extraordinaryItems": {}, "effectOfAccountingCharges": {}, "otherItems": {}, "netIncome": 31254003, "netIncomeApplicableToCommonShares": 31254003}], "maxAge": 86400}, "fundOwnership": {"ownershipList": [], "maxAge": 1}, "summaryDetail": {"maxAge": 1, "priceHint": 2, "previousClose": 48.55, "open": 49.55, "dayLow": 48.55, "dayHigh": 49.55, "regularMarketPreviousClose": 48.55, "regularMarketOpen": 49.55, "regularMarketDayLow": 48.55, "regularMarketDayHigh": 49.55, "volume": 251, "regularMarketVolume": 251, "averageVolume": 62, "averageVolume10days": 30, "averageDailyVolume10Day": 30, "bid": 0.0, "ask": 48.55, "marketCap": 335330464, "fiftyTwoWeekLow": 39.0, "fiftyTwoWeekHigh": 57.3, "fiftyDayAverage": 41.810608, "twoHundredDayAverage": 47.866177, "currency": "INR", "fromCurrency": null, "lastMarket": null, "algorithm": null, "tradeable": false}, "incomeStatementHistoryQuarterly": {"incomeStatementHistory": [{"maxAge": 1, "endDate": "2016-03-31", "totalRevenue": 5160612, "costOfRevenue": 533539, "grossProfit": 4627073, "researchDevelopment": {}, "sellingGeneralAdministrative": 1618288, "nonRecurring": {}, "otherOperatingExpenses": 555747, "totalOperatingExpenses": 3010293, "operatingIncome": 2150319, "totalOtherIncomeExpenseNet": 0, "ebit": 0, "interestExpense": {}, "incomeBeforeTax": 2150319, "incomeTaxExpense": 2094696, "minorityInterest": {}, "netIncomeFromContinuingOps": 55623, "discontinuedOperations": {}, "extraordinaryItems": {}, "effectOfAccountingCharges": {}, "otherItems": {}, "netIncome": 55623, "netIncomeApplicableToCommonShares": 55623}, {"maxAge": 1, "endDate": "2015-12-31", "totalRevenue": 31780000, "costOfRevenue": 5816000, "grossProfit": 25964000, "researchDevelopment": {}, "sellingGeneralAdministrative": 1763000, "nonRecurring": {}, "otherOperatingExpenses": 920000, "totalOperatingExpenses": 8993000, "operatingIncome": 22787000, "totalOtherIncomeExpenseNet": 0, "ebit": 0, "interestExpense": {}, "incomeBeforeTax": 22787000, "incomeTaxExpense": 0, "minorityInterest": {}, "netIncomeFromContinuingOps": 22787000, "discontinuedOperations": {}, "extraordinaryItems": {}, "effectOfAccountingCharges": {}, "otherItems": {}, "netIncome": 22787000, "netIncomeApplicableToCommonShares": 22787000}, {"maxAge": 1, "endDate": "2015-09-30", "totalRevenue": 14330000, "costOfRevenue": 1682000, "grossProfit": 12648000, "researchDevelopment": {}, "sellingGeneralAdministrative": 1846000, "nonRecurring": {}, "otherOperatingExpenses": 1120000, "totalOperatingExpenses": 4912000, "operatingIncome": 9418000, "totalOtherIncomeExpenseNet": 0, "ebit": 0, "interestExpense": {}, "incomeBeforeTax": 9418000, "incomeTaxExpense": 0, "minorityInterest": {}, "netIncomeFromContinuingOps": 9418000, "discontinuedOperations": {}, "extraordinaryItems": {}, "effectOfAccountingCharges": {}, "otherItems": {}, "netIncome": 9418000, "netIncomeApplicableToCommonShares": 9418000}, {"maxAge": 1, "endDate": "2015-06-30", "totalRevenue": 8037000, "costOfRevenue": 386000, "grossProfit": 7651000, "researchDevelopment": {}, "sellingGeneralAdministrative": 1394000, "nonRecurring": {}, "otherOperatingExpenses": 1953000, "totalOperatingExpenses": 3985000, "operatingIncome": 4052000, "totalOtherIncomeExpenseNet": 0, "ebit": 0, "interestExpense": {}, "incomeBeforeTax": 4052000, "incomeTaxExpense": 0, "minorityInterest": {}, "netIncomeFromContinuingOps": 4052000, "discontinuedOperations": {}, "extraordinaryItems": {}, "effectOfAccountingCharges": {}, "otherItems": {}, "netIncome": 4052000, "netIncomeApplicableToCommonShares": 4052000}], "maxAge": 86400}, "cashflowStatementHistoryQuarterly": {"cashflowStatements": [{"maxAge": 1, "endDate": "2016-03-31", "netIncome": 55623, "changeToLiabilities": 0}, {"maxAge": 1, "endDate": "2015-12-31", "netIncome": 22787000, "changeToLiabilities": 0}, {"maxAge": 1, "endDate": "2015-09-30", "netIncome": 9418000, "changeToLiabilities": 0}, {"maxAge": 1, "endDate": "2015-06-30", "netIncome": 4052000, "changeToLiabilities": 0}], "maxAge": 86400}, "insiderHolders": {"holders": [], "maxAge": 1}, "calendarEvents": {"maxAge": 1, "earnings": {"earningsDate": ["2020-09-14 05:30:S"]}}, "upgradeDowngradeHistory": {"history": [], "maxAge": 86400}, "price": {"maxAge": 1, "regularMarketChangePercent": 0.0, "regularMarketChange": 0.0, "regularMarketTime": "2021-04-28 15:29:54", "priceHint": 2, "regularMarketPrice": 48.55, "regularMarketDayHigh": 49.55, "regularMarketDayLow": 48.55, "regularMarketVolume": 251, "averageDailyVolume10Day": 30, "averageDailyVolume3Month": 62, "regularMarketPreviousClose": 48.55, "regularMarketSource": "FREE_REALTIME", "regularMarketOpen": 49.55, "exchange": "BSE", "exchangeName": "BSE", "exchangeDataDelayedBy": 0, "marketState": "CLOSED", "quoteType": "EQUITY", "symbol": "SAUMYA.BO", "underlyingSymbol": null, "shortName": "Saumya Consultants Ltd.", "longName": "Saumya Consultants Limited", "currency": "INR", "quoteSourceName": "Delayed Quote", "currencySymbol": "\u20b9", "fromCurrency": null, "lastMarket": null, "marketCap": 335330464}, "balanceSheetHistory": {"balanceSheetStatements": [{"maxAge": 1, "endDate": "2020-03-31", "cash": 2042985, "netReceivables": 65263058, "otherCurrentAssets": 6248898, "totalCurrentAssets": 664551232, "longTermInvestments": 8954008, "propertyPlantEquipment": 5283713, "otherAssets": 25440328, "totalAssets": 704229281, "otherLiab": 9279443, "totalCurrentLiabilities": 5425993, "totalLiab": 14705436, "commonStock": 69069080, "retainedEarnings": 557549985, "treasuryStock": -95215, "capitalSurplus": 63000000, "otherStockholderEquity": -95215, "totalStockholderEquity": 689523850, "netTangibleAssets": 689523850}, {"maxAge": 1, "endDate": "2019-03-31", "cash": 3082487, "netReceivables": 76196497, "otherCurrentAssets": 1870115, "totalCurrentAssets": 735027645, "longTermInvestments": 8585631, "propertyPlantEquipment": 4253360, "otherAssets": 28133304, "totalAssets": 775999940, "otherLiab": 40936948, "totalCurrentLiabilities": 4060504, "totalLiab": 44997452, "commonStock": 69069080, "retainedEarnings": 599013295, "treasuryStock": -79883, "capitalSurplus": 63000000, "otherStockholderEquity": -79883, "totalStockholderEquity": 731002492, "netTangibleAssets": 731002492}, {"maxAge": 1, "endDate": "2018-03-31", "cash": 5131669, "netReceivables": 61623522, "otherCurrentAssets": 15093384, "totalCurrentAssets": 117147268, "longTermInvestments": 458601744, "propertyPlantEquipment": 5226869, "otherAssets": 28158257, "deferredLongTermAssetCharges": 454364, "totalAssets": 609134138, "shortLongTermDebt": 112390, "otherLiab": 12880415, "totalCurrentLiabilities": 4132795, "totalLiab": 17013210, "commonStock": 69069080, "retainedEarnings": 460051850, "capitalSurplus": 63000000, "totalStockholderEquity": 592120930, "netTangibleAssets": 592120930}, {"maxAge": 1, "endDate": "2017-03-31", "cash": 12272885, "netReceivables": 27467219, "otherCurrentAssets": 58604526, "totalCurrentAssets": 130944422, "longTermInvestments": 418904592, "propertyPlantEquipment": 6335506, "otherAssets": 27703893, "totalAssets": 583888413, "shortLongTermDebt": 1276647, "otherCurrentLiab": 3591499, "longTermDebt": 112390, "otherLiab": 12212760, "totalCurrentLiabilities": 8808102, "totalLiab": 21133252, "commonStock": 69069080, "retainedEarnings": 430686084, "capitalSurplus": 63000000, "totalStockholderEquity": 562755164, "netTangibleAssets": 562755164}], "maxAge": 86400}, "financialData": {"maxAge": 86400, "currentPrice": 48.55, "recommendationKey": "none", "grossProfits": -56698083, "financialCurrency": "INR"}}}