{"SAURASHCEM.BO": {"cashflowStatementHistory": {"cashflowStatements": [{"maxAge": 1, "endDate": "2020-03-31", "netIncome": 565058000, "depreciation": 190251000, "changeToNetincome": 250825000, "changeToAccountReceivables": -185490000, "changeToLiabilities": 36548000, "changeToInventory": -212422000, "changeToOperatingActivities": -21747000, "totalCashFromOperatingActivities": 623931000, "capitalExpenditures": -236643000, "investments": -205636000, "otherCashflowsFromInvestingActivities": 53452000, "totalCashflowsFromInvestingActivities": -383795000, "dividendsPaid": -121629000, "netBorrowings": -55988000, "otherCashflowsFromFinancingActivities": -56860000, "totalCashFromFinancingActivities": -232332000, "changeInCash": 7804000, "issuanceOfStock": 2145000}, {"maxAge": 1, "endDate": "2019-03-31", "netIncome": -49212000, "depreciation": 182864000, "changeToNetincome": -27172000, "changeToAccountReceivables": 31567000, "changeToLiabilities": 167458000, "changeToInventory": -221274000, "changeToOperatingActivities": 61858000, "totalCashFromOperatingActivities": 146579000, "capitalExpenditures": -314856000, "investments": 30510000, "otherCashflowsFromInvestingActivities": 125294000, "totalCashflowsFromInvestingActivities": -155974000, "dividendsPaid": -69191000, "netBorrowings": 149303000, "otherCashflowsFromFinancingActivities": -52949000, "totalCashFromFinancingActivities": 28786000, "changeInCash": 19391000, "issuanceOfStock": 1623000}, {"maxAge": 1, "endDate": "2018-03-31", "netIncome": 624627000, "depreciation": 163684000, "changeToNetincome": -313449000, "changeToAccountReceivables": -42925000, "changeToLiabilities": 3958000, "changeToInventory": 21057000, "changeToOperatingActivities": 34090000, "totalCashFromOperatingActivities": 492584000, "capitalExpenditures": -314320000, "investments": -115595000, "otherCashflowsFromInvestingActivities": 47685000, "totalCashflowsFromInvestingActivities": -373758000, "dividendsPaid": -69191000, "netBorrowings": -1129000, "otherCashflowsFromFinancingActivities": -48274000, "totalCashFromFinancingActivities": -118594000, "changeInCash": 232000, "issuanceOfStock": 1623000}, {"maxAge": 1, "endDate": "2017-03-31", "netIncome": 139077000, "depreciation": 151452000, "changeToNetincome": -59646000, "changeToAccountReceivables": -4087000, "changeToLiabilities": 302750000, "changeToInventory": -148681000, "changeToOperatingActivities": -40640000, "totalCashFromOperatingActivities": 342609000, "capitalExpenditures": -317594000, "investments": -115595000, "otherCashflowsFromInvestingActivities": 52638000, "totalCashflowsFromInvestingActivities": -254311000, "dividendsPaid": -54403000, "netBorrowings": -20545000, "otherCashflowsFromFinancingActivities": -80153000, "totalCashFromFinancingActivities": -65130000, "changeInCash": 23168000, "issuanceOfStock": 90000000}], "maxAge": 86400}, "institutionOwnership": {"maxAge": 1, "ownershipList": []}, "balanceSheetHistoryQuarterly": {"balanceSheetStatements": [{"maxAge": 1, "endDate": "2020-06-30", "totalStockholderEquity": 4509048000, "netTangibleAssets": 4507670000}, {"maxAge": 1, "endDate": "2020-03-31", "cash": 83808000, "shortTermInvestments": 478147000, "netReceivables": 362607000, "inventory": 1008581000, "otherCurrentAssets": 517962000, "totalCurrentAssets": 2451105000, "longTermInvestments": 35370000, "propertyPlantEquipment": 3887103000, "intangibleAssets": 1378000, "otherAssets": 262237000, "totalAssets": 6637193000, "accountsPayable": 546078000, "shortLongTermDebt": 31570000, "otherCurrentLiab": 446441000, "longTermDebt": 62029000, "otherLiab": 179043000, "totalCurrentLiabilities": 1870828000, "totalLiab": 2128145000, "commonStock": 695184000, "retainedEarnings": 2637404000, "treasuryStock": 95055000, "capitalSurplus": 1081405000, "otherStockholderEquity": 95055000, "totalStockholderEquity": 4509048000, "netTangibleAssets": 4507670000}, {"maxAge": 1, "endDate": "2019-12-31", "totalStockholderEquity": 4394394000, "netTangibleAssets": 4392558000}, {"maxAge": 1, "endDate": "2019-09-30", "cash": 701331000, "shortTermInvestments": 27378000, "netReceivables": 292743000, "inventory": 1009770000, "otherCurrentAssets": 76141000, "totalCurrentAssets": 2107363000, "longTermInvestments": 39374000, "propertyPlantEquipment": 3832273000, "intangibleAssets": 1836000, "otherAssets": 262478000, "totalAssets": 6243324000, "accountsPayable": 438082000, "otherCurrentLiab": 947488000, "longTermDebt": 34216000, "otherLiab": 129458000, "totalCurrentLiabilities": 1685256000, "totalLiab": 1848930000, "commonStock": 694834000, "treasuryStock": 3699560000, "otherStockholderEquity": 3699560000, "totalStockholderEquity": 4394394000, "netTangibleAssets": 4392558000}], "maxAge": 86400}, "indexTrend": {"maxAge": 1, "symbol": "SP5", "peRatio": 19.7411, "pegRatio": 1.34172, "estimates": [{"period": "0q", "growth": 0.549}, {"period": "+1q", "growth": 0.431}, {"period": "0y", "growth": 0.305}, {"period": "+1y", "growth": 0.109}, {"period": "+5y", "growth": 0.120859005}, {"period": "-5y"}]}, "insiderTransactions": {"transactions": [{"maxAge": 1, "shares": 2658167, "filerUrl": "", "transactionText": "", "filerName": "Villa Trading Co Pvt Ltd", "filerRelation": "Promoter", "moneyText": "", "startDate": "2017-10-04", "ownership": "D"}, {"maxAge": 1, "shares": 17175000, "filerUrl": "", "transactionText": "", "filerName": "Samja Mauritius, Ltd.", "filerRelation": "Institution- Corporation", "moneyText": "", "startDate": "2017-04-18", "ownership": "D"}, {"maxAge": 1, "shares": 2413000, "filerUrl": "", "transactionText": "", "filerName": "Villa Trading Co Pvt Ltd", "filerRelation": "Promoter", "moneyText": "", "startDate": "2016-03-21", "ownership": "D"}, {"maxAge": 1, "shares": 4800000, "filerUrl": "", "transactionText": "", "filerName": "Villa Trading Co Pvt Ltd", "filerRelation": "Promoter", "moneyText": "", "startDate": "2015-03-25", "ownership": "D"}, {"maxAge": 1, "shares": 1033669, "filerUrl": "", "transactionText": "", "filerName": "Mauritius Debt Management Ltd", "filerRelation": "Institution- Corporation", "moneyText": "", "startDate": "2015-01-22", "ownership": "D"}], "maxAge": 1}, "quoteType": {"exchange": "BSE", "quoteType": "EQUITY", "symbol": "SAURASHCEM.BO", "underlyingSymbol": "SAURASHCEM.BO", "shortName": "SAURASHTRA CEMENT LTD.", "longName": "Saurashtra Cement Limited", "firstTradeDateEpochUtc": "2000-01-03 09:15:00", "timeZoneFullName": "Asia/Kolkata", "timeZoneShortName": "IST", "uuid": "5ebf9f55-8dee-347e-942d-17c6cd301ec0", "messageBoardId": null, "gmtOffSetMilliseconds": 19800000, "maxAge": 1}, "incomeStatementHistory": {"incomeStatementHistory": [{"maxAge": 1, "endDate": "2020-03-31", "totalRevenue": 6081836000, "costOfRevenue": 742142000, "grossProfit": 5339694000, "researchDevelopment": {}, "sellingGeneralAdministrative": 618883000, "nonRecurring": {}, "otherOperatingExpenses": 3617437000, "totalOperatingExpenses": 5175285000, "operatingIncome": 906551000, "totalOtherIncomeExpenseNet": -133160000, "ebit": 906551000, "interestExpense": -44622000, "incomeBeforeTax": 773391000, "incomeTaxExpense": 208333000, "minorityInterest": {}, "netIncomeFromContinuingOps": 565058000, "discontinuedOperations": {}, "extraordinaryItems": {}, "effectOfAccountingCharges": {}, "otherItems": {}, "netIncome": 565058000, "netIncomeApplicableToCommonShares": 565058000}, {"maxAge": 1, "endDate": "2019-03-31", "totalRevenue": 6217003000, "costOfRevenue": 1244756000, "grossProfit": 4972247000, "researchDevelopment": {}, "sellingGeneralAdministrative": 640913000, "nonRecurring": {}, "otherOperatingExpenses": 4274279000, "totalOperatingExpenses": 6343302000, "operatingIncome": -126299000, "totalOtherIncomeExpenseNet": 58512000, "ebit": -126299000, "interestExpense": -47371000, "incomeBeforeTax": -67787000, "incomeTaxExpense": -18575000, "minorityInterest": {}, "netIncomeFromContinuingOps": -49212000, "discontinuedOperations": {}, "extraordinaryItems": {}, "effectOfAccountingCharges": {}, "otherItems": {}, "netIncome": -49212000, "netIncomeApplicableToCommonShares": -49212000}, {"maxAge": 1, "endDate": "2018-03-31", "totalRevenue": 5736503000, "costOfRevenue": 771918000, "grossProfit": 4964585000, "researchDevelopment": {}, "sellingGeneralAdministrative": 589657000, "nonRecurring": {}, "otherOperatingExpenses": 3770708000, "totalOperatingExpenses": 5322161000, "operatingIncome": 414342000, "totalOtherIncomeExpenseNet": 50212000, "ebit": 414342000, "interestExpense": -34068000, "incomeBeforeTax": 464554000, "incomeTaxExpense": -160073000, "minorityInterest": {}, "netIncomeFromContinuingOps": 624627000, "discontinuedOperations": {}, "extraordinaryItems": {}, "effectOfAccountingCharges": {}, "otherItems": {}, "netIncome": 624627000, "netIncomeApplicableToCommonShares": 624627000}, {"maxAge": 1, "endDate": "2017-03-31", "totalRevenue": 4701853000, "costOfRevenue": 744044000, "grossProfit": 3957809000, "researchDevelopment": {}, "sellingGeneralAdministrative": 528388000, "nonRecurring": {}, "otherOperatingExpenses": 3101138000, "totalOperatingExpenses": 4527405000, "operatingIncome": 174448000, "totalOtherIncomeExpenseNet": 36901000, "ebit": 174448000, "interestExpense": -36479000, "incomeBeforeTax": 211349000, "incomeTaxExpense": 72272000, "minorityInterest": {}, "netIncomeFromContinuingOps": 139077000, "discontinuedOperations": {}, "extraordinaryItems": {}, "effectOfAccountingCharges": {}, "otherItems": {}, "netIncome": 139077000, "netIncomeApplicableToCommonShares": 139077000}], "maxAge": 86400}, "fundOwnership": {"maxAge": 1, "ownershipList": []}, "summaryDetail": {"maxAge": 1, "priceHint": 2, "previousClose": 61.55, "open": 62.95, "dayLow": 61.25, "dayHigh": 64.85, "regularMarketPreviousClose": 61.55, "regularMarketOpen": 62.95, "regularMarketDayLow": 61.25, "regularMarketDayHigh": 64.85, "trailingPE": 8.936716, "volume": 67957, "regularMarketVolume": 67957, "averageVolume": 112500, "averageVolume10days": 34054, "averageDailyVolume10Day": 34054, "bid": 62.75, "ask": 63.35, "bidSize": 0, "askSize": 0, "marketCap": 4366164480, "fiftyTwoWeekLow": 23.0, "fiftyTwoWeekHigh": 68.5, "fiftyDayAverage": 60.29, "twoHundredDayAverage": 48.290512, "trailingAnnualDividendRate": 1.75, "trailingAnnualDividendYield": 0.02843217, "currency": "INR", "fromCurrency": null, "toCurrency": null, "lastMarket": null, "algorithm": null, "tradeable": false}, "incomeStatementHistoryQuarterly": {"incomeStatementHistory": [{"maxAge": 1, "endDate": "2020-06-30", "totalRevenue": 974672000, "costOfRevenue": 25544000, "grossProfit": 949128000, "researchDevelopment": {}, "sellingGeneralAdministrative": 91649000, "nonRecurring": {}, "otherOperatingExpenses": 713913000, "totalOperatingExpenses": 880111000, "operatingIncome": 94561000, "totalOtherIncomeExpenseNet": 16383000, "ebit": 94561000, "interestExpense": -9176000, "incomeBeforeTax": 110944000, "incomeTaxExpense": 28450000, "minorityInterest": {}, "netIncomeFromContinuingOps": 82494000, "discontinuedOperations": {}, "extraordinaryItems": {}, "effectOfAccountingCharges": {}, "otherItems": {}, "netIncome": 82494000, "netIncomeApplicableToCommonShares": 82494000}, {"maxAge": 1, "endDate": "2020-03-31", "totalRevenue": 1769251000, "costOfRevenue": 487710000, "grossProfit": 1281541000, "researchDevelopment": {}, "sellingGeneralAdministrative": 269964000, "nonRecurring": {}, "otherOperatingExpenses": 685562000, "totalOperatingExpenses": 1502970000, "operatingIncome": 266281000, "totalOtherIncomeExpenseNet": -157030000, "ebit": 266281000, "interestExpense": -12897000, "incomeBeforeTax": 109251000, "incomeTaxExpense": 43083000, "minorityInterest": {}, "netIncomeFromContinuingOps": 66168000, "discontinuedOperations": {}, "extraordinaryItems": {}, "effectOfAccountingCharges": {}, "otherItems": {}, "netIncome": 66168000, "netIncomeApplicableToCommonShares": 66168000}, {"maxAge": 1, "endDate": "2019-12-31", "totalRevenue": 1521872000, "costOfRevenue": 129035000, "grossProfit": 1392837000, "researchDevelopment": {}, "sellingGeneralAdministrative": 118145000, "nonRecurring": {}, "otherOperatingExpenses": 973484000, "totalOperatingExpenses": 1268635000, "operatingIncome": 253237000, "totalOtherIncomeExpenseNet": 6485000, "ebit": 253237000, "interestExpense": -11049000, "incomeBeforeTax": 259722000, "incomeTaxExpense": 70411000, "minorityInterest": {}, "netIncomeFromContinuingOps": 189311000, "discontinuedOperations": {}, "extraordinaryItems": {}, "effectOfAccountingCharges": {}, "otherItems": {}, "netIncome": 189311000, "netIncomeApplicableToCommonShares": 189311000}, {"maxAge": 1, "endDate": "2019-09-30", "totalRevenue": 1283005000, "costOfRevenue": 62018000, "grossProfit": 1220987000, "researchDevelopment": {}, "sellingGeneralAdministrative": 112387000, "nonRecurring": {}, "otherOperatingExpenses": 868731000, "totalOperatingExpenses": 1084753000, "operatingIncome": 198252000, "totalOtherIncomeExpenseNet": 9840000, "ebit": 198252000, "interestExpense": -8249000, "incomeBeforeTax": 208092000, "incomeTaxExpense": 54598000, "minorityInterest": {}, "netIncomeFromContinuingOps": 153494000, "discontinuedOperations": {}, "extraordinaryItems": {}, "effectOfAccountingCharges": {}, "otherItems": {}, "netIncome": 153494000, "netIncomeApplicableToCommonShares": 153494000}], "maxAge": 86400}, "cashflowStatementHistoryQuarterly": {"cashflowStatements": [{"maxAge": 1, "endDate": "2020-06-30", "netIncome": 82494000, "changeToLiabilities": 0}, {"maxAge": 1, "endDate": "2020-03-31", "netIncome": 66168000, "changeToLiabilities": 0}, {"maxAge": 1, "endDate": "2019-12-31", "netIncome": 189311000, "changeToLiabilities": 0}, {"maxAge": 1, "endDate": "2019-09-30", "netIncome": 153494000, "changeToLiabilities": 0}], "maxAge": 86400}, "insiderHolders": {"holders": [{"maxAge": 1, "name": "Mauritius Debt Management Ltd", "relation": "Institution- Corporation", "url": "", "transactionDescription": "Sale", "latestTransDate": "2015-01-22", "positionDirect": 6333586, "positionDirectDate": "2015-01-22"}, {"maxAge": 1, "name": "Samja Mauritius, Ltd.", "relation": "Institution- Corporation", "url": "", "transactionDescription": "Purchase", "latestTransDate": "2017-04-18", "positionDirect": 17175000, "positionDirectDate": "2017-04-18"}, {"maxAge": 1, "name": "Villa Trading Co Pvt Ltd", "relation": "Promoter", "url": "", "transactionDescription": "Sale", "latestTransDate": "2017-10-04", "positionDirect": 13658167, "positionDirectDate": "2017-10-04"}], "maxAge": 1}, "calendarEvents": {"maxAge": 1, "earnings": {"earningsDate": []}}, "price": {"maxAge": 1, "regularMarketChangePercent": 0.018684022, "regularMarketChange": 1.1500015, "regularMarketTime": "2021-04-30 15:29:45", "priceHint": 2, "regularMarketPrice": 62.7, "regularMarketDayHigh": 64.85, "regularMarketDayLow": 61.25, "regularMarketVolume": 67957, "averageDailyVolume10Day": 34054, "averageDailyVolume3Month": 112500, "regularMarketPreviousClose": 61.55, "regularMarketSource": "FREE_REALTIME", "regularMarketOpen": 62.95, "exchange": "BSE", "exchangeName": "BSE", "exchangeDataDelayedBy": 0, "marketState": "CLOSED", "quoteType": "EQUITY", "symbol": "SAURASHCEM.BO", "underlyingSymbol": null, "shortName": "SAURASHTRA CEMENT LTD.", "longName": "Saurashtra Cement Limited", "currency": "INR", "quoteSourceName": "Delayed Quote", "currencySymbol": "\u20b9", "fromCurrency": null, "toCurrency": null, "lastMarket": null, "marketCap": 4366164480}, "balanceSheetHistory": {"balanceSheetStatements": [{"maxAge": 1, "endDate": "2020-03-31", "cash": 83808000, "shortTermInvestments": 478147000, "netReceivables": 362607000, "inventory": 1008581000, "otherCurrentAssets": 517962000, "totalCurrentAssets": 2451105000, "longTermInvestments": 35370000, "propertyPlantEquipment": 3887103000, "intangibleAssets": 1378000, "otherAssets": 262237000, "totalAssets": 6637193000, "accountsPayable": 546078000, "shortLongTermDebt": 31570000, "otherCurrentLiab": 446441000, "longTermDebt": 62029000, "otherLiab": 179043000, "totalCurrentLiabilities": 1870828000, "totalLiab": 2128145000, "commonStock": 695184000, "retainedEarnings": 2637404000, "treasuryStock": 95055000, "capitalSurplus": 1081405000, "otherStockholderEquity": 95055000, "totalStockholderEquity": 4509048000, "netTangibleAssets": 4507670000}, {"maxAge": 1, "endDate": "2019-03-31", "cash": 76004000, "shortTermInvestments": 112888000, "netReceivables": 177915000, "inventory": 793549000, "otherCurrentAssets": 652468000, "totalCurrentAssets": 1812824000, "longTermInvestments": 53204000, "propertyPlantEquipment": 3854994000, "intangibleAssets": 1283000, "otherAssets": 246881000, "deferredLongTermAssetCharges": 18843000, "totalAssets": 5969186000, "accountsPayable": 634624000, "shortLongTermDebt": 20960000, "otherCurrentLiab": 344441000, "longTermDebt": 40175000, "otherLiab": 124006000, "totalCurrentLiabilities": 1722295000, "totalLiab": 1886476000, "commonStock": 693373000, "retainedEarnings": 2224257000, "treasuryStock": 97360000, "capitalSurplus": 1067720000, "otherStockholderEquity": 97360000, "totalStockholderEquity": 4082710000, "netTangibleAssets": 4081427000}, {"maxAge": 1, "endDate": "2018-03-31", "cash": 56613000, "shortTermInvestments": 129978000, "netReceivables": 247125000, "inventory": 621874000, "otherCurrentAssets": 694060000, "totalCurrentAssets": 1749650000, "longTermInvestments": 61436000, "propertyPlantEquipment": 3772005000, "intangibleAssets": 723000, "otherAssets": 160341000, "totalAssets": 5744155000, "accountsPayable": 521757000, "shortLongTermDebt": 11328000, "otherCurrentLiab": 329874000, "longTermDebt": 29568000, "otherLiab": 119590000, "totalCurrentLiabilities": 1439219000, "totalLiab": 1588377000, "commonStock": 691911000, "retainedEarnings": 2360345000, "treasuryStock": 46851000, "capitalSurplus": 1056671000, "otherStockholderEquity": 46851000, "totalStockholderEquity": 4155778000, "netTangibleAssets": 4155055000}, {"maxAge": 1, "endDate": "2017-03-31", "cash": 56381000, "shortTermInvestments": 267121000, "netReceivables": 202339000, "inventory": 632050000, "otherCurrentAssets": 473677000, "totalCurrentAssets": 1631568000, "longTermInvestments": 61897000, "propertyPlantEquipment": 3650886000, "intangibleAssets": 2042000, "otherAssets": 174344000, "totalAssets": 5520737000, "accountsPayable": 507383000, "shortLongTermDebt": 5239000, "otherCurrentLiab": 270706000, "longTermDebt": 21218000, "otherLiab": 375667000, "totalCurrentLiabilities": 1519533000, "totalLiab": 1916418000, "commonStock": 691911000, "retainedEarnings": 1568472000, "treasuryStock": 287265000, "capitalSurplus": 1056671000, "otherStockholderEquity": 287265000, "totalStockholderEquity": 3604319000, "netTangibleAssets": 3602277000}], "maxAge": 86400}, "financialData": {"maxAge": 86400, "currentPrice": 62.7, "recommendationKey": "none", "grossProfits": 5339694000, "financialCurrency": "INR"}}}