{"SAVERA.BO": {"cashflowStatementHistory": {"cashflowStatements": [{"maxAge": 1, "endDate": "2020-03-31", "netIncome": 42774000, "depreciation": 45816000, "changeToNetincome": 2632000, "changeToAccountReceivables": 3681000, "changeToLiabilities": -5579000, "changeToInventory": -504000, "changeToOperatingActivities": 9005000, "totalCashFromOperatingActivities": 97826000, "capitalExpenditures": -7816000, "investments": -27689000, "otherCashflowsFromInvestingActivities": 3042000, "totalCashflowsFromInvestingActivities": -32036000, "dividendsPaid": -16699000, "netBorrowings": -33891000, "otherCashflowsFromFinancingActivities": -8976000, "totalCashFromFinancingActivities": -59566000, "changeInCash": 6224000}, {"maxAge": 1, "endDate": "2019-03-31", "netIncome": 62821000, "depreciation": 34744000, "changeToNetincome": 407000, "changeToAccountReceivables": 4821000, "changeToLiabilities": 19363000, "changeToInventory": 971000, "changeToOperatingActivities": -29483000, "totalCashFromOperatingActivities": 93644000, "capitalExpenditures": -17280000, "investments": -10020000, "otherCashflowsFromInvestingActivities": 4952000, "totalCashflowsFromInvestingActivities": -18248000, "dividendsPaid": -27435000, "netBorrowings": -35980000, "otherCashflowsFromFinancingActivities": -10517000, "totalCashFromFinancingActivities": -73932000, "changeInCash": 1464000}, {"maxAge": 1, "endDate": "2018-03-31", "netIncome": 51340000, "depreciation": 36039000, "changeToNetincome": -817000, "changeToAccountReceivables": 3410000, "changeToLiabilities": -324000, "changeToInventory": -1044000, "changeToOperatingActivities": 22247000, "totalCashFromOperatingActivities": 110851000, "capitalExpenditures": -12332000, "investments": 8841000, "otherCashflowsFromInvestingActivities": 2928000, "totalCashflowsFromInvestingActivities": -563000, "dividendsPaid": -32206000, "netBorrowings": -61879000, "otherCashflowsFromFinancingActivities": -16965000, "totalCashFromFinancingActivities": -111050000, "changeInCash": -762000}, {"maxAge": 1, "endDate": "2017-03-31", "netIncome": 31376000, "depreciation": 44958000, "changeToNetincome": 22281000, "changeToAccountReceivables": -5858000, "changeToLiabilities": 1826000, "changeToInventory": -194000, "changeToOperatingActivities": 9392000, "totalCashFromOperatingActivities": 103781000, "capitalExpenditures": -49463000, "investments": 11841000, "otherCashflowsFromInvestingActivities": 2807000, "totalCashflowsFromInvestingActivities": -34350000, "dividendsPaid": -5337000, "netBorrowings": -47285000, "otherCashflowsFromFinancingActivities": -16988000, "totalCashFromFinancingActivities": -69610000, "changeInCash": -179000}], "maxAge": 86400}, "institutionOwnership": {"maxAge": 1, "ownershipList": []}, "balanceSheetHistoryQuarterly": {"balanceSheetStatements": [{"maxAge": 1, "endDate": "2020-06-30"}, {"maxAge": 1, "endDate": "2020-03-31", "cash": 25479000, "shortTermInvestments": 40649000, "netReceivables": 24550000, "inventory": 2617000, "otherCurrentAssets": 13960000, "totalCurrentAssets": 113013000, "longTermInvestments": 17259000, "propertyPlantEquipment": 586563000, "intangibleAssets": 297000, "otherAssets": 11299000, "totalAssets": 728431000, "accountsPayable": 11955000, "otherCurrentLiab": 18977000, "otherLiab": 17662000, "totalCurrentLiabilities": 81855000, "totalLiab": 120889000, "commonStock": 119280000, "retainedEarnings": 477988000, "treasuryStock": 10274000, "otherStockholderEquity": 10274000, "totalStockholderEquity": 607542000, "netTangibleAssets": 607245000}, {"maxAge": 1, "endDate": "2019-12-31", "totalStockholderEquity": 608244000, "netTangibleAssets": 608182000}, {"maxAge": 1, "endDate": "2019-09-30", "cash": 61509000, "netReceivables": 28984000, "inventory": 1886000, "otherCurrentAssets": 11548000, "totalCurrentAssets": 103927000, "longTermInvestments": 33157000, "propertyPlantEquipment": 608665000, "intangibleAssets": 62000, "otherAssets": 8131000, "totalAssets": 753942000, "accountsPayable": 12918000, "otherCurrentLiab": 47735000, "longTermDebt": 5854000, "otherLiab": 19205000, "totalCurrentLiabilities": 98999000, "totalLiab": 145698000, "commonStock": 119280000, "treasuryStock": 488964000, "otherStockholderEquity": 488964000, "totalStockholderEquity": 608244000, "netTangibleAssets": 608182000}], "maxAge": 86400}, "indexTrend": {"maxAge": 1, "symbol": "SP5", "peRatio": 19.7411, "pegRatio": 1.34172, "estimates": [{"period": "0q", "growth": 0.549}, {"period": "+1q", "growth": 0.431}, {"period": "0y", "growth": 0.305}, {"period": "+1y", "growth": 0.109}, {"period": "+5y", "growth": 0.120859005}, {"period": "-5y"}]}, "insiderTransactions": {"transactions": [{"maxAge": 1, "shares": 19600, "filerUrl": "", "transactionText": "", "filerName": "Amaravathi Restaurants Pvt Ltd", "filerRelation": "Promoter", "moneyText": "", "startDate": "2016-03-23", "ownership": "D"}, {"maxAge": 1, "shares": 19600, "filerUrl": "", "transactionText": "", "filerName": "Shyam Enterprises Pvt Ltd", "filerRelation": "Promoter", "moneyText": "", "startDate": "2016-03-23", "ownership": "D"}, {"maxAge": 1, "shares": 25000, "filerUrl": "", "transactionText": "", "filerName": "Amaravathi Restaurants Pvt Ltd", "filerRelation": "Promoter", "moneyText": "", "startDate": "2016-03-22", "ownership": "D"}, {"maxAge": 1, "shares": 25000, "filerUrl": "", "transactionText": "", "filerName": "Shyam Enterprises Pvt Ltd", "filerRelation": "Promoter", "moneyText": "", "startDate": "2016-03-22", "ownership": "D"}, {"maxAge": 1, "shares": 37000, "filerUrl": "", "transactionText": "", "filerName": "Amaravathi Restaurants Pvt Ltd", "filerRelation": "Promoter", "moneyText": "", "startDate": "2016-03-21", "ownership": "D"}, {"maxAge": 1, "shares": 37000, "filerUrl": "", "transactionText": "", "filerName": "Shyam Enterprises Pvt Ltd", "filerRelation": "Promoter", "moneyText": "", "startDate": "2016-03-21", "ownership": "D"}, {"maxAge": 1, "shares": 25000, "filerUrl": "", "transactionText": "", "filerName": "Amaravathi Restaurants Pvt Ltd", "filerRelation": "Promoter", "moneyText": "", "startDate": "2016-03-18", "ownership": "D"}, {"maxAge": 1, "shares": 25000, "filerUrl": "", "transactionText": "", "filerName": "Shyam Enterprises Pvt Ltd", "filerRelation": "Promoter", "moneyText": "", "startDate": "2016-03-18", "ownership": "D"}, {"maxAge": 1, "shares": 3594, "filerUrl": "", "transactionText": "", "filerName": "Amaravathi Restaurants Pvt Ltd", "filerRelation": "Promoter", "moneyText": "", "startDate": "2016-03-17", "ownership": "D"}, {"maxAge": 1, "shares": 25000, "filerUrl": "", "transactionText": "", "filerName": "Shyam Enterprises Pvt Ltd", "filerRelation": "Promoter", "moneyText": "", "startDate": "2016-03-17", "ownership": "D"}, {"maxAge": 1, "shares": 1000, "filerUrl": "", "transactionText": "", "filerName": "Naidu (Dayakar R)", "filerRelation": "UNREPORTED", "moneyText": "", "startDate": "2014-08-13", "ownership": "D"}, {"maxAge": 1, "shares": 20000, "filerUrl": "", "transactionText": "", "filerName": "Amaravathi Restaurants Pvt Ltd", "filerRelation": "Promoter", "moneyText": "", "startDate": "2012-05-15", "ownership": "D"}, {"maxAge": 1, "shares": 198958, "filerUrl": "", "transactionText": "", "filerName": "Amaravathi Restaurants Pvt Ltd", "filerRelation": "Promoter", "moneyText": "", "startDate": "2012-03-21", "ownership": "D"}, {"maxAge": 1, "shares": 16244, "filerUrl": "", "transactionText": "", "filerName": "Amaravathi Restaurants Pvt Ltd", "filerRelation": "Promoter", "moneyText": "", "startDate": "2011-11-18", "ownership": "D"}], "maxAge": 1}, "quoteType": {"exchange": "BSE", "quoteType": "EQUITY", "symbol": "SAVERA.BO", "underlyingSymbol": "SAVERA.BO", "shortName": "SAVERA INDUSTRIES LTD.", "longName": "Savera Industries Limited", "firstTradeDateEpochUtc": "2002-07-01 09:15:00", "timeZoneFullName": "Asia/Kolkata", "timeZoneShortName": "IST", "uuid": "db394dfa-56ed-3b82-98b5-49236c372b9f", "messageBoardId": null, "gmtOffSetMilliseconds": 19800000, "maxAge": 1}, "incomeStatementHistory": {"incomeStatementHistory": [{"maxAge": 1, "endDate": "2020-03-31", "totalRevenue": 672846000, "costOfRevenue": 376930000, "grossProfit": 295916000, "researchDevelopment": {}, "sellingGeneralAdministrative": 186673000, "nonRecurring": {}, "otherOperatingExpenses": {}, "totalOperatingExpenses": 609708000, "operatingIncome": 63138000, "totalOtherIncomeExpenseNet": -4100000, "ebit": 63138000, "interestExpense": -5544000, "incomeBeforeTax": 59038000, "incomeTaxExpense": 16264000, "minorityInterest": {}, "netIncomeFromContinuingOps": 42774000, "discontinuedOperations": {}, "extraordinaryItems": {}, "effectOfAccountingCharges": {}, "otherItems": {}, "netIncome": 42774000, "netIncomeApplicableToCommonShares": 42774000}, {"maxAge": 1, "endDate": "2019-03-31", "totalRevenue": 718715000, "costOfRevenue": 378001000, "grossProfit": 340714000, "researchDevelopment": {}, "sellingGeneralAdministrative": 212312000, "nonRecurring": {}, "otherOperatingExpenses": {}, "totalOperatingExpenses": 627179000, "operatingIncome": 91536000, "totalOtherIncomeExpenseNet": 1105000, "ebit": 91536000, "interestExpense": -5112000, "incomeBeforeTax": 92641000, "incomeTaxExpense": 29820000, "minorityInterest": {}, "netIncomeFromContinuingOps": 62821000, "discontinuedOperations": {}, "extraordinaryItems": {}, "effectOfAccountingCharges": {}, "otherItems": {}, "netIncome": 62821000, "netIncomeApplicableToCommonShares": 62821000}, {"maxAge": 1, "endDate": "2018-03-31", "totalRevenue": 724287000, "costOfRevenue": 401622000, "grossProfit": 322665000, "researchDevelopment": {}, "sellingGeneralAdministrative": 203163000, "nonRecurring": {}, "otherOperatingExpenses": {}, "totalOperatingExpenses": 641757000, "operatingIncome": 82530000, "totalOtherIncomeExpenseNet": -14537000, "ebit": 82530000, "interestExpense": -11016000, "incomeBeforeTax": 67993000, "incomeTaxExpense": 16653000, "minorityInterest": {}, "netIncomeFromContinuingOps": 51340000, "discontinuedOperations": {}, "extraordinaryItems": {}, "effectOfAccountingCharges": {}, "otherItems": {}, "netIncome": 51340000, "netIncomeApplicableToCommonShares": 51340000}, {"maxAge": 1, "endDate": "2017-03-31", "totalRevenue": 681357000, "costOfRevenue": 361227000, "grossProfit": 320130000, "researchDevelopment": {}, "sellingGeneralAdministrative": 195499000, "nonRecurring": {}, "otherOperatingExpenses": {}, "totalOperatingExpenses": 601684000, "operatingIncome": 79673000, "totalOtherIncomeExpenseNet": -26461000, "ebit": 79673000, "interestExpense": -16987000, "incomeBeforeTax": 53212000, "incomeTaxExpense": 21836000, "minorityInterest": {}, "netIncomeFromContinuingOps": 31376000, "discontinuedOperations": {}, "extraordinaryItems": {}, "effectOfAccountingCharges": {}, "otherItems": {}, "netIncome": 31376000, "netIncomeApplicableToCommonShares": 31376000}], "maxAge": 86400}, "fundOwnership": {"maxAge": 1, "ownershipList": []}, "summaryDetail": {"maxAge": 1, "priceHint": 2, "previousClose": 43.65, "open": 44.0, "dayLow": 43.1, "dayHigh": 45.75, "regularMarketPreviousClose": 43.65, "regularMarketOpen": 44.0, "regularMarketDayLow": 43.1, "regularMarketDayHigh": 45.75, "trailingPE": 88.36978, "volume": 604, "regularMarketVolume": 604, "averageVolume": 5407, "averageVolume10days": 1851, "averageDailyVolume10Day": 1851, "bid": 44.0, "ask": 44.45, "bidSize": 0, "askSize": 0, "marketCap": 530199616, "fiftyTwoWeekLow": 28.3, "fiftyTwoWeekHigh": 52.0, "fiftyDayAverage": 41.35, "twoHundredDayAverage": 36.83102, "trailingAnnualDividendRate": 1.2, "trailingAnnualDividendYield": 0.02749141, "currency": "INR", "fromCurrency": null, "toCurrency": null, "lastMarket": null, "algorithm": null, "tradeable": false}, "incomeStatementHistoryQuarterly": {"incomeStatementHistory": [{"maxAge": 1, "endDate": "2020-06-30", "totalRevenue": 17054000, "costOfRevenue": 23340000, "grossProfit": -6286000, "researchDevelopment": {}, "sellingGeneralAdministrative": 13196000, "nonRecurring": {}, "otherOperatingExpenses": {}, "totalOperatingExpenses": 47556000, "operatingIncome": -30502000, "totalOtherIncomeExpenseNet": 1820000, "ebit": -30502000, "interestExpense": -939000, "incomeBeforeTax": -28682000, "incomeTaxExpense": -2165000, "minorityInterest": {}, "netIncomeFromContinuingOps": -26517000, "discontinuedOperations": {}, "extraordinaryItems": {}, "effectOfAccountingCharges": {}, "otherItems": {}, "netIncome": -26517000, "netIncomeApplicableToCommonShares": -26517000}, {"maxAge": 1, "endDate": "2020-03-31", "totalRevenue": 149457000, "costOfRevenue": 134628000, "grossProfit": 14829000, "researchDevelopment": {}, "sellingGeneralAdministrative": -1036000, "nonRecurring": {}, "otherOperatingExpenses": {}, "totalOperatingExpenses": 144474000, "operatingIncome": 4983000, "totalOtherIncomeExpenseNet": -3064000, "ebit": 4983000, "interestExpense": -1012000, "incomeBeforeTax": 1919000, "incomeTaxExpense": -12000, "minorityInterest": {}, "netIncomeFromContinuingOps": 1931000, "discontinuedOperations": {}, "extraordinaryItems": {}, "effectOfAccountingCharges": {}, "otherItems": {}, "netIncome": 1931000, "netIncomeApplicableToCommonShares": 1931000}, {"maxAge": 1, "endDate": "2019-12-31", "totalRevenue": 177370000, "costOfRevenue": 79625000, "grossProfit": 97745000, "researchDevelopment": {}, "sellingGeneralAdministrative": 59466000, "nonRecurring": {}, "otherOperatingExpenses": {}, "totalOperatingExpenses": 151328000, "operatingIncome": 26042000, "totalOtherIncomeExpenseNet": -600000, "ebit": 26042000, "interestExpense": -1326000, "incomeBeforeTax": 25442000, "incomeTaxExpense": 7703000, "minorityInterest": {}, "netIncomeFromContinuingOps": 17739000, "discontinuedOperations": {}, "extraordinaryItems": {}, "effectOfAccountingCharges": {}, "otherItems": {}, "netIncome": 17739000, "netIncomeApplicableToCommonShares": 17739000}, {"maxAge": 1, "endDate": "2019-09-30", "totalRevenue": 177825000, "costOfRevenue": 84615000, "grossProfit": 93210000, "researchDevelopment": {}, "sellingGeneralAdministrative": 64417000, "nonRecurring": {}, "otherOperatingExpenses": {}, "totalOperatingExpenses": 159689000, "operatingIncome": 18136000, "totalOtherIncomeExpenseNet": -461000, "ebit": 18136000, "interestExpense": -1367000, "incomeBeforeTax": 17675000, "incomeTaxExpense": 4826000, "minorityInterest": {}, "netIncomeFromContinuingOps": 12849000, "discontinuedOperations": {}, "extraordinaryItems": {}, "effectOfAccountingCharges": {}, "otherItems": {}, "netIncome": 12849000, "netIncomeApplicableToCommonShares": 12849000}], "maxAge": 86400}, "cashflowStatementHistoryQuarterly": {"cashflowStatements": [{"maxAge": 1, "endDate": "2020-06-30", "netIncome": -26517000, "changeToLiabilities": 0}, {"maxAge": 1, "endDate": "2020-03-31", "netIncome": 1931000, "changeToLiabilities": 0}, {"maxAge": 1, "endDate": "2019-12-31", "netIncome": 17739000, "changeToLiabilities": 0}, {"maxAge": 1, "endDate": "2019-09-30", "netIncome": 12849000, "changeToLiabilities": 0}], "maxAge": 86400}, "insiderHolders": {"holders": [{"maxAge": 1, "name": "Amaravathi Restaurants Pvt Ltd", "relation": "Promoter", "url": "", "transactionDescription": "Sale", "latestTransDate": "2016-03-23", "positionDirect": 207293, "positionDirectDate": "2016-03-23"}, {"maxAge": 1, "name": "Naidu (Dayakar R)", "relation": "UNREPORTED", "url": "", "transactionDescription": "Acquisition", "latestTransDate": "2014-08-13", "positionDirect": 1000, "positionDirectDate": "2014-08-13"}, {"maxAge": 1, "name": "Shyam Enterprises Pvt Ltd", "relation": "Promoter", "url": "", "transactionDescription": "Acquisition", "latestTransDate": "2016-03-23", "positionDirect": 365800, "positionDirectDate": "2016-03-23"}], "maxAge": 1}, "calendarEvents": {"maxAge": 1, "earnings": {"earningsDate": ["2020-08-13 05:30:S"]}}, "price": {"maxAge": 1, "regularMarketChangePercent": 0.018327588, "regularMarketChange": 0.79999924, "regularMarketTime": "2021-04-30 15:44:29", "priceHint": 2, "regularMarketPrice": 44.45, "regularMarketDayHigh": 45.75, "regularMarketDayLow": 43.1, "regularMarketVolume": 604, "averageDailyVolume10Day": 1851, "averageDailyVolume3Month": 5407, "regularMarketPreviousClose": 43.65, "regularMarketSource": "FREE_REALTIME", "regularMarketOpen": 44.0, "exchange": "BSE", "exchangeName": "BSE", "exchangeDataDelayedBy": 0, "marketState": "CLOSED", "quoteType": "EQUITY", "symbol": "SAVERA.BO", "underlyingSymbol": null, "shortName": "SAVERA INDUSTRIES LTD.", "longName": "Savera Industries Limited", "currency": "INR", "quoteSourceName": "Delayed Quote", "currencySymbol": "\u20b9", "fromCurrency": null, "toCurrency": null, "lastMarket": null, "marketCap": 530199616}, "balanceSheetHistory": {"balanceSheetStatements": [{"maxAge": 1, "endDate": "2020-03-31", "cash": 25479000, "shortTermInvestments": 40649000, "netReceivables": 24550000, "inventory": 2617000, "otherCurrentAssets": 13960000, "totalCurrentAssets": 113013000, "longTermInvestments": 17259000, "propertyPlantEquipment": 586563000, "intangibleAssets": 297000, "otherAssets": 11299000, "totalAssets": 728431000, "accountsPayable": 11955000, "otherCurrentLiab": 18977000, "otherLiab": 17662000, "totalCurrentLiabilities": 81855000, "totalLiab": 120889000, "commonStock": 119280000, "retainedEarnings": 477988000, "treasuryStock": 10274000, "otherStockholderEquity": 10274000, "totalStockholderEquity": 607542000, "netTangibleAssets": 607245000}, {"maxAge": 1, "endDate": "2019-03-31", "cash": 21990000, "shortTermInvestments": 9807000, "netReceivables": 31218000, "inventory": 2113000, "otherCurrentAssets": 16024000, "totalCurrentAssets": 86304000, "longTermInvestments": 29888000, "propertyPlantEquipment": 592552000, "intangibleAssets": 62000, "otherAssets": 16332000, "totalAssets": 725138000, "accountsPayable": 12851000, "shortLongTermDebt": 11220000, "otherCurrentLiab": 23787000, "longTermDebt": 12557000, "otherLiab": 24432000, "totalCurrentLiabilities": 97623000, "totalLiab": 138339000, "commonStock": 119280000, "retainedEarnings": 455346000, "treasuryStock": 12173000, "otherStockholderEquity": 12173000, "totalStockholderEquity": 586799000, "netTangibleAssets": 586737000}, {"maxAge": 1, "endDate": "2018-03-31", "cash": 37300000, "netReceivables": 31208000, "inventory": 3084000, "otherCurrentAssets": 13253000, "totalCurrentAssets": 89650000, "longTermInvestments": 31042000, "propertyPlantEquipment": 614797000, "intangibleAssets": 62000, "otherAssets": 10413000, "totalAssets": 745964000, "accountsPayable": 13542000, "shortLongTermDebt": 36607000, "otherCurrentLiab": 31027000, "longTermDebt": 23543000, "otherLiab": 31799000, "totalCurrentLiabilities": 133301000, "totalLiab": 191654000, "commonStock": 119280000, "retainedEarnings": 425598000, "treasuryStock": 9432000, "otherStockholderEquity": 9432000, "totalStockholderEquity": 554310000, "netTangibleAssets": 554248000}, {"maxAge": 1, "endDate": "2017-03-31", "cash": 47205000, "netReceivables": 31498000, "inventory": 2039000, "otherCurrentAssets": 8264000, "totalCurrentAssets": 94721000, "longTermInvestments": 19692000, "propertyPlantEquipment": 648060000, "intangibleAssets": 62000, "otherAssets": 29616000, "totalAssets": 792151000, "accountsPayable": 13866000, "shortLongTermDebt": 51415000, "otherCurrentLiab": 31980000, "longTermDebt": 62942000, "otherLiab": 27717000, "totalCurrentLiabilities": 156563000, "totalLiab": 247873000, "commonStock": 119280000, "retainedEarnings": 413020000, "treasuryStock": 11978000, "otherStockholderEquity": 11978000, "totalStockholderEquity": 544278000, "netTangibleAssets": 544216000}], "maxAge": 86400}, "financialData": {"maxAge": 86400, "currentPrice": 44.45, "recommendationKey": "none", "grossProfits": 295916000, "financialCurrency": "INR"}}}