{"SAYAJIIND.BO": {"cashflowStatementHistory": {"cashflowStatements": [{"maxAge": 1, "endDate": "2020-03-31", "netIncome": -23436000, "depreciation": 110341000, "changeToNetincome": 148005000, "changeToAccountReceivables": -132788000, "changeToLiabilities": 387939000, "changeToInventory": -59629000, "totalCashFromOperatingActivities": 434715000, "capitalExpenditures": -226670000, "investments": -9237000, "otherCashflowsFromInvestingActivities": -8557000, "totalCashflowsFromInvestingActivities": -225503000, "dividendsPaid": -15563000, "netBorrowings": -29583000, "otherCashflowsFromFinancingActivities": -166750000, "totalCashFromFinancingActivities": -211896000, "changeInCash": -3214000}, {"maxAge": 1, "endDate": "2019-03-31", "netIncome": 251997000, "depreciation": 96466000, "changeToNetincome": -98113000, "changeToAccountReceivables": -121148000, "changeToLiabilities": 193745000, "changeToInventory": -98335000, "totalCashFromOperatingActivities": 227704000, "capitalExpenditures": -613669000, "investments": 226546000, "otherCashflowsFromInvestingActivities": 30511000, "totalCashflowsFromInvestingActivities": -352392000, "dividendsPaid": -14037000, "netBorrowings": 256963000, "otherCashflowsFromFinancingActivities": -120733000, "totalCashFromFinancingActivities": 122193000, "changeInCash": -2496000}, {"maxAge": 1, "endDate": "2018-03-31", "netIncome": 74198000, "depreciation": 82041000, "changeToNetincome": 121906000, "changeToAccountReceivables": 30394000, "changeToLiabilities": 3432000, "changeToInventory": -20117000, "totalCashFromOperatingActivities": 293776000, "capitalExpenditures": -353536000, "investments": -3337000, "otherCashflowsFromInvestingActivities": 8951000, "totalCashflowsFromInvestingActivities": -338183000, "dividendsPaid": -20262000, "netBorrowings": 188760000, "otherCashflowsFromFinancingActivities": -126090000, "totalCashFromFinancingActivities": 42408000, "changeInCash": -1999000}, {"maxAge": 1, "endDate": "2017-03-31", "netIncome": 51706000, "depreciation": 85470000, "changeToNetincome": 89730000, "changeToAccountReceivables": 19704000, "changeToLiabilities": -84648000, "changeToInventory": 33949000, "totalCashFromOperatingActivities": 197816000, "capitalExpenditures": -123884000, "investments": 6000000, "otherCashflowsFromInvestingActivities": 2915000, "totalCashflowsFromInvestingActivities": -103305000, "dividendsPaid": -17887000, "netBorrowings": 42404000, "otherCashflowsFromFinancingActivities": -114132000, "totalCashFromFinancingActivities": -89615000, "changeInCash": 4896000}], "maxAge": 86400}, "institutionOwnership": {"ownershipList": [], "maxAge": 1}, "balanceSheetHistoryQuarterly": {"balanceSheetStatements": [{"maxAge": 1, "endDate": "2020-06-30", "totalStockholderEquity": 768813000, "netTangibleAssets": 756965000}, {"maxAge": 1, "endDate": "2020-03-31", "cash": 4056000, "shortTermInvestments": 1766000, "netReceivables": 559531000, "inventory": 559734000, "otherCurrentAssets": 78853000, "totalCurrentAssets": 1222850000, "longTermInvestments": 38408000, "propertyPlantEquipment": 2108993000, "intangibleAssets": 11848000, "otherAssets": 74927000, "deferredLongTermAssetCharges": 815000, "totalAssets": 3457026000, "accountsPayable": 960049000, "shortLongTermDebt": 160319000, "otherCurrentLiab": 119634000, "longTermDebt": 477127000, "otherLiab": 135505000, "minorityInterest": 1916000, "totalCurrentLiabilities": 2073665000, "totalLiab": 2686297000, "commonStock": 31600000, "retainedEarnings": 728004000, "capitalSurplus": 9209000, "totalStockholderEquity": 768813000, "netTangibleAssets": 756965000}, {"maxAge": 1, "endDate": "2019-12-31", "totalStockholderEquity": 751440000, "netTangibleAssets": 741062000}, {"maxAge": 1, "endDate": "2019-09-30", "cash": 11453000, "shortTermInvestments": 47906000, "netReceivables": 516507000, "inventory": 531847000, "otherCurrentAssets": 73261000, "totalCurrentAssets": 1180974000, "longTermInvestments": 32364000, "propertyPlantEquipment": 2065212000, "intangibleAssets": 10378000, "otherAssets": 66727000, "deferredLongTermAssetCharges": 424000, "totalAssets": 3355655000, "accountsPayable": 408981000, "otherCurrentLiab": 352109000, "longTermDebt": 536762000, "otherLiab": 171649000, "minorityInterest": 1951000, "totalCurrentLiabilities": 1893853000, "totalLiab": 2602264000, "commonStock": 31600000, "treasuryStock": 719840000, "otherStockholderEquity": 719840000, "totalStockholderEquity": 751440000, "netTangibleAssets": 741062000}], "maxAge": 86400}, "indexTrend": {"maxAge": 1, "symbol": "SP5", "peRatio": 19.7411, "pegRatio": 1.34172, "estimates": [{"period": "0q", "growth": 0.549}, {"period": "+1q", "growth": 0.431}, {"period": "0y", "growth": 0.305}, {"period": "+1y", "growth": 0.109}, {"period": "+5y", "growth": 0.120859005}, {"period": "-5y"}]}, "insiderTransactions": {"transactions": [{"maxAge": 1, "shares": 306160, "filerUrl": "", "transactionText": "Other at price 0.00 per share.", "filerName": "Mehta (Niramayiben Bipinbhai)", "filerRelation": "Promoter", "moneyText": "", "startDate": "2020-08-03", "ownership": "D"}, {"maxAge": 1, "shares": 729200, "filerUrl": "", "transactionText": "", "filerName": "Mehta (Priyabhai Bipinbhai & Sujata Priyam)", "filerRelation": "UNREPORTED", "moneyText": "", "startDate": "2020-08-03", "ownership": "D"}, {"maxAge": 1, "shares": 1070000, "filerUrl": "", "transactionText": "", "filerName": "Mehta (Priyabhai Bipinbhai & Sujata Priyam)", "filerRelation": "UNREPORTED", "moneyText": "", "startDate": "2020-08-03", "ownership": "D"}, {"maxAge": 1, "shares": 729200, "filerUrl": "", "transactionText": "", "filerName": "Vishal Family trust", "filerRelation": "UNREPORTED", "moneyText": "", "startDate": "2020-08-03", "ownership": "D"}, {"maxAge": 1, "shares": 1035360, "filerUrl": "", "transactionText": "", "filerName": "Vishal Family trust", "filerRelation": "UNREPORTED", "moneyText": "", "startDate": "2020-08-02", "ownership": "D"}], "maxAge": 1}, "quoteType": {"exchange": "BSE", "quoteType": "EQUITY", "symbol": "SAYAJIIND.BO", "underlyingSymbol": "SAYAJIIND.BO", "shortName": "Sayaji Industries Limited", "longName": "Sayaji Industries Limited", "firstTradeDateEpochUtc": "2017-10-09 09:15:00", "timeZoneFullName": "Asia/Kolkata", "timeZoneShortName": "IST", "uuid": "6ea2831a-35ac-3bd0-80b7-56965041a073", "gmtOffSetMilliseconds": 19800000, "maxAge": 1}, "incomeStatementHistory": {"incomeStatementHistory": [{"maxAge": 1, "endDate": "2020-03-31", "totalRevenue": 6387510000, "costOfRevenue": 4620828000, "grossProfit": 1766682000, "researchDevelopment": {}, "sellingGeneralAdministrative": 472565000, "nonRecurring": {}, "otherOperatingExpenses": 1081841000, "totalOperatingExpenses": 6289858000, "operatingIncome": 97652000, "totalOtherIncomeExpenseNet": -150727000, "ebit": 97652000, "interestExpense": -163210000, "incomeBeforeTax": -53075000, "incomeTaxExpense": -29603000, "minorityInterest": 1916000, "netIncomeFromContinuingOps": -23472000, "discontinuedOperations": {}, "extraordinaryItems": {}, "effectOfAccountingCharges": {}, "otherItems": {}, "netIncome": -23436000, "netIncomeApplicableToCommonShares": -23436000}, {"maxAge": 1, "endDate": "2019-03-31", "totalRevenue": 6440498000, "costOfRevenue": 4364335000, "grossProfit": 2076163000, "researchDevelopment": {}, "sellingGeneralAdministrative": 500015000, "nonRecurring": {}, "otherOperatingExpenses": 1271207000, "totalOperatingExpenses": 6235569000, "operatingIncome": 204929000, "totalOtherIncomeExpenseNet": 127323000, "ebit": 204929000, "interestExpense": -119765000, "incomeBeforeTax": 332252000, "incomeTaxExpense": 79272000, "minorityInterest": 8644000, "netIncomeFromContinuingOps": 252980000, "discontinuedOperations": {}, "extraordinaryItems": {}, "effectOfAccountingCharges": {}, "otherItems": {}, "netIncome": 251997000, "netIncomeApplicableToCommonShares": 251997000}, {"maxAge": 1, "endDate": "2018-03-31", "totalRevenue": 5861648000, "costOfRevenue": 3944947000, "grossProfit": 1916701000, "researchDevelopment": {}, "sellingGeneralAdministrative": 480237000, "nonRecurring": {}, "otherOperatingExpenses": 1158534000, "totalOperatingExpenses": 5667681000, "operatingIncome": 193967000, "totalOtherIncomeExpenseNet": -83490000, "ebit": 193967000, "interestExpense": -123100000, "incomeBeforeTax": 110477000, "incomeTaxExpense": 37124000, "minorityInterest": 7661000, "netIncomeFromContinuingOps": 73353000, "discontinuedOperations": {}, "extraordinaryItems": {}, "effectOfAccountingCharges": {}, "otherItems": {}, "netIncome": 74198000, "netIncomeApplicableToCommonShares": 74198000}, {"maxAge": 1, "endDate": "2017-03-31", "totalRevenue": 5314828000, "costOfRevenue": 3449162000, "grossProfit": 1865666000, "researchDevelopment": {}, "sellingGeneralAdministrative": 448744000, "nonRecurring": {}, "otherOperatingExpenses": 1211747000, "totalOperatingExpenses": 5197028000, "operatingIncome": 117800000, "totalOtherIncomeExpenseNet": -50523000, "ebit": 117800000, "interestExpense": -112976000, "incomeBeforeTax": 67277000, "incomeTaxExpense": 15571000, "minorityInterest": 867000, "netIncomeFromContinuingOps": 51706000, "discontinuedOperations": {}, "extraordinaryItems": {}, "effectOfAccountingCharges": {}, "otherItems": {}, "netIncome": 51706000, "netIncomeApplicableToCommonShares": 51706000}], "maxAge": 86400}, "fundOwnership": {"ownershipList": [], "maxAge": 1}, "summaryDetail": {"maxAge": 1, "priceHint": 2, "previousClose": 181.4, "open": 176.0, "dayLow": 173.95, "dayHigh": 176.0, "regularMarketPreviousClose": 181.4, "regularMarketOpen": 176.0, "regularMarketDayLow": 173.95, "regularMarketDayHigh": 176.0, "volume": 218, "regularMarketVolume": 218, "averageVolume": 442, "averageVolume10days": 1396, "averageDailyVolume10Day": 1396, "bid": 173.0, "ask": 173.95, "bidSize": 0, "askSize": 0, "marketCap": 1099363968, "fiftyTwoWeekLow": 81.1, "fiftyTwoWeekHigh": 176.0, "fiftyDayAverage": 136.18788, "twoHundredDayAverage": 120.923164, "trailingAnnualDividendRate": 2.0, "trailingAnnualDividendYield": 0.011025359, "currency": "INR", "fromCurrency": null, "lastMarket": null, "algorithm": null, "tradeable": false}, "incomeStatementHistoryQuarterly": {"incomeStatementHistory": [{"maxAge": 1, "endDate": "2020-06-30", "totalRevenue": 861887000, "costOfRevenue": 574400000, "grossProfit": 287487000, "researchDevelopment": {}, "sellingGeneralAdministrative": 106724000, "nonRecurring": {}, "otherOperatingExpenses": 194614000, "totalOperatingExpenses": 904717000, "operatingIncome": -42830000, "totalOtherIncomeExpenseNet": -25480000, "ebit": -42830000, "interestExpense": -32223000, "incomeBeforeTax": -68310000, "incomeTaxExpense": -9187000, "minorityInterest": {}, "netIncomeFromContinuingOps": -59123000, "discontinuedOperations": {}, "extraordinaryItems": {}, "effectOfAccountingCharges": {}, "otherItems": {}, "netIncome": -59079000, "netIncomeApplicableToCommonShares": -59079000}, {"maxAge": 1, "endDate": "2020-03-31", "totalRevenue": 1581254000, "costOfRevenue": 1131523000, "grossProfit": 449731000, "researchDevelopment": {}, "sellingGeneralAdministrative": 115021000, "nonRecurring": {}, "otherOperatingExpenses": 251321000, "totalOperatingExpenses": 1527462000, "operatingIncome": 53792000, "totalOtherIncomeExpenseNet": -58420000, "ebit": 53792000, "interestExpense": -34760000, "incomeBeforeTax": -4628000, "incomeTaxExpense": -14986000, "minorityInterest": 1916000, "netIncomeFromContinuingOps": 10358000, "discontinuedOperations": {}, "extraordinaryItems": {}, "effectOfAccountingCharges": {}, "otherItems": {}, "netIncome": 10391000, "netIncomeApplicableToCommonShares": 10391000}, {"maxAge": 1, "endDate": "2019-12-31", "totalRevenue": 1592504000, "costOfRevenue": 1161038000, "grossProfit": 431466000, "researchDevelopment": {}, "sellingGeneralAdministrative": 111541000, "nonRecurring": {}, "otherOperatingExpenses": 249892000, "totalOperatingExpenses": 1551256000, "operatingIncome": 41248000, "totalOtherIncomeExpenseNet": -41029000, "ebit": 41248000, "interestExpense": -43052000, "incomeBeforeTax": 219000, "incomeTaxExpense": 288000, "minorityInterest": 1916000, "netIncomeFromContinuingOps": -69000, "discontinuedOperations": {}, "extraordinaryItems": {}, "effectOfAccountingCharges": {}, "otherItems": {}, "netIncome": -66000, "netIncomeApplicableToCommonShares": -66000}, {"maxAge": 1, "endDate": "2019-09-30", "totalRevenue": 1387052000, "costOfRevenue": 1007978000, "grossProfit": 379074000, "researchDevelopment": {}, "sellingGeneralAdministrative": 117569000, "nonRecurring": {}, "otherOperatingExpenses": 256464000, "totalOperatingExpenses": 1410121000, "operatingIncome": -23069000, "totalOtherIncomeExpenseNet": -31607000, "ebit": -23069000, "interestExpense": -43853000, "incomeBeforeTax": -54676000, "incomeTaxExpense": -17394000, "minorityInterest": 1951000, "netIncomeFromContinuingOps": -37282000, "discontinuedOperations": {}, "extraordinaryItems": {}, "effectOfAccountingCharges": {}, "otherItems": {}, "netIncome": -37273000, "netIncomeApplicableToCommonShares": -37273000}], "maxAge": 86400}, "cashflowStatementHistoryQuarterly": {"cashflowStatements": [{"maxAge": 1, "endDate": "2020-06-30", "netIncome": -59079000, "changeToLiabilities": 0}, {"maxAge": 1, "endDate": "2020-03-31", "netIncome": 10391000, "changeToLiabilities": 0}, {"maxAge": 1, "endDate": "2019-12-31", "netIncome": -66000, "changeToLiabilities": 0}, {"maxAge": 1, "endDate": "2019-09-30", "netIncome": -37273000, "changeToLiabilities": 0}], "maxAge": 86400}, "insiderHolders": {"holders": [{"maxAge": 1, "name": "Mehta (Niramayiben Bipinbhai)", "relation": "Promoter", "url": "", "transactionDescription": "Other", "latestTransDate": "2020-08-03", "positionDirect": 0, "positionDirectDate": "2020-08-03"}, {"maxAge": 1, "name": "Mehta (Priyabhai Bipinbhai & Sujata Priyam)", "relation": "UNREPORTED", "url": "", "transactionDescription": "Other", "latestTransDate": "2020-08-03", "positionDirectDate": "2020-08-03"}, {"maxAge": 1, "name": "Vishal Family trust", "relation": "UNREPORTED", "url": "", "transactionDescription": "Sale", "latestTransDate": "2020-08-03", "positionDirect": 0, "positionDirectDate": "2020-08-03"}], "maxAge": 1}, "calendarEvents": {"maxAge": 1, "earnings": {"earningsDate": []}}, "upgradeDowngradeHistory": {"history": [], "maxAge": 86400}, "price": {"maxAge": 1, "regularMarketChangePercent": -0.041069444, "regularMarketChange": -7.449997, "regularMarketTime": "2021-04-30 15:15:00", "priceHint": 2, "regularMarketPrice": 173.95, "regularMarketDayHigh": 176.0, "regularMarketDayLow": 173.95, "regularMarketVolume": 218, "averageDailyVolume10Day": 1396, "averageDailyVolume3Month": 442, "regularMarketPreviousClose": 181.4, "regularMarketSource": "FREE_REALTIME", "regularMarketOpen": 176.0, "exchange": "BSE", "exchangeName": "BSE", "exchangeDataDelayedBy": 0, "marketState": "CLOSED", "quoteType": "EQUITY", "symbol": "SAYAJIIND.BO", "underlyingSymbol": null, "shortName": "Sayaji Industries Limited", "longName": "Sayaji Industries Limited", "currency": "INR", "quoteSourceName": "Delayed Quote", "currencySymbol": "\u20b9", "fromCurrency": null, "lastMarket": null, "marketCap": 1099363968}, "balanceSheetHistory": {"balanceSheetStatements": [{"maxAge": 1, "endDate": "2020-03-31", "cash": 4056000, "shortTermInvestments": 1766000, "netReceivables": 559531000, "inventory": 559734000, "otherCurrentAssets": 78853000, "totalCurrentAssets": 1222850000, "longTermInvestments": 38408000, "propertyPlantEquipment": 2108993000, "intangibleAssets": 11848000, "otherAssets": 74927000, "deferredLongTermAssetCharges": 815000, "totalAssets": 3457026000, "accountsPayable": 960049000, "shortLongTermDebt": 160319000, "otherCurrentLiab": 119634000, "longTermDebt": 477127000, "otherLiab": 135505000, "minorityInterest": 1916000, "totalCurrentLiabilities": 2073665000, "totalLiab": 2686297000, "commonStock": 31600000, "retainedEarnings": 728004000, "capitalSurplus": 9209000, "totalStockholderEquity": 768813000, "netTangibleAssets": 756965000}, {"maxAge": 1, "endDate": "2019-03-31", "cash": 7270000, "shortTermInvestments": 18273000, "netReceivables": 489732000, "inventory": 539786000, "otherCurrentAssets": 70279000, "totalCurrentAssets": 1139845000, "longTermInvestments": 350000, "propertyPlantEquipment": 2087506000, "intangibleAssets": 10205000, "otherAssets": 55186000, "deferredLongTermAssetCharges": 410000, "totalAssets": 3293092000, "accountsPayable": 547888000, "shortLongTermDebt": 137577000, "otherCurrentLiab": 172041000, "longTermDebt": 581545000, "otherLiab": 170767000, "minorityInterest": 8644000, "totalCurrentLiabilities": 1727863000, "totalLiab": 2480175000, "commonStock": 31600000, "retainedEarnings": 763464000, "treasuryStock": 772673000, "capitalSurplus": 9209000, "otherStockholderEquity": 772673000, "totalStockholderEquity": 804273000, "netTangibleAssets": 794068000}, {"maxAge": 1, "endDate": "2018-03-31", "cash": 9766000, "shortTermInvestments": 19233000, "netReceivables": 392614000, "inventory": 441451000, "otherCurrentAssets": 50617000, "totalCurrentAssets": 923543000, "longTermInvestments": 85870000, "propertyPlantEquipment": 1590968000, "intangibleAssets": 7600000, "otherAssets": 36221000, "deferredLongTermAssetCharges": 1722000, "totalAssets": 2644202000, "accountsPayable": 363841000, "shortLongTermDebt": 142703000, "otherCurrentLiab": 177367000, "longTermDebt": 346807000, "otherLiab": 138473000, "minorityInterest": 7661000, "totalCurrentLiabilities": 1511239000, "totalLiab": 1996519000, "commonStock": 31600000, "retainedEarnings": 599213000, "capitalSurplus": 9209000, "totalStockholderEquity": 640022000, "netTangibleAssets": 632422000}, {"maxAge": 1, "endDate": "2017-03-31", "cash": 11765000, "shortTermInvestments": 15896000, "netReceivables": 393893000, "inventory": 421334000, "otherCurrentAssets": 83940000, "totalCurrentAssets": 935625000, "longTermInvestments": 78962000, "propertyPlantEquipment": 1346682000, "intangibleAssets": 9025000, "otherAssets": 14557000, "totalAssets": 2384851000, "accountsPayable": 441104000, "shortLongTermDebt": 125073000, "otherCurrentLiab": 126284000, "longTermDebt": 317834000, "otherLiab": 108278000, "minorityInterest": 867000, "totalCurrentLiabilities": 1364808000, "totalLiab": 1790920000, "commonStock": 7900000, "retainedEarnings": 552255000, "treasuryStock": 5359000, "capitalSurplus": 27550000, "otherStockholderEquity": 5359000, "totalStockholderEquity": 593064000, "netTangibleAssets": 584039000}], "maxAge": 86400}, "financialData": {"maxAge": 86400, "currentPrice": 173.95, "recommendationKey": "none", "grossProfits": 1766682000, "financialCurrency": "INR"}}}