{"SBECSUG.BO": {"cashflowStatementHistory": {"cashflowStatements": [{"maxAge": 1, "endDate": "2020-03-31", "netIncome": 26605200, "depreciation": 204471379, "changeToNetincome": 173001038, "changeToAccountReceivables": -76554392, "changeToLiabilities": 989517023, "changeToInventory": -1008104833, "changeToOperatingActivities": 146163599, "totalCashFromOperatingActivities": 455099014, "capitalExpenditures": -113121787, "otherCashflowsFromInvestingActivities": 552832, "totalCashflowsFromInvestingActivities": -111306746, "netBorrowings": -193464816, "otherCashflowsFromFinancingActivities": -210381916, "totalCashFromFinancingActivities": -403846732, "changeInCash": -60054463}, {"maxAge": 1, "endDate": "2019-03-31", "netIncome": -493472833, "depreciation": 204348908, "changeToNetincome": 107640005, "changeToAccountReceivables": 62604764, "changeToLiabilities": -1323414996, "changeToInventory": -507108499, "changeToOperatingActivities": 183016347, "totalCashFromOperatingActivities": -1766386304, "capitalExpenditures": -42906189, "otherCashflowsFromInvestingActivities": 347269, "totalCashflowsFromInvestingActivities": -42341424, "netBorrowings": 1938857881, "otherCashflowsFromFinancingActivities": -122829425, "totalCashFromFinancingActivities": 1816028456, "changeInCash": 7300727}, {"maxAge": 1, "endDate": "2018-03-31", "netIncome": -849490061, "depreciation": 199969737, "changeToNetincome": 157471016, "changeToAccountReceivables": 17294502, "changeToLiabilities": 472030765, "changeToInventory": 294148423, "changeToOperatingActivities": 271066693, "totalCashFromOperatingActivities": 562491075, "capitalExpenditures": -34127298, "otherCashflowsFromInvestingActivities": 1624440, "totalCashflowsFromInvestingActivities": -31777967, "netBorrowings": -329625809, "otherCashflowsFromFinancingActivities": -161867834, "totalCashFromFinancingActivities": -491493643, "changeInCash": 39219465}, {"maxAge": 1, "endDate": "2017-03-31", "netIncome": -413966385, "depreciation": 198720594, "changeToNetincome": 120321103, "changeToAccountReceivables": 9943773, "changeToLiabilities": 386859110, "changeToInventory": -577859777, "changeToOperatingActivities": 159604427, "totalCashFromOperatingActivities": -116377155, "capitalExpenditures": -11046083, "investments": -30000000, "otherCashflowsFromInvestingActivities": 1447334, "totalCashflowsFromInvestingActivities": 81213027, "netBorrowings": 252972889, "otherCashflowsFromFinancingActivities": -154190628, "totalCashFromFinancingActivities": 98782261, "changeInCash": 63618133}], "maxAge": 86400}, "institutionOwnership": {"maxAge": 1, "ownershipList": []}, "balanceSheetHistoryQuarterly": {"balanceSheetStatements": [{"maxAge": 1, "endDate": "2020-06-30", "totalStockholderEquity": 192891606, "netTangibleAssets": 192706799}, {"maxAge": 1, "endDate": "2020-03-31", "cash": 64518912, "shortTermInvestments": 3030453, "netReceivables": 223559990, "inventory": 2369609060, "otherCurrentAssets": 104657879, "totalCurrentAssets": 2772182379, "longTermInvestments": 380333615, "propertyPlantEquipment": 2740994569, "intangibleAssets": 184807, "otherAssets": 1536163245, "deferredLongTermAssetCharges": 56928348, "totalAssets": 7429858615, "accountsPayable": 4016024562, "shortLongTermDebt": 542000003, "otherCurrentLiab": 31035577, "longTermDebt": 1817414641, "otherLiab": 45623784, "minorityInterest": 332042729, "totalCurrentLiabilities": 5041885855, "totalLiab": 6904924280, "commonStock": 476538800, "retainedEarnings": -286937925, "treasuryStock": 3290731, "otherStockholderEquity": 3290731, "totalStockholderEquity": 192891606, "netTangibleAssets": 192706799}, {"maxAge": 1, "endDate": "2019-12-31", "totalStockholderEquity": 139273000, "netTangibleAssets": 139089000}, {"maxAge": 1, "endDate": "2019-09-30", "cash": 10932000, "netReceivables": 223415000, "inventory": 433109000, "otherCurrentAssets": 41138000, "totalCurrentAssets": 708594000, "longTermInvestments": 1852754000, "propertyPlantEquipment": 2775247000, "intangibleAssets": 184000, "otherAssets": 46016000, "deferredLongTermAssetCharges": 39955000, "totalAssets": 5382795000, "accountsPayable": 1727800000, "shortLongTermDebt": 534528000, "otherCurrentLiab": 32909000, "longTermDebt": 2085552000, "otherLiab": 38066000, "minorityInterest": 332834000, "totalCurrentLiabilities": 2787070000, "totalLiab": 4910688000, "commonStock": 476539000, "treasuryStock": -337266000, "otherStockholderEquity": -337266000, "totalStockholderEquity": 139273000, "netTangibleAssets": 139089000}], "maxAge": 86400}, "indexTrend": {"maxAge": 1, "symbol": "SP5", "peRatio": 19.7411, "pegRatio": 1.34172, "estimates": [{"period": "0q", "growth": 0.549}, {"period": "+1q", "growth": 0.431}, {"period": "0y", "growth": 0.305}, {"period": "+1y", "growth": 0.109}, {"period": "+5y", "growth": 0.120859005}, {"period": "-5y"}]}, "insiderTransactions": {"transactions": [{"maxAge": 1, "shares": 588092, "filerUrl": "", "transactionText": "", "filerName": "Moderate Leasing & Capital Services Ltd", "filerRelation": "Promoter", "moneyText": "", "startDate": "2015-03-23", "ownership": "D"}, {"maxAge": 1, "shares": 2085673, "filerUrl": "", "transactionText": "", "filerName": "Abhikum Leasing & Investments Pvt. Ltd.", "filerRelation": "Institution- Corporation", "moneyText": "", "startDate": "2015-03-18", "ownership": "D"}, {"maxAge": 1, "shares": 4262187, "filerUrl": "", "transactionText": "", "filerName": "Moderate Leasing & Capital Services Ltd", "filerRelation": "Promoter", "moneyText": "", "startDate": "2015-03-18", "ownership": "D"}, {"maxAge": 1, "shares": 907073, "filerUrl": "", "transactionText": "", "filerName": "Moderate Leasing & Capital Services Ltd", "filerRelation": "Promoter", "moneyText": "", "startDate": "2011-12-30", "ownership": "D"}, {"maxAge": 1, "shares": 907073, "filerUrl": "", "transactionText": "", "filerName": "SBEC Systems India Ltd", "filerRelation": "Indirect Shareholder", "moneyText": "", "startDate": "2011-12-30", "ownership": "D"}, {"maxAge": 1, "shares": 1307916, "filerUrl": "", "transactionText": "", "filerName": "Moderate Leasing & Capital Services Ltd", "filerRelation": "Promoter", "moneyText": "", "startDate": "2011-12-23", "ownership": "D"}, {"maxAge": 1, "shares": 1307916, "filerUrl": "", "transactionText": "", "filerName": "SBEC Systems India Ltd", "filerRelation": "Indirect Shareholder", "moneyText": "", "startDate": "2011-12-23", "ownership": "D"}, {"maxAge": 1, "shares": 39300, "filerUrl": "", "transactionText": "", "filerName": "Modi (Umesh Kumar)", "filerRelation": "UNREPORTED", "moneyText": "", "startDate": "2010-02-10", "ownership": "D"}, {"maxAge": 1, "shares": 410000, "filerUrl": "", "transactionText": "", "filerName": "Longwell Investments Pvt Ltd", "filerRelation": "Institution- Corporation", "moneyText": "", "startDate": "2009-12-09", "ownership": "D"}, {"maxAge": 1, "shares": 470000, "filerUrl": "", "transactionText": "", "filerName": "A to Z Holding Pvt. Ltd.", "filerRelation": "Institution- Corporation", "moneyText": "", "startDate": "2009-12-08", "ownership": "D"}, {"maxAge": 1, "shares": 480000, "filerUrl": "", "transactionText": "", "filerName": "A to Z Holding Pvt. Ltd.", "filerRelation": "Institution- Corporation", "moneyText": "", "startDate": "2009-12-07", "ownership": "D"}], "maxAge": 1}, "quoteType": {"exchange": "BSE", "quoteType": "EQUITY", "symbol": "SBECSUG.BO", "underlyingSymbol": "SBECSUG.BO", "shortName": "SBEC SUGAR LTD.", "longName": "SBEC Sugar Limited", "firstTradeDateEpochUtc": "2000-01-06 09:15:00", "timeZoneFullName": "Asia/Kolkata", "timeZoneShortName": "IST", "uuid": "865a2d36-d90d-3922-b877-57bdae958415", "messageBoardId": null, "gmtOffSetMilliseconds": 19800000, "maxAge": 1}, "incomeStatementHistory": {"incomeStatementHistory": [{"maxAge": 1, "endDate": "2020-03-31", "totalRevenue": 4818078704, "costOfRevenue": 3920026824, "grossProfit": 898051880, "researchDevelopment": {}, "sellingGeneralAdministrative": 208655851, "nonRecurring": {}, "otherOperatingExpenses": 313510273, "totalOperatingExpenses": 4619391731, "operatingIncome": 198686973, "totalOtherIncomeExpenseNet": -207743057, "ebit": 198686973, "interestExpense": -210381916, "incomeBeforeTax": -9056084, "incomeTaxExpense": -16961291, "minorityInterest": 332042729, "netIncomeFromContinuingOps": 7905207, "discontinuedOperations": {}, "extraordinaryItems": {}, "effectOfAccountingCharges": {}, "otherItems": {}, "netIncome": 26605200, "netIncomeApplicableToCommonShares": 26605200}, {"maxAge": 1, "endDate": "2019-03-31", "totalRevenue": 4174373373, "costOfRevenue": 3895524037, "grossProfit": 278849336, "researchDevelopment": {}, "sellingGeneralAdministrative": 191322905, "nonRecurring": {}, "otherOperatingExpenses": 296159408, "totalOperatingExpenses": 4560082662, "operatingIncome": -385709289, "totalOtherIncomeExpenseNet": -122475116, "ebit": -385709289, "interestExpense": -122829427, "incomeBeforeTax": -508184405, "incomeTaxExpense": 455662, "minorityInterest": 350928048, "netIncomeFromContinuingOps": -508640067, "discontinuedOperations": {}, "extraordinaryItems": {}, "effectOfAccountingCharges": {}, "otherItems": {}, "netIncome": -493472833, "netIncomeApplicableToCommonShares": -493472833}, {"maxAge": 1, "endDate": "2018-03-31", "totalRevenue": 4856508793, "costOfRevenue": 4933825105, "grossProfit": -77316312, "researchDevelopment": {}, "sellingGeneralAdministrative": 154967003, "nonRecurring": {}, "otherOperatingExpenses": 259765992, "totalOperatingExpenses": 5548527837, "operatingIncome": -692019044, "totalOtherIncomeExpenseNet": -160215028, "ebit": -692019044, "interestExpense": -158867836, "incomeBeforeTax": -852234072, "incomeTaxExpense": 1023349, "minorityInterest": 366089773, "netIncomeFromContinuingOps": -853257421, "discontinuedOperations": {}, "extraordinaryItems": {}, "effectOfAccountingCharges": {}, "otherItems": {}, "netIncome": -849490061, "netIncomeApplicableToCommonShares": -849490061}, {"maxAge": 1, "endDate": "2017-03-31", "totalRevenue": 3094178166, "costOfRevenue": 2665147690, "grossProfit": 429030476, "researchDevelopment": {}, "sellingGeneralAdministrative": 153986117, "nonRecurring": {}, "otherOperatingExpenses": 399740351, "totalOperatingExpenses": 3390258455, "operatingIncome": -296080289, "totalOtherIncomeExpenseNet": -152743294, "ebit": -296080289, "interestExpense": -151690628, "incomeBeforeTax": -448823583, "incomeTaxExpense": -5104198, "minorityInterest": 369750133, "netIncomeFromContinuingOps": -443719385, "discontinuedOperations": {}, "extraordinaryItems": {}, "effectOfAccountingCharges": {}, "otherItems": {}, "netIncome": -413966385, "netIncomeApplicableToCommonShares": -413966385}], "maxAge": 86400}, "fundOwnership": {"maxAge": 1, "ownershipList": []}, "summaryDetail": {"maxAge": 1, "priceHint": 2, "previousClose": 6.11, "open": 6.01, "dayLow": 6.01, "dayHigh": 6.72, "regularMarketPreviousClose": 6.11, "regularMarketOpen": 6.01, "regularMarketDayLow": 6.01, "regularMarketDayHigh": 6.72, "volume": 8250, "regularMarketVolume": 8250, "averageVolume": 961, "averageVolume10days": 408, "averageDailyVolume10Day": 408, "bid": 6.53, "ask": 6.71, "bidSize": 0, "askSize": 0, "marketCap": 320234208, "fiftyTwoWeekLow": 3.34, "fiftyTwoWeekHigh": 9.28, "fiftyDayAverage": 7.3294287, "twoHundredDayAverage": 7.6364236, "currency": "INR", "fromCurrency": null, "toCurrency": null, "lastMarket": null, "algorithm": null, "tradeable": false}, "incomeStatementHistoryQuarterly": {"incomeStatementHistory": [{"maxAge": 1, "endDate": "2020-06-30", "totalRevenue": 1254824000, "costOfRevenue": 1001076000, "grossProfit": 253748000, "researchDevelopment": {}, "sellingGeneralAdministrative": 43905000, "nonRecurring": {}, "otherOperatingExpenses": 155175000, "totalOperatingExpenses": 1251274000, "operatingIncome": 3550000, "totalOtherIncomeExpenseNet": -49333000, "ebit": 3550000, "interestExpense": -49905000, "incomeBeforeTax": -45783000, "incomeTaxExpense": 0, "minorityInterest": {}, "netIncomeFromContinuingOps": -45783000, "discontinuedOperations": {}, "extraordinaryItems": {}, "effectOfAccountingCharges": {}, "otherItems": {}, "netIncome": -39966000, "netIncomeApplicableToCommonShares": -39966000}, {"maxAge": 1, "endDate": "2020-03-31", "totalRevenue": 1393037704, "costOfRevenue": 1154436824, "grossProfit": 238600880, "researchDevelopment": {}, "sellingGeneralAdministrative": 81712851, "nonRecurring": {}, "otherOperatingExpenses": -18872727, "totalOperatingExpenses": 1241421731, "operatingIncome": 151615973, "totalOtherIncomeExpenseNet": -48708057, "ebit": 151615973, "interestExpense": -51346916, "incomeBeforeTax": 102907916, "incomeTaxExpense": -16961291, "minorityInterest": 332042729, "netIncomeFromContinuingOps": 119869207, "discontinuedOperations": {}, "extraordinaryItems": {}, "effectOfAccountingCharges": {}, "otherItems": {}, "netIncome": 110608200, "netIncomeApplicableToCommonShares": 110608200}, {"maxAge": 1, "endDate": "2019-12-31", "totalRevenue": 1085335000, "costOfRevenue": 884403000, "grossProfit": 200932000, "researchDevelopment": {}, "sellingGeneralAdministrative": 51358000, "nonRecurring": {}, "otherOperatingExpenses": 108017000, "totalOperatingExpenses": 1094620000, "operatingIncome": -9285000, "totalOtherIncomeExpenseNet": -54416000, "ebit": -9285000, "interestExpense": -54416000, "incomeBeforeTax": -63701000, "incomeTaxExpense": 0, "minorityInterest": 332042729, "netIncomeFromContinuingOps": -63701000, "discontinuedOperations": {}, "extraordinaryItems": {}, "effectOfAccountingCharges": {}, "otherItems": {}, "netIncome": -53837000, "netIncomeApplicableToCommonShares": -53837000}, {"maxAge": 1, "endDate": "2019-09-30", "totalRevenue": 1140759000, "costOfRevenue": 1012938000, "grossProfit": 127821000, "researchDevelopment": {}, "sellingGeneralAdministrative": 32025000, "nonRecurring": {}, "otherOperatingExpenses": 80789000, "totalOperatingExpenses": 1176671000, "operatingIncome": -35912000, "totalOtherIncomeExpenseNet": -51772000, "ebit": -35912000, "interestExpense": -51771000, "incomeBeforeTax": -87684000, "incomeTaxExpense": 0, "minorityInterest": 332834000, "netIncomeFromContinuingOps": -87684000, "discontinuedOperations": {}, "extraordinaryItems": {}, "effectOfAccountingCharges": {}, "otherItems": {}, "netIncome": -69755000, "netIncomeApplicableToCommonShares": -69755000}], "maxAge": 86400}, "cashflowStatementHistoryQuarterly": {"cashflowStatements": [{"maxAge": 1, "endDate": "2020-06-30", "netIncome": -39966000, "changeToLiabilities": 0}, {"maxAge": 1, "endDate": "2020-03-31", "netIncome": 110608200, "changeToLiabilities": 0}, {"maxAge": 1, "endDate": "2019-12-31", "netIncome": -53837000, "changeToLiabilities": 0}, {"maxAge": 1, "endDate": "2019-09-30", "netIncome": -69755000, "changeToLiabilities": 0}], "maxAge": 86400}, "insiderHolders": {"holders": [{"maxAge": 1, "name": "A to Z Holding Pvt. Ltd.", "relation": "Institution- Corporation", "url": "", "transactionDescription": "Acquisition", "latestTransDate": "2009-12-08", "positionDirect": 3128400, "positionDirectDate": "2009-12-08"}, {"maxAge": 1, "name": "Abhikum Leasing & Investments Pvt. Ltd.", "relation": "Institution- Corporation", "url": "", "transactionDescription": "Purchase", "latestTransDate": "2015-03-18", "positionDirect": 5531994, "positionDirectDate": "2015-03-18"}, {"maxAge": 1, "name": "Longwell Investments Pvt Ltd", "relation": "Institution- Corporation", "url": "", "transactionDescription": "Acquisition", "latestTransDate": "2009-12-09", "positionDirect": 2721500, "positionDirectDate": "2009-12-09"}, {"maxAge": 1, "name": "Moderate Leasing & Capital Services Ltd", "relation": "Promoter", "url": "", "transactionDescription": "Acquisition", "latestTransDate": "2015-03-23", "positionDirect": 9065568, "positionDirectDate": "2015-03-23"}, {"maxAge": 1, "name": "Modi (Umesh Kumar)", "relation": "UNREPORTED", "url": "", "transactionDescription": "Sale", "latestTransDate": "2010-02-10", "positionDirect": 1587410, "positionDirectDate": "2010-02-10"}, {"maxAge": 1, "name": "SBEC Systems India Ltd", "relation": "Indirect Shareholder", "url": "", "transactionDescription": "Sale", "latestTransDate": "2011-12-30", "positionDirect": 14230884, "positionDirectDate": "2011-12-30"}], "maxAge": 1}, "calendarEvents": {"maxAge": 1, "earnings": {"earningsDate": ["2020-02-17 05:30:S"]}}, "price": {"maxAge": 1, "regularMarketChangePercent": 0.099836275, "regularMarketChange": 0.60999966, "regularMarketTime": "2021-04-30 15:24:18", "priceHint": 2, "regularMarketPrice": 6.72, "regularMarketDayHigh": 6.72, "regularMarketDayLow": 6.01, "regularMarketVolume": 8250, "averageDailyVolume10Day": 408, "averageDailyVolume3Month": 961, "regularMarketPreviousClose": 6.11, "regularMarketSource": "FREE_REALTIME", "regularMarketOpen": 6.01, "exchange": "BSE", "exchangeName": "BSE", "exchangeDataDelayedBy": 0, "marketState": "CLOSED", "quoteType": "EQUITY", "symbol": "SBECSUG.BO", "underlyingSymbol": null, "shortName": "SBEC SUGAR LTD.", "longName": "SBEC Sugar Limited", "currency": "INR", "quoteSourceName": "Delayed Quote", "currencySymbol": "\u20b9", "fromCurrency": null, "toCurrency": null, "lastMarket": null, "marketCap": 320234208}, "balanceSheetHistory": {"balanceSheetStatements": [{"maxAge": 1, "endDate": "2020-03-31", "cash": 64518912, "shortTermInvestments": 3030453, "netReceivables": 223559990, "inventory": 2369609060, "otherCurrentAssets": 104657879, "totalCurrentAssets": 2772182379, "longTermInvestments": 380333615, "propertyPlantEquipment": 2740994569, "intangibleAssets": 184807, "otherAssets": 1536163245, "deferredLongTermAssetCharges": 56928348, "totalAssets": 7429858615, "accountsPayable": 4016024562, "shortLongTermDebt": 542000003, "otherCurrentLiab": 31035577, "longTermDebt": 1817414641, "otherLiab": 45623784, "minorityInterest": 332042729, "totalCurrentLiabilities": 5041885855, "totalLiab": 6904924280, "commonStock": 476538800, "retainedEarnings": -286937925, "treasuryStock": 3290731, "otherStockholderEquity": 3290731, "totalStockholderEquity": 192891606, "netTangibleAssets": 192706799}, {"maxAge": 1, "endDate": "2019-03-31", "cash": 124573376, "shortTermInvestments": 1907461, "netReceivables": 150998165, "inventory": 1361504228, "otherCurrentAssets": 109589399, "totalCurrentAssets": 1756328377, "longTermInvestments": 380333615, "propertyPlantEquipment": 2832405793, "intangibleAssets": 230988, "otherAssets": 1518133851, "deferredLongTermAssetCharges": 39954692, "totalAssets": 6487432624, "accountsPayable": 3026507539, "shortLongTermDebt": 333258977, "otherCurrentLiab": 57548766, "longTermDebt": 1914958562, "otherLiab": 35526905, "minorityInterest": 350928048, "totalCurrentLiabilities": 4016549086, "totalLiab": 5967034553, "commonStock": 476538800, "retainedEarnings": -312505281, "treasuryStock": 5436504, "otherStockholderEquity": 5436504, "totalStockholderEquity": 169470023, "netTangibleAssets": 169239035}, {"maxAge": 1, "endDate": "2018-03-31", "cash": 117272649, "shortTermInvestments": 1753308, "netReceivables": 223889717, "inventory": 854395728, "otherCurrentAssets": 18579689, "totalCurrentAssets": 1216899944, "longTermInvestments": 380333615, "propertyPlantEquipment": 2993972247, "intangibleAssets": 324748, "otherAssets": 1518390114, "deferredLongTermAssetCharges": 40279774, "totalAssets": 6109920668, "accountsPayable": 4285623985, "shortLongTermDebt": 61399000, "otherCurrentLiab": 158493356, "longTermDebt": 386216348, "otherLiab": 30667359, "minorityInterest": 366089773, "totalCurrentLiabilities": 4663941030, "totalLiab": 5080824737, "commonStock": 476538800, "retainedEarnings": 181254946, "treasuryStock": 5212412, "otherStockholderEquity": 5212412, "totalStockholderEquity": 663006158, "netTangibleAssets": 662681410}, {"maxAge": 1, "endDate": "2017-03-31", "cash": 78053184, "shortTermInvestments": 1640601, "netReceivables": 414749086, "inventory": 1148544151, "otherCurrentAssets": 102761047, "totalCurrentAssets": 1748517175, "longTermInvestments": 380333615, "propertyPlantEquipment": 3160411375, "intangibleAssets": 424582, "otherAssets": 1518383385, "deferredLongTermAssetCharges": 41303123, "totalAssets": 6808070132, "accountsPayable": 3813568220, "shortLongTermDebt": 90632429, "otherCurrentLiab": 61300013, "longTermDebt": 694669035, "otherLiab": 28993979, "minorityInterest": 369750133, "totalCurrentLiabilities": 4203163203, "totalLiab": 4926826217, "commonStock": 476538800, "retainedEarnings": 1031037847, "treasuryStock": 3917135, "otherStockholderEquity": 3917135, "totalStockholderEquity": 1511493782, "netTangibleAssets": 1511069200}], "maxAge": 86400}, "financialData": {"maxAge": 86400, "currentPrice": 6.72, "recommendationKey": "none", "grossProfits": 898051880, "financialCurrency": "INR"}}}