{"SBILIFE.NS": {"assetProfile": {"address1": "NATRAJ", "address2": "M.V. Road & Western Express Highway Junction Andheri (East)", "city": "Mumbai", "zip": "400069", "country": "India", "phone": "91 22 6191 0000", "fax": "91 22 6191 0517", "website": "http://www.sbilife.co.in", "industry": "Insurance\u2014Life", "sector": "Financial Services", "longBusinessSummary": "SBI Life Insurance Company Limited operates as a private life insurance company in India. Its life insurance business comprises of individual life and group business, including participating, non-participating, pension, group gratuity, group leave encashment, group superannuation, group immediate annuity, unit-linked and variable insurance products, health, and micro insurance. The company also provides accident and disability benefit, level term, and critical illness insurance products. It offers its products through a multi-channel distribution network comprising individual agents, sbi branches, brokers, corporate agents, banca partners, and certified insurance facilitators, as well as common service centre, insurance marketing firm, direct business, and Website and web aggregators. The company was founded in 2000 and is based in Mumbai, India. SBI Life Insurance Company Limited is a subsidiary of State Bank of India.", "fullTimeEmployees": 17466, "companyOfficers": [{"maxAge": 1, "name": "Mr. Sangramjit  Sarangi", "age": 46, "title": "Pres, CFO & Investor Relations", "yearBorn": 1974, "fiscalYear": 2019, "totalPay": 16959000, "exercisedValue": 0, "unexercisedValue": 0}, {"maxAge": 1, "name": "Mr. Mahesh Kumar Sharma", "age": 55, "title": "CEO, MD & Director", "yearBorn": 1965, "exercisedValue": 0, "unexercisedValue": 0}, {"maxAge": 1, "name": "Mr. Anand  Pejawar", "age": 55, "title": "Pres of Operations, Information Technology & International Bus.", "yearBorn": 1965, "fiscalYear": 2017, "exercisedValue": 0, "unexercisedValue": 0}, {"maxAge": 1, "name": "Mr. Gopikrishna  Shenoy", "age": 53, "title": "Chief Investments Officer", "yearBorn": 1967, "fiscalYear": 2017, "exercisedValue": 0, "unexercisedValue": 0}, {"maxAge": 1, "name": "Mr. Vinod  Koyande", "title": "Chief Compliance Officer & Company Sec.", "exercisedValue": 0, "unexercisedValue": 0}, {"maxAge": 1, "name": "Mr. Ravindra  Sharma", "age": 46, "title": "SVP and Chief of Brand & Corp. Communications", "yearBorn": 1974, "fiscalYear": 2017, "exercisedValue": 0, "unexercisedValue": 0}, {"maxAge": 1, "name": "Ms. Seema  Trikannad", "title": "EVP and Chief of HR & Management Services", "exercisedValue": 0, "unexercisedValue": 0}, {"maxAge": 1, "name": "Mr. Ravi  Krishnamurthy", "age": 56, "title": "Pres of Marketing - Zone I", "yearBorn": 1964, "fiscalYear": 2017, "exercisedValue": 0, "unexercisedValue": 0}, {"maxAge": 1, "name": "Mr. M.  Anand", "age": 53, "title": "Pres of Marketing - Zone II", "yearBorn": 1967, "fiscalYear": 2017, "exercisedValue": 0, "unexercisedValue": 0}, {"maxAge": 1, "name": "Mr. Abhijit  Gulanikar", "age": 49, "title": "Pres of Bus. Strategy", "yearBorn": 1971, "fiscalYear": 2017, "exercisedValue": 0, "unexercisedValue": 0}], "compensationAsOfEpochDate": "2019-12-31 05:30:00", "maxAge": 86400}, "recommendationTrend": {"trend": [{"period": "0m", "strongBuy": 0, "buy": 0, "hold": 0, "sell": 0, "strongSell": 0}, {"period": "-1m", "strongBuy": 0, "buy": 0, "hold": 0, "sell": 0, "strongSell": 0}, {"period": "-2m", "strongBuy": 0, "buy": 0, "hold": 0, "sell": 0, "strongSell": 0}, {"period": "-3m", "strongBuy": 0, "buy": 0, "hold": 0, "sell": 0, "strongSell": 0}], "maxAge": 86400}, "cashflowStatementHistory": {"cashflowStatements": [{"maxAge": 1, "endDate": "2020-03-31", "netIncome": 14221831000, "depreciation": 575072000, "changeToNetincome": 177863742000, "changeToLiabilities": 0, "totalCashFromOperatingActivities": 192985882000, "capitalExpenditures": -809928000, "investments": -250657653000, "otherCashflowsFromInvestingActivities": 83465550000, "totalCashflowsFromInvestingActivities": -169868968000, "dividendsPaid": -1999592000, "totalCashFromFinancingActivities": -1984803000, "effectOfExchangeRate": 5128000, "changeInCash": 21137239000, "issuanceOfStock": 14789000}, {"maxAge": 1, "endDate": "2019-03-31", "netIncome": 13267964000, "depreciation": 916978000, "changeToNetincome": 120543678000, "changeToLiabilities": 0, "totalCashFromOperatingActivities": 134728620000, "capitalExpenditures": -1423879000, "investments": -203349924000, "otherCashflowsFromInvestingActivities": 69228922000, "totalCashflowsFromInvestingActivities": -135528637000, "dividendsPaid": -1999512000, "otherCashflowsFromFinancingActivities": -411106000, "totalCashFromFinancingActivities": -2410618000, "effectOfExchangeRate": 4585000, "changeInCash": -3206050000, "issuanceOfStock": 14789000}, {"maxAge": 1, "endDate": "2018-03-31", "netIncome": 11503922000, "depreciation": 593054000, "changeToNetincome": 91852720000, "changeToLiabilities": 0, "totalCashFromOperatingActivities": 103949696000, "capitalExpenditures": -1074352000, "investments": -147988041000, "otherCashflowsFromInvestingActivities": 59878540000, "totalCashflowsFromInvestingActivities": -89098107000, "dividendsPaid": -1500000000, "otherCashflowsFromFinancingActivities": -712518000, "totalCashFromFinancingActivities": -2212518000, "effectOfExchangeRate": 1463000, "changeInCash": 12640534000, "issuanceOfStock": 14789000}, {"maxAge": 1, "endDate": "2017-03-31", "netIncome": 9544223000, "depreciation": 475586000, "changeToNetincome": 75231349000, "changeToLiabilities": 0, "totalCashFromOperatingActivities": 85251158000, "capitalExpenditures": -1484672000, "investments": -136614324000, "otherCashflowsFromInvestingActivities": 48328936000, "totalCashflowsFromInvestingActivities": -90312407000, "dividendsPaid": -1200000000, "otherCashflowsFromFinancingActivities": -244292000, "totalCashFromFinancingActivities": -1444292000, "effectOfExchangeRate": -5245000, "changeInCash": -6510786000, "issuanceOfStock": 14789000}], "maxAge": 86400}, "indexTrend": {"maxAge": 1, "symbol": "SP5", "peRatio": 19.7411, "pegRatio": 1.34172, "estimates": [{"period": "0q", "growth": 0.549}, {"period": "+1q", "growth": 0.431}, {"period": "0y", "growth": 0.305}, {"period": "+1y", "growth": 0.109}, {"period": "+5y", "growth": 0.120865}, {"period": "-5y"}]}, "defaultKeyStatistics": {"maxAge": 1, "priceHint": 2, "enterpriseValue": 899969646592, "profitMargins": 0.02168, "floatShares": 442684826, "sharesOutstanding": 1000070016, "heldPercentInsiders": 0.63008, "heldPercentInstitutions": 0.18642001, "beta": 0.66573, "category": null, "bookValue": 101.398, "priceToBook": 9.1589575, "fundFamily": null, "legalType": null, "lastFiscalYearEnd": "2020-03-31 05:30:00", "nextFiscalYearEnd": "2022-03-31 05:30:00", "mostRecentQuarter": "2020-12-31 05:30:00", "earningsQuarterlyGrowth": -0.403, "netIncomeToCommon": 14541331456, "trailingEps": 14.53, "lastSplitFactor": null, "enterpriseToRevenue": 1.342, "enterpriseToEbitda": 50.966}, "industryTrend": {"maxAge": 1, "symbol": null, "estimates": []}, "quoteType": {"exchange": "NSI", "quoteType": "EQUITY", "symbol": "SBILIFE.NS", "underlyingSymbol": "SBILIFE.NS", "shortName": "SBI LIFE INSURANCE", "longName": "SBI Life Insurance Company Limited", "firstTradeDateEpochUtc": "2017-10-03 09:15:00", "timeZoneFullName": "Asia/Kolkata", "timeZoneShortName": "IST", "uuid": "9623c870-f343-3ce2-8f67-2ee8d552ff38", "gmtOffSetMilliseconds": 19800000, "maxAge": 1}, "incomeStatementHistory": {"incomeStatementHistory": [{"maxAge": 1, "endDate": "2020-03-31", "totalRevenue": 437454460000, "costOfRevenue": 390335661000, "grossProfit": 47118799000, "researchDevelopment": {}, "sellingGeneralAdministrative": 22559144000, "nonRecurring": {}, "otherOperatingExpenses": 6561451000, "totalOperatingExpenses": 419466715000, "operatingIncome": 17987745000, "totalOtherIncomeExpenseNet": -84857000, "ebit": 17987745000, "interestExpense": -84857000, "incomeBeforeTax": 17902888000, "incomeTaxExpense": 3681057000, "minorityInterest": {}, "netIncomeFromContinuingOps": 14221831000, "discontinuedOperations": {}, "extraordinaryItems": {}, "effectOfAccountingCharges": {}, "otherItems": {}, "netIncome": 14221831000, "netIncomeApplicableToCommonShares": 14221831000}, {"maxAge": 1, "endDate": "2019-03-31", "totalRevenue": 445409653000, "costOfRevenue": 404070954000, "grossProfit": 41338699000, "researchDevelopment": {}, "sellingGeneralAdministrative": 19749278000, "nonRecurring": {}, "otherOperatingExpenses": 5079721000, "totalOperatingExpenses": 428917411000, "operatingIncome": 16492242000, "totalOtherIncomeExpenseNet": -1195811000, "ebit": 16492242000, "interestExpense": -76711000, "incomeBeforeTax": 16415531000, "incomeTaxExpense": 3147567000, "minorityInterest": {}, "netIncomeFromContinuingOps": 13267964000, "discontinuedOperations": {}, "extraordinaryItems": {}, "effectOfAccountingCharges": {}, "otherItems": {}, "netIncome": 13267964000, "netIncomeApplicableToCommonShares": 13267964000}, {"maxAge": 1, "endDate": "2018-03-31", "totalRevenue": 341132762000, "costOfRevenue": 306750794000, "grossProfit": 34381968000, "researchDevelopment": {}, "sellingGeneralAdministrative": 16173729000, "nonRecurring": {}, "otherOperatingExpenses": 3915490000, "totalOperatingExpenses": 326847618000, "operatingIncome": 14285144000, "totalOtherIncomeExpenseNet": -60611000, "ebit": 14285144000, "interestExpense": -60611000, "incomeBeforeTax": 14224533000, "incomeTaxExpense": 2720611000, "minorityInterest": {}, "netIncomeFromContinuingOps": 11503922000, "discontinuedOperations": {}, "extraordinaryItems": {}, "effectOfAccountingCharges": {}, "otherItems": {}, "netIncome": 11503922000, "netIncomeApplicableToCommonShares": 11503922000}, {"maxAge": 1, "endDate": "2017-03-31", "totalRevenue": 306079796000, "costOfRevenue": 276124434000, "grossProfit": 29955362000, "researchDevelopment": {}, "sellingGeneralAdministrative": 15672514000, "nonRecurring": {}, "otherOperatingExpenses": 2682315000, "totalOperatingExpenses": 294486183000, "operatingIncome": 11593613000, "totalOtherIncomeExpenseNet": -51886000, "ebit": 11593613000, "interestExpense": -51887000, "incomeBeforeTax": 11541727000, "incomeTaxExpense": 1997504000, "minorityInterest": {}, "netIncomeFromContinuingOps": 9544223000, "discontinuedOperations": {}, "extraordinaryItems": {}, "effectOfAccountingCharges": {}, "otherItems": {}, "netIncome": 9544223000, "netIncomeApplicableToCommonShares": 9544223000}], "maxAge": 86400}, "fundOwnership": {"ownershipList": [{"maxAge": 1, "reportDate": "2021-01-31", "organization": "Vanguard International Stock Index-Total Intl Stock Indx", "pctHeld": 0.005, "position": 5041265, "value": 4357921529}, {"maxAge": 1, "reportDate": "2021-01-31", "organization": "Vanguard International Stock Index-Emerging Markets Stk", "pctHeld": 0.0049, "position": 4884333, "value": 4222261661}, {"maxAge": 1, "reportDate": "2021-01-31", "organization": "Aberdeen Emerging Markets Fd", "pctHeld": 0.0047999998, "position": 4750950, "value": 4106958727}, {"maxAge": 1, "reportDate": "2020-12-31", "organization": "Baron Emerging Markets Fund", "pctHeld": 0.0046, "position": 4644357, "value": 4199659817}, {"maxAge": 1, "reportDate": "2020-12-31", "organization": "Calvert World Values Emerging Markets Equity Fund", "pctHeld": 0.0037, "position": 3700437, "value": 3346120157}, {"maxAge": 1, "reportDate": "2021-03-31", "organization": "iShares Core MSCI Emerging Markets ETF", "pctHeld": 0.0036000002, "position": 3574305, "value": 3148426559}, {"maxAge": 1, "reportDate": "2021-02-28", "organization": "Aberdeen Standard SICAV I-Indian Equity Fd", "pctHeld": 0.0034999999, "position": 3454583, "value": 2994778002}, {"maxAge": 1, "reportDate": "2021-03-31", "organization": "iShares MSCI India ETF", "pctHeld": 0.0028, "position": 2801865, "value": 2468022785}, {"maxAge": 1, "reportDate": "2021-02-28", "organization": "Aberdeen Standard SICAV I-Asia Equity Fund", "pctHeld": 0.0025, "position": 2476527, "value": 2146901256}, {"maxAge": 1, "reportDate": "2021-02-28", "organization": "Aberdeen Standard SICAV I-Emerging Markets Equity Fd", "pctHeld": 0.0021, "position": 2080595, "value": 1803667805}], "maxAge": 1}, "summaryDetail": {"maxAge": 1, "priceHint": 2, "previousClose": 928.2, "open": 928.0, "dayLow": 919.8, "dayHigh": 940.5, "regularMarketPreviousClose": 928.2, "regularMarketOpen": 928.0, "regularMarketDayLow": 919.8, "regularMarketDayHigh": 940.5, "dividendRate": 2.5, "dividendYield": 0.0027, "exDividendDate": "2021-04-05 05:30:00", "payoutRatio": 0.0, "beta": 0.66573, "trailingPE": 63.91604, "volume": 1326697, "regularMarketVolume": 1326697, "averageVolume": 2684796, "averageVolume10days": 1466428, "averageDailyVolume10Day": 1466428, "bid": 0.0, "ask": 0.0, "bidSize": 0, "askSize": 0, "marketCap": 928265404416, "fiftyTwoWeekLow": 653.0, "fiftyTwoWeekHigh": 983.75, "priceToSalesTrailing12Months": 1.3837378, "fiftyDayAverage": 892.6971, "twoHundredDayAverage": 858.80743, "trailingAnnualDividendRate": 0.0, "trailingAnnualDividendYield": 0.0, "currency": "INR", "fromCurrency": null, "lastMarket": null, "algorithm": null, "tradeable": false}, "insiderHolders": {"holders": [{"maxAge": 1, "name": "BNP Paribas Asset Management Asia Ltd.", "relation": "Promoter", "url": "", "transactionDescription": "Sale", "latestTransDate": "2021-03-12", "positionDirect": 2003612, "positionDirectDate": "2021-03-12"}, {"maxAge": 1, "name": "Bal (Subhendu Kumar)", "relation": "UNREPORTED", "url": "", "transactionDescription": "Other", "latestTransDate": "2020-02-19", "positionDirect": 6429, "positionDirectDate": "2020-02-19"}, {"maxAge": 1, "name": "Ghosh (Ranbir)", "relation": "UNREPORTED", "url": "", "transactionDescription": "Other", "latestTransDate": "2020-02-28", "positionDirect": 400, "positionDirectDate": "2020-02-28"}, {"maxAge": 1, "name": "Krishnamoorthy (Ramkumar)", "relation": "UNREPORTED", "url": "", "transactionDescription": "Sale", "latestTransDate": "2020-05-08", "positionDirect": 0, "positionDirectDate": "2020-05-08"}, {"maxAge": 1, "name": "Kumar (Ravindra)", "relation": "UNREPORTED", "url": "", "transactionDescription": "Other", "latestTransDate": "2020-08-19", "positionDirect": 5040, "positionDirectDate": "2020-08-19"}, {"maxAge": 1, "name": "Narendran (C Neeraj)", "relation": "UNREPORTED", "url": "", "transactionDescription": "Other", "latestTransDate": "2020-02-28", "positionDirect": 0, "positionDirectDate": "2020-02-28"}, {"maxAge": 1, "name": "Nath (Madhukar)", "relation": "UNREPORTED", "url": "", "transactionDescription": "Other", "latestTransDate": "2021-03-18", "positionDirect": 1800, "positionDirectDate": "2021-03-18"}, {"maxAge": 1, "name": "Pujari (Sanjeev Kumar)", "relation": "UNREPORTED", "url": "", "transactionDescription": "Other", "latestTransDate": "2020-06-19", "positionDirect": 11823, "positionDirectDate": "2020-06-19"}, {"maxAge": 1, "name": "State Bank of India", "relation": "Promoter", "url": "", "transactionDescription": "Sale", "latestTransDate": "2020-06-15", "positionDirect": 555000000, "positionDirectDate": "2020-06-15"}], "maxAge": 1}, "calendarEvents": {"maxAge": 1, "earnings": {"earningsDate": []}, "exDividendDate": "2021-04-05 05:30:00"}, "upgradeDowngradeHistory": {"history": [], "maxAge": 86400}, "price": {"maxAge": 1, "regularMarketChangePercent": 0.000538677, "regularMarketChange": 0.5, "regularMarketTime": "2021-04-30 15:30:00", "priceHint": 2, "regularMarketPrice": 928.7, "regularMarketDayHigh": 940.5, "regularMarketDayLow": 919.8, "regularMarketVolume": 1326697, "averageDailyVolume10Day": 1466428, "averageDailyVolume3Month": 2684796, "regularMarketPreviousClose": 928.2, "regularMarketSource": "FREE_REALTIME", "regularMarketOpen": 928.0, "exchange": "NSI", "exchangeName": "NSE", "exchangeDataDelayedBy": 15, "marketState": "CLOSED", "quoteType": "EQUITY", "symbol": "SBILIFE.NS", "underlyingSymbol": null, "shortName": "SBI LIFE INSURANCE", "longName": "SBI Life Insurance Company Limited", "currency": "INR", "quoteSourceName": "Delayed Quote", "currencySymbol": "\u20b9", "fromCurrency": null, "lastMarket": null, "marketCap": 928265404416}, "balanceSheetHistory": {"balanceSheetStatements": [{"maxAge": 1, "endDate": "2020-03-31", "cash": 14198665000, "shortTermInvestments": 6040141000, "netReceivables": 7956154000, "otherCurrentAssets": 3758387000, "totalCurrentAssets": 31953347000, "longTermInvestments": 62239321000, "propertyPlantEquipment": 5436101000, "intangibleAssets": 375747000, "otherAssets": 1555797356000, "totalAssets": 1655801872000, "accountsPayable": 13358288000, "otherCurrentLiab": 13481924000, "otherLiab": 1538148050000, "totalCurrentLiabilities": 30222984000, "totalLiab": 1568371034000, "commonStock": 10000263000, "retainedEarnings": 78823269000, "treasuryStock": -1407220000, "capitalSurplus": 14526000, "otherStockholderEquity": -1407220000, "totalStockholderEquity": 87430838000, "netTangibleAssets": 87055091000}, {"maxAge": 1, "endDate": "2019-03-31", "cash": 24173208000, "shortTermInvestments": 4205256000, "netReceivables": 7857588000, "otherCurrentAssets": 4333427000, "totalCurrentAssets": 40569479000, "longTermInvestments": 53027139000, "propertyPlantEquipment": 5542139000, "intangibleAssets": 410094000, "otherAssets": 1367789599000, "totalAssets": 1467338450000, "accountsPayable": 11683685000, "otherCurrentLiab": 22288227000, "otherLiab": 1354214790000, "totalCurrentLiabilities": 37360104000, "totalLiab": 1391574894000, "commonStock": 10000000000, "retainedEarnings": 64601438000, "treasuryStock": 1162118000, "otherStockholderEquity": 1162118000, "totalStockholderEquity": 75763556000, "netTangibleAssets": 75353462000}, {"maxAge": 1, "endDate": "2018-03-31", "cash": 25606183000, "shortTermInvestments": 3670410000, "netReceivables": 7290311000, "otherCurrentAssets": 4331903000, "totalCurrentAssets": 40898807000, "longTermInvestments": 46473063000, "propertyPlantEquipment": 5576517000, "intangibleAssets": 236402000, "otherAssets": 1124019578000, "totalAssets": 1217204367000, "accountsPayable": 13640022000, "otherCurrentLiab": 19469032000, "otherLiab": 1116279458000, "totalCurrentLiabilities": 35646730000, "totalLiab": 1151926188000, "commonStock": 10000000000, "retainedEarnings": 53744580000, "treasuryStock": 1533599000, "otherStockholderEquity": 1533599000, "totalStockholderEquity": 65278179000, "netTangibleAssets": 65041777000}, {"maxAge": 1, "endDate": "2017-03-31", "cash": 24298416000, "shortTermInvestments": 2354349000, "netReceivables": 4838627000, "otherCurrentAssets": 2902016000, "totalCurrentAssets": 34393408000, "longTermInvestments": 40600699000, "propertyPlantEquipment": 5151106000, "intangibleAssets": 233643000, "otherAssets": 942016793000, "totalAssets": 1022395649000, "accountsPayable": 12523065000, "otherCurrentLiab": 16411204000, "otherLiab": 936731675000, "totalCurrentLiabilities": 30143184000, "totalLiab": 966874859000, "commonStock": 10000000000, "retainedEarnings": 44647810000, "treasuryStock": 872980000, "otherStockholderEquity": 872980000, "totalStockholderEquity": 55520790000, "netTangibleAssets": 55287147000}], "maxAge": 86400}, "earningsTrend": {"trend": [{"maxAge": 1, "period": "0q", "endDate": null, "growth": {}, "earningsEstimate": {"avg": 0.0, "low": 0.0, "high": 0.0, "yearAgoEps": {}, "numberOfAnalysts": 0, "growth": {}}, "revenueEstimate": {"avg": 0, "low": 0, "high": 0, "numberOfAnalysts": 0, "yearAgoRevenue": {}, "growth": {}}, "epsTrend": {"current": 0.0, "7daysAgo": 0.0, "30daysAgo": 0.0, "60daysAgo": 0.0, "90daysAgo": 0.0}, "epsRevisions": {"upLast7days": 0, "upLast30days": 0, "downLast30days": 0, "downLast90days": {}}}, {"maxAge": 1, "period": "+1q", "endDate": null, "growth": {}, "earningsEstimate": {"avg": 0.0, "low": 0.0, "high": 0.0, "yearAgoEps": {}, "numberOfAnalysts": 0, "growth": {}}, "revenueEstimate": {"avg": 0, "low": 0, "high": 0, "numberOfAnalysts": 0, "yearAgoRevenue": {}, "growth": {}}, "epsTrend": {"current": 0.0, "7daysAgo": 0.0, "30daysAgo": 0.0, "60daysAgo": 0.0, "90daysAgo": 0.0}, "epsRevisions": {"upLast7days": 0, "upLast30days": 0, "downLast30days": 0, "downLast90days": {}}}, {"maxAge": 1, "period": "0y", "endDate": null, "growth": {}, "earningsEstimate": {"avg": 0.0, "low": 0.0, "high": 0.0, "yearAgoEps": {}, "numberOfAnalysts": 0, "growth": {}}, "revenueEstimate": {"avg": 0, "low": 0, "high": 0, "numberOfAnalysts": 0, "yearAgoRevenue": {}, "growth": {}}, "epsTrend": {"current": 0.0, "7daysAgo": 0.0, "30daysAgo": 0.0, "60daysAgo": 0.0, "90daysAgo": 0.0}, "epsRevisions": {"upLast7days": 0, "upLast30days": 0, "downLast30days": 0, "downLast90days": {}}}, {"maxAge": 1, "period": "+1y", "endDate": null, "growth": {}, "earningsEstimate": {"avg": 0.0, "low": 0.0, "high": 0.0, "yearAgoEps": {}, "numberOfAnalysts": 0, "growth": {}}, "revenueEstimate": {"avg": 0, "low": 0, "high": 0, "numberOfAnalysts": 0, "yearAgoRevenue": {}, "growth": {}}, "epsTrend": {"current": 0.0, "7daysAgo": 0.0, "30daysAgo": 0.0, "60daysAgo": 0.0, "90daysAgo": 0.0}, "epsRevisions": {"upLast7days": 0, "upLast30days": 0, "downLast30days": 0, "downLast90days": {}}}, {"maxAge": 1, "period": "+5y", "endDate": null, "growth": 0.1876, "earningsEstimate": {"avg": {}, "low": {}, "high": {}, "yearAgoEps": {}, "numberOfAnalysts": {}, "growth": {}}, "revenueEstimate": {"avg": {}, "low": {}, "high": {}, "numberOfAnalysts": {}, "yearAgoRevenue": {}, "growth": {}}, "epsTrend": {"current": {}, "7daysAgo": {}, "30daysAgo": {}, "60daysAgo": {}, "90daysAgo": {}}, "epsRevisions": {"upLast7days": {}, "upLast30days": {}, "downLast30days": {}, "downLast90days": {}}}, {"maxAge": 1, "period": "-5y", "endDate": null, "growth": {}, "earningsEstimate": {"avg": {}, "low": {}, "high": {}, "yearAgoEps": {}, "numberOfAnalysts": {}, "growth": {}}, "revenueEstimate": {"avg": {}, "low": {}, "high": {}, "numberOfAnalysts": {}, "yearAgoRevenue": {}, "growth": {}}, "epsTrend": {"current": {}, "7daysAgo": {}, "30daysAgo": {}, "60daysAgo": {}, "90daysAgo": {}}, "epsRevisions": {"upLast7days": {}, "upLast30days": {}, "downLast30days": {}, "downLast90days": {}}}], "maxAge": 1}, "institutionOwnership": {"ownershipList": [{"maxAge": 1, "reportDate": "2020-12-31", "organization": "Stanley-Laman Group, Ltd.", "pctHeld": 0.0001, "position": 98304, "value": 88891392}], "maxAge": 1}, "majorHoldersBreakdown": {"maxAge": 1, "insidersPercentHeld": 0.63008, "institutionsPercentHeld": 0.18642001, "institutionsFloatPercentHeld": 0.50395, "institutionsCount": 157}, "balanceSheetHistoryQuarterly": {"balanceSheetStatements": [{"maxAge": 1, "endDate": "2020-12-31", "cash": 28132500000, "otherCurrentAssets": 46006000000, "totalCurrentAssets": 74138500000, "longTermInvestments": 86837000000, "propertyPlantEquipment": 5640900000, "otherAssets": 1987333800000, "totalAssets": 2153950200000, "otherCurrentLiab": 41528300000, "otherLiab": 2011089600000, "totalCurrentLiabilities": 41528300000, "totalLiab": 2052617900000, "commonStock": 10000600000, "treasuryStock": 91331700000, "otherStockholderEquity": 91331700000, "totalStockholderEquity": 101332300000, "netTangibleAssets": 101332300000}, {"maxAge": 1, "endDate": "2020-09-30", "cash": 21564400000, "otherCurrentAssets": 44214800000, "totalCurrentAssets": 65779200000, "longTermInvestments": 83426500000, "propertyPlantEquipment": 5644500000, "otherAssets": 1763195300000, "totalAssets": 1918045500000, "otherCurrentLiab": 35579300000, "otherLiab": 1785830800000, "totalCurrentLiabilities": 35579300000, "totalLiab": 1821410100000, "commonStock": 10000500000, "treasuryStock": 86634900000, "otherStockholderEquity": 86634900000, "totalStockholderEquity": 96635400000, "netTangibleAssets": 96635400000}, {"maxAge": 1, "endDate": "2020-06-30", "cash": 16498400000, "otherCurrentAssets": 39765300000, "totalCurrentAssets": 56263700000, "longTermInvestments": 80825500000, "propertyPlantEquipment": 5701200000, "otherAssets": 1659314100000, "totalAssets": 1802104500000, "otherCurrentLiab": 36194500000, "otherLiab": 1672792700000, "totalCurrentLiabilities": 36194500000, "totalLiab": 1708987200000, "commonStock": 10000400000, "treasuryStock": 83116900000, "otherStockholderEquity": 83116900000, "totalStockholderEquity": 93117300000, "netTangibleAssets": 93117300000}, {"maxAge": 1, "endDate": "2020-03-31", "cash": 14198665000, "shortTermInvestments": 6040141000, "netReceivables": 7956154000, "otherCurrentAssets": 3758387000, "totalCurrentAssets": 31953347000, "longTermInvestments": 62239321000, "propertyPlantEquipment": 5436101000, "intangibleAssets": 375747000, "otherAssets": 1555797356000, "totalAssets": 1655801872000, "accountsPayable": 13358288000, "otherCurrentLiab": 13481924000, "otherLiab": 1538148050000, "totalCurrentLiabilities": 30222984000, "totalLiab": 1568371034000, "commonStock": 10000263000, "retainedEarnings": 78823269000, "treasuryStock": -1407220000, "capitalSurplus": 14526000, "otherStockholderEquity": -1407220000, "totalStockholderEquity": 87430838000, "netTangibleAssets": 87055091000}], "maxAge": 86400}, "earningsHistory": {"history": [{"maxAge": 1, "epsActual": {}, "epsEstimate": {}, "epsDifference": {}, "surprisePercent": {}, "quarter": {}, "period": "-4q"}, {"maxAge": 1, "epsActual": {}, "epsEstimate": {}, "epsDifference": {}, "surprisePercent": {}, "quarter": {}, "period": "-3q"}, {"maxAge": 1, "epsActual": {}, "epsEstimate": {}, "epsDifference": {}, "surprisePercent": {}, "quarter": {}, "period": "-2q"}, {"maxAge": 1, "epsActual": {}, "epsEstimate": {}, "epsDifference": {}, "surprisePercent": {}, "quarter": {}, "period": "-1q"}], "maxAge": 86400}, "summaryProfile": {"address1": "NATRAJ", "address2": "M.V. Road & Western Express Highway Junction Andheri (East)", "city": "Mumbai", "zip": "400069", "country": "India", "phone": "91 22 6191 0000", "fax": "91 22 6191 0517", "website": "http://www.sbilife.co.in", "industry": "Insurance\u2014Life", "sector": "Financial Services", "longBusinessSummary": "SBI Life Insurance Company Limited operates as a private life insurance company in India. Its life insurance business comprises of individual life and group business, including participating, non-participating, pension, group gratuity, group leave encashment, group superannuation, group immediate annuity, unit-linked and variable insurance products, health, and micro insurance. The company also provides accident and disability benefit, level term, and critical illness insurance products. It offers its products through a multi-channel distribution network comprising individual agents, sbi branches, brokers, corporate agents, banca partners, and certified insurance facilitators, as well as common service centre, insurance marketing firm, direct business, and Website and web aggregators. The company was founded in 2000 and is based in Mumbai, India. SBI Life Insurance Company Limited is a subsidiary of State Bank of India.", "fullTimeEmployees": 17466, "companyOfficers": [], "maxAge": 86400}, "netSharePurchaseActivity": {"maxAge": 1, "period": "6m", "buyInfoCount": 0, "buyInfoShares": 0, "sellInfoCount": 0, "netInfoCount": 0, "netInfoShares": 0, "netPercentInsiderShares": 0.0, "totalInsiderShares": 629674368}, "insiderTransactions": {"transactions": [{"maxAge": 1, "shares": 1800, "value": 13927, "filerUrl": "", "transactionText": "Other at price 7.74 per share.", "filerName": "Nath (Madhukar)", "filerRelation": "UNREPORTED", "moneyText": "", "startDate": "2021-03-18", "ownership": "D"}, {"maxAge": 1, "shares": 50003480, "value": 626953632, "filerUrl": "", "transactionText": "Sale at price 12.54 per share.", "filerName": "BNP Paribas Asset Management Asia Ltd.", "filerRelation": "Promoter", "moneyText": "", "startDate": "2021-03-12", "ownership": "D"}, {"maxAge": 1, "shares": 2513, "value": 18884, "filerUrl": "", "transactionText": "Other at price 7.51 per share.", "filerName": "Kumar (Ravindra)", "filerRelation": "UNREPORTED", "moneyText": "", "startDate": "2020-08-19", "ownership": "D"}, {"maxAge": 1, "shares": 2703, "filerUrl": "", "transactionText": "", "filerName": "Pujari (Sanjeev Kumar)", "filerRelation": "UNREPORTED", "moneyText": "", "startDate": "2020-06-19", "ownership": "D"}, {"maxAge": 1, "shares": 21000000, "filerUrl": "", "transactionText": "", "filerName": "State Bank of India", "filerRelation": "Promoter", "moneyText": "", "startDate": "2020-06-15", "ownership": "D"}, {"maxAge": 1, "shares": 3000, "filerUrl": "", "transactionText": "", "filerName": "Pujari (Sanjeev Kumar)", "filerRelation": "UNREPORTED", "moneyText": "", "startDate": "2020-05-19", "ownership": "D"}, {"maxAge": 1, "shares": 2349, "filerUrl": "", "transactionText": "", "filerName": "Krishnamoorthy (Ramkumar)", "filerRelation": "UNREPORTED", "moneyText": "", "startDate": "2020-05-08", "ownership": "D"}, {"maxAge": 1, "shares": 3500, "filerUrl": "", "transactionText": "", "filerName": "Pujari (Sanjeev Kumar)", "filerRelation": "UNREPORTED", "moneyText": "", "startDate": "2020-03-18", "ownership": "D"}, {"maxAge": 1, "shares": 690, "filerUrl": "", "transactionText": "", "filerName": "Narendran (C Neeraj)", "filerRelation": "UNREPORTED", "moneyText": "", "startDate": "2020-02-28", "ownership": "D"}, {"maxAge": 1, "shares": 1350, "filerUrl": "", "transactionText": "", "filerName": "Ghosh (Ranbir)", "filerRelation": "UNREPORTED", "moneyText": "", "startDate": "2020-02-28", "ownership": "D"}, {"maxAge": 1, "shares": 5379, "filerUrl": "", "transactionText": "", "filerName": "Bal (Subhendu Kumar)", "filerRelation": "UNREPORTED", "moneyText": "", "startDate": "2020-02-19", "ownership": "D"}, {"maxAge": 1, "shares": 2200, "filerUrl": "", "transactionText": "", "filerName": "Pujari (Sanjeev Kumar)", "filerRelation": "UNREPORTED", "moneyText": "", "startDate": "2020-02-19", "ownership": "D"}, {"maxAge": 1, "shares": 2349, "filerUrl": "", "transactionText": "", "filerName": "Krishnamoorthy (Ramkumar)", "filerRelation": "UNREPORTED", "moneyText": "", "startDate": "2020-02-19", "ownership": "D"}, {"maxAge": 1, "shares": 45000000, "filerUrl": "", "transactionText": "", "filerName": "State Bank of India", "filerRelation": "Promoter", "moneyText": "", "startDate": "2019-09-13", "ownership": "D"}, {"maxAge": 1, "shares": 25000000, "filerUrl": "", "transactionText": "", "filerName": "BNP Paribas Asset Management Asia Ltd.", "filerRelation": "Promoter", "moneyText": "", "startDate": "2019-06-26", "ownership": "D"}, {"maxAge": 1, "shares": 50740000, "filerUrl": "", "transactionText": "", "filerName": "BNP Paribas Asset Management Asia Ltd.", "filerRelation": "Promoter", "moneyText": "", "startDate": "2019-03-29", "ownership": "D"}, {"maxAge": 1, "shares": 92252908, "filerUrl": "", "transactionText": "", "filerName": "BNP Paribas Asset Management Asia Ltd.", "filerRelation": "Promoter", "moneyText": "", "startDate": "2019-03-01", "ownership": "D"}], "maxAge": 1}, "sectorTrend": {"maxAge": 1, "symbol": null, "estimates": []}, "incomeStatementHistoryQuarterly": {"incomeStatementHistory": [{"maxAge": 1, "endDate": "2020-12-31", "totalRevenue": 267665300000, "costOfRevenue": 256357500000, "grossProfit": 11307800000, "researchDevelopment": {}, "sellingGeneralAdministrative": 4119900000, "nonRecurring": {}, "otherOperatingExpenses": 4226600000, "totalOperatingExpenses": 264705200000, "operatingIncome": 2960100000, "totalOtherIncomeExpenseNet": 0, "ebit": 2960100000, "interestExpense": {}, "incomeBeforeTax": 2960100000, "incomeTaxExpense": 631600000, "minorityInterest": {}, "netIncomeFromContinuingOps": 2328500000, "discontinuedOperations": {}, "extraordinaryItems": {}, "effectOfAccountingCharges": {}, "otherItems": {}, "netIncome": 2328500000, "netIncomeApplicableToCommonShares": 2328500000}, {"maxAge": 1, "endDate": "2020-09-30", "totalRevenue": 186454800000, "costOfRevenue": 176697800000, "grossProfit": 9757000000, "researchDevelopment": {}, "sellingGeneralAdministrative": 3760200000, "nonRecurring": {}, "otherOperatingExpenses": 3845400000, "totalOperatingExpenses": 184303800000, "operatingIncome": 2151000000, "totalOtherIncomeExpenseNet": 0, "ebit": 2151000000, "interestExpense": {}, "incomeBeforeTax": 2151000000, "incomeTaxExpense": -846300000, "minorityInterest": {}, "netIncomeFromContinuingOps": 2997300000, "discontinuedOperations": {}, "extraordinaryItems": {}, "effectOfAccountingCharges": {}, "otherItems": {}, "netIncome": 2997300000, "netIncomeApplicableToCommonShares": 2997300000}, {"maxAge": 1, "endDate": "2020-06-30", "totalRevenue": 164064800000, "costOfRevenue": 150977400000, "grossProfit": 13087400000, "researchDevelopment": {}, "sellingGeneralAdministrative": 3632200000, "nonRecurring": {}, "otherOperatingExpenses": 3184500000, "totalOperatingExpenses": 157794900000, "operatingIncome": 6269900000, "totalOtherIncomeExpenseNet": 100000, "ebit": 6269900000, "interestExpense": {}, "incomeBeforeTax": 6270000000, "incomeTaxExpense": 2361100000, "minorityInterest": {}, "netIncomeFromContinuingOps": 3908900000, "discontinuedOperations": {}, "extraordinaryItems": {}, "effectOfAccountingCharges": {}, "otherItems": {}, "netIncome": 3908900000, "netIncomeApplicableToCommonShares": 3908900000}, {"maxAge": 1, "endDate": "2020-03-31", "totalRevenue": 52654160000, "costOfRevenue": 39263561000, "grossProfit": 13390599000, "researchDevelopment": {}, "sellingGeneralAdministrative": 12365944000, "nonRecurring": {}, "otherOperatingExpenses": -4939349000, "totalOperatingExpenses": 46695815000, "operatingIncome": 5958345000, "totalOtherIncomeExpenseNet": -84957000, "ebit": 5958345000, "interestExpense": -84857000, "incomeBeforeTax": 5873388000, "incomeTaxExpense": 566757000, "minorityInterest": {}, "netIncomeFromContinuingOps": 5306631000, "discontinuedOperations": {}, "extraordinaryItems": {}, "effectOfAccountingCharges": {}, "otherItems": {}, "netIncome": 5306631000, "netIncomeApplicableToCommonShares": 5306631000}], "maxAge": 86400}, "cashflowStatementHistoryQuarterly": {"cashflowStatements": [{"maxAge": 1, "endDate": "2020-12-31", "netIncome": 2328500000, "changeToLiabilities": 0}, {"maxAge": 1, "endDate": "2020-09-30", "netIncome": 2997300000, "changeToLiabilities": 0}, {"maxAge": 1, "endDate": "2020-06-30", "netIncome": 3908900000, "changeToLiabilities": 0}, {"maxAge": 1, "endDate": "2020-03-31", "netIncome": 5306631000, "changeToLiabilities": 0}], "maxAge": 86400}, "earnings": {"maxAge": 86400, "earningsChart": {"quarterly": [], "earningsDate": []}, "financialsChart": {"yearly": [{"date": 2017, "revenue": 306079796000, "earnings": 9544223000}, {"date": 2018, "revenue": 341132762000, "earnings": 11503922000}, {"date": 2019, "revenue": 445409653000, "earnings": 13267964000}, {"date": 2020, "revenue": 437454460000, "earnings": 14221831000}], "quarterly": [{"date": "1Q2020", "revenue": 52654160000, "earnings": 5306631000}, {"date": "2Q2020", "revenue": 164064800000, "earnings": 3908900000}, {"date": "3Q2020", "revenue": 186454800000, "earnings": 2997300000}, {"date": "4Q2020", "revenue": 267665300000, "earnings": 2328500000}]}, "financialCurrency": "INR"}, "financialData": {"maxAge": 86400, "currentPrice": 928.7, "targetHighPrice": 910.0, "targetLowPrice": 780.0, "targetMeanPrice": 846.41, "targetMedianPrice": 846.0, "recommendationMean": 1.6, "recommendationKey": "buy", "numberOfAnalystOpinions": 17, "totalCash": 28132499456, "totalCashPerShare": 28.151, "ebitda": 17658087424, "totalDebt": 0, "quickRatio": 0.677, "currentRatio": 1.785, "totalRevenue": 670839078912, "revenuePerShare": 670.31, "returnOnAssets": 0.0056, "returnOnEquity": 0.15619999, "grossProfits": 47118799000, "earningsGrowth": -0.403, "revenueGrowth": 0.684, "grossMargins": 0.07087, "ebitdaMargins": 0.02632, "operatingMargins": 0.02585, "profitMargins": 0.02168, "financialCurrency": "INR"}}}