{"SBILIFE.BO": {"recommendationTrend": {"trend": [{"period": "0m", "strongBuy": 0, "buy": 0, "hold": 0, "sell": 0, "strongSell": 0}, {"period": "-1m", "strongBuy": 0, "buy": 0, "hold": 0, "sell": 0, "strongSell": 0}, {"period": "-2m", "strongBuy": 0, "buy": 0, "hold": 0, "sell": 0, "strongSell": 0}, {"period": "-3m", "strongBuy": 0, "buy": 0, "hold": 0, "sell": 0, "strongSell": 0}], "maxAge": 86400}, "cashflowStatementHistory": {"cashflowStatements": [{"maxAge": 1, "endDate": "2020-03-31", "netIncome": 14221831000, "depreciation": 575072000, "changeToNetincome": 177863742000, "changeToLiabilities": 0, "totalCashFromOperatingActivities": 192985882000, "capitalExpenditures": -809928000, "investments": -250657653000, "otherCashflowsFromInvestingActivities": 83465550000, "totalCashflowsFromInvestingActivities": -169868968000, "dividendsPaid": -1999592000, "totalCashFromFinancingActivities": -1984803000, "effectOfExchangeRate": 5128000, "changeInCash": 21137239000, "issuanceOfStock": 14789000}, {"maxAge": 1, "endDate": "2019-03-31", "netIncome": 13267964000, "depreciation": 916978000, "changeToNetincome": 120543678000, "changeToLiabilities": 0, "totalCashFromOperatingActivities": 134728620000, "capitalExpenditures": -1423879000, "investments": -203349924000, "otherCashflowsFromInvestingActivities": 69228922000, "totalCashflowsFromInvestingActivities": -135528637000, "dividendsPaid": -1999512000, "otherCashflowsFromFinancingActivities": -411106000, "totalCashFromFinancingActivities": -2410618000, "effectOfExchangeRate": 4585000, "changeInCash": -3206050000, "issuanceOfStock": 14789000}, {"maxAge": 1, "endDate": "2018-03-31", "netIncome": 11503922000, "depreciation": 593054000, "changeToNetincome": 91852720000, "changeToLiabilities": 0, "totalCashFromOperatingActivities": 103949696000, "capitalExpenditures": -1074352000, "investments": -147988041000, "otherCashflowsFromInvestingActivities": 59878540000, "totalCashflowsFromInvestingActivities": -89098107000, "dividendsPaid": -1500000000, "otherCashflowsFromFinancingActivities": -712518000, "totalCashFromFinancingActivities": -2212518000, "effectOfExchangeRate": 1463000, "changeInCash": 12640534000, "issuanceOfStock": 14789000}, {"maxAge": 1, "endDate": "2017-03-31", "netIncome": 9544223000, "depreciation": 475586000, "changeToNetincome": 75231349000, "changeToLiabilities": 0, "totalCashFromOperatingActivities": 85251158000, "capitalExpenditures": -1484672000, "investments": -136614324000, "otherCashflowsFromInvestingActivities": 48328936000, "totalCashflowsFromInvestingActivities": -90312407000, "dividendsPaid": -1200000000, "otherCashflowsFromFinancingActivities": -244292000, "totalCashFromFinancingActivities": -1444292000, "effectOfExchangeRate": -5245000, "changeInCash": -6510786000, "issuanceOfStock": 14789000}], "maxAge": 86400}, "institutionOwnership": {"ownershipList": [{"maxAge": 1, "reportDate": "2020-06-30", "organization": "Stanley-Laman Group, Ltd.", "pctHeld": 0.0001, "position": 98304, "value": 79296921}], "maxAge": 1}, "balanceSheetHistoryQuarterly": {"balanceSheetStatements": [{"maxAge": 1, "endDate": "2020-06-30", "cash": 16498400000, "otherCurrentAssets": 39765300000, "totalCurrentAssets": 56263700000, "longTermInvestments": 80825500000, "propertyPlantEquipment": 5701200000, "otherAssets": 1659314100000, "totalAssets": 1802104500000, "otherCurrentLiab": 36194500000, "otherLiab": 1672792700000, "totalCurrentLiabilities": 36194500000, "totalLiab": 1708987200000, "commonStock": 10000400000, "retainedEarnings": 82755700000, "treasuryStock": 361200000, "otherStockholderEquity": 361200000, "totalStockholderEquity": 93117300000, "netTangibleAssets": 93117300000}, {"maxAge": 1, "endDate": "2020-03-31", "cash": 14198665000, "shortTermInvestments": 6040141000, "netReceivables": 7956154000, "otherCurrentAssets": 3758387000, "totalCurrentAssets": 31953347000, "longTermInvestments": 62239321000, "propertyPlantEquipment": 5436101000, "intangibleAssets": 375747000, "otherAssets": 1555797356000, "totalAssets": 1655801872000, "accountsPayable": 13358288000, "otherCurrentLiab": 13481924000, "otherLiab": 1538148050000, "totalCurrentLiabilities": 30222984000, "totalLiab": 1568371034000, "commonStock": 10000263000, "retainedEarnings": 78823269000, "treasuryStock": -1407220000, "capitalSurplus": 14526000, "otherStockholderEquity": -1407220000, "totalStockholderEquity": 87430838000, "netTangibleAssets": 87055091000}, {"maxAge": 1, "endDate": "2019-12-31", "cash": 21604800000, "otherCurrentAssets": 62435200000, "totalCurrentAssets": 84040000000, "longTermInvestments": 69929400000, "propertyPlantEquipment": 5867500000, "otherAssets": 1558452200000, "totalAssets": 1718289100000, "otherCurrentLiab": 60290800000, "otherLiab": 1573147800000, "totalCurrentLiabilities": 60290800000, "totalLiab": 1633438600000, "commonStock": 10000000000, "retainedEarnings": 73519600000, "treasuryStock": 1330900000, "otherStockholderEquity": 1330900000, "totalStockholderEquity": 84850500000, "netTangibleAssets": 84850500000}, {"maxAge": 1, "endDate": "2019-09-30", "cash": 17540600000, "otherCurrentAssets": 40357900000, "totalCurrentAssets": 57898500000, "longTermInvestments": 69089800000, "propertyPlantEquipment": 5991700000, "otherAssets": 1464890300000, "totalAssets": 1597870300000, "otherCurrentLiab": 27357600000, "otherLiab": 1489798100000, "totalCurrentLiabilities": 27357600000, "totalLiab": 1517155700000, "commonStock": 10000000000, "retainedEarnings": 69619200000, "treasuryStock": 1095400000, "otherStockholderEquity": 1095400000, "totalStockholderEquity": 80714600000, "netTangibleAssets": 80714600000}], "maxAge": 86400}, "earningsHistory": {"history": [{"maxAge": 1, "epsActual": {}, "epsEstimate": {}, "epsDifference": {}, "surprisePercent": {}, "quarter": {}, "period": "-4q"}, {"maxAge": 1, "epsActual": {}, "epsEstimate": {}, "epsDifference": {}, "surprisePercent": {}, "quarter": {}, "period": "-3q"}, {"maxAge": 1, "epsActual": {}, "epsEstimate": {}, "epsDifference": {}, "surprisePercent": {}, "quarter": {}, "period": "-2q"}, {"maxAge": 1, "epsActual": {}, "epsEstimate": {}, "epsDifference": {}, "surprisePercent": {}, "quarter": {}, "period": "-1q"}], "maxAge": 86400}, "indexTrend": {"maxAge": 1, "symbol": "SP5", "peRatio": 19.7411, "pegRatio": 1.34172, "estimates": [{"period": "0q", "growth": 0.549}, {"period": "+1q", "growth": 0.431}, {"period": "0y", "growth": 0.305}, {"period": "+1y", "growth": 0.109}, {"period": "+5y", "growth": 0.120865}, {"period": "-5y"}]}, "industryTrend": {"maxAge": 1, "symbol": null, "estimates": []}, "insiderTransactions": {"transactions": [{"maxAge": 1, "shares": 2513, "value": 18884, "filerUrl": "", "transactionText": "Other at price 7.51 per share.", "filerName": "Kumar (Ravindra)", "filerRelation": "UNREPORTED", "moneyText": "", "startDate": "2020-08-19", "ownership": "D"}, {"maxAge": 1, "shares": 2703, "filerUrl": "", "transactionText": "", "filerName": "Pujari (Sanjeev Kumar)", "filerRelation": "UNREPORTED", "moneyText": "", "startDate": "2020-06-19", "ownership": "D"}, {"maxAge": 1, "shares": 21000000, "filerUrl": "", "transactionText": "", "filerName": "State Bank of India", "filerRelation": "Promoter", "moneyText": "", "startDate": "2020-06-15", "ownership": "D"}, {"maxAge": 1, "shares": 3000, "filerUrl": "", "transactionText": "", "filerName": "Pujari (Sanjeev Kumar)", "filerRelation": "UNREPORTED", "moneyText": "", "startDate": "2020-05-19", "ownership": "D"}, {"maxAge": 1, "shares": 2349, "filerUrl": "", "transactionText": "", "filerName": "Krishnamoorthy (Ramkumar)", "filerRelation": "UNREPORTED", "moneyText": "", "startDate": "2020-05-08", "ownership": "D"}, {"maxAge": 1, "shares": 3500, "filerUrl": "", "transactionText": "", "filerName": "Pujari (Sanjeev Kumar)", "filerRelation": "UNREPORTED", "moneyText": "", "startDate": "2020-03-18", "ownership": "D"}, {"maxAge": 1, "shares": 1350, "filerUrl": "", "transactionText": "", "filerName": "Ghosh (Ranbir)", "filerRelation": "UNREPORTED", "moneyText": "", "startDate": "2020-02-28", "ownership": "D"}, {"maxAge": 1, "shares": 690, "filerUrl": "", "transactionText": "", "filerName": "Narendran (C Neeraj)", "filerRelation": "UNREPORTED", "moneyText": "", "startDate": "2020-02-28", "ownership": "D"}, {"maxAge": 1, "shares": 2349, "filerUrl": "", "transactionText": "", "filerName": "Krishnamoorthy (Ramkumar)", "filerRelation": "UNREPORTED", "moneyText": "", "startDate": "2020-02-19", "ownership": "D"}, {"maxAge": 1, "shares": 2200, "filerUrl": "", "transactionText": "", "filerName": "Pujari (Sanjeev Kumar)", "filerRelation": "UNREPORTED", "moneyText": "", "startDate": "2020-02-19", "ownership": "D"}, {"maxAge": 1, "shares": 5379, "filerUrl": "", "transactionText": "", "filerName": "Bal (Subhendu Kumar)", "filerRelation": "UNREPORTED", "moneyText": "", "startDate": "2020-02-19", "ownership": "D"}, {"maxAge": 1, "shares": 45000000, "filerUrl": "", "transactionText": "", "filerName": "State Bank of India", "filerRelation": "Promoter", "moneyText": "", "startDate": "2019-09-13", "ownership": "D"}, {"maxAge": 1, "shares": 25000000, "filerUrl": "", "transactionText": "", "filerName": "BNP Paribas Asset Management Asia Ltd.", "filerRelation": "Promoter", "moneyText": "", "startDate": "2019-06-26", "ownership": "D"}, {"maxAge": 1, "shares": 50740000, "filerUrl": "", "transactionText": "", "filerName": "BNP Paribas Asset Management Asia Ltd.", "filerRelation": "Promoter", "moneyText": "", "startDate": "2019-03-29", "ownership": "D"}, {"maxAge": 1, "shares": 92252908, "filerUrl": "", "transactionText": "", "filerName": "BNP Paribas Asset Management Asia Ltd.", "filerRelation": "Promoter", "moneyText": "", "startDate": "2019-03-01", "ownership": "D"}], "maxAge": 1}, "quoteType": {"exchange": "BSE", "quoteType": "EQUITY", "symbol": "SBILIFE.BO", "underlyingSymbol": "SBILIFE.BO", "shortName": "SBI Life Insurance Company Lim", "longName": "SBI Life Insurance Company Limited", "firstTradeDateEpochUtc": "2017-10-03 09:15:00", "timeZoneFullName": "Asia/Kolkata", "timeZoneShortName": "IST", "uuid": "5cc0e169-88a4-3c25-93a6-0cbfd11d4a7f", "gmtOffSetMilliseconds": 19800000, "maxAge": 1}, "incomeStatementHistory": {"incomeStatementHistory": [{"maxAge": 1, "endDate": "2020-03-31", "totalRevenue": 437454460000, "costOfRevenue": 390335661000, "grossProfit": 47118799000, "researchDevelopment": {}, "sellingGeneralAdministrative": 22559144000, "nonRecurring": {}, "otherOperatingExpenses": 6561451000, "totalOperatingExpenses": 419466715000, "operatingIncome": 17987745000, "totalOtherIncomeExpenseNet": -84857000, "ebit": 17987745000, "interestExpense": -84857000, "incomeBeforeTax": 17902888000, "incomeTaxExpense": 3681057000, "minorityInterest": {}, "netIncomeFromContinuingOps": 14221831000, "discontinuedOperations": {}, "extraordinaryItems": {}, "effectOfAccountingCharges": {}, "otherItems": {}, "netIncome": 14221831000, "netIncomeApplicableToCommonShares": 14221831000}, {"maxAge": 1, "endDate": "2019-03-31", "totalRevenue": 445409653000, "costOfRevenue": 404070954000, "grossProfit": 41338699000, "researchDevelopment": {}, "sellingGeneralAdministrative": 19749278000, "nonRecurring": {}, "otherOperatingExpenses": 5079721000, "totalOperatingExpenses": 428917411000, "operatingIncome": 16492242000, "totalOtherIncomeExpenseNet": -1195811000, "ebit": 16492242000, "interestExpense": -76711000, "incomeBeforeTax": 16415531000, "incomeTaxExpense": 3147567000, "minorityInterest": {}, "netIncomeFromContinuingOps": 13267964000, "discontinuedOperations": {}, "extraordinaryItems": {}, "effectOfAccountingCharges": {}, "otherItems": {}, "netIncome": 13267964000, "netIncomeApplicableToCommonShares": 13267964000}, {"maxAge": 1, "endDate": "2018-03-31", "totalRevenue": 341132762000, "costOfRevenue": 306750794000, "grossProfit": 34381968000, "researchDevelopment": {}, "sellingGeneralAdministrative": 16173729000, "nonRecurring": {}, "otherOperatingExpenses": 3915490000, "totalOperatingExpenses": 326847618000, "operatingIncome": 14285144000, "totalOtherIncomeExpenseNet": -60611000, "ebit": 14285144000, "interestExpense": -60611000, "incomeBeforeTax": 14224533000, "incomeTaxExpense": 2720611000, "minorityInterest": {}, "netIncomeFromContinuingOps": 11503922000, "discontinuedOperations": {}, "extraordinaryItems": {}, "effectOfAccountingCharges": {}, "otherItems": {}, "netIncome": 11503922000, "netIncomeApplicableToCommonShares": 11503922000}, {"maxAge": 1, "endDate": "2017-03-31", "totalRevenue": 306079796000, "costOfRevenue": 276124434000, "grossProfit": 29955362000, "researchDevelopment": {}, "sellingGeneralAdministrative": 15672514000, "nonRecurring": {}, "otherOperatingExpenses": 2682315000, "totalOperatingExpenses": 294486183000, "operatingIncome": 11593613000, "totalOtherIncomeExpenseNet": -51886000, "ebit": 11593613000, "interestExpense": -51887000, "incomeBeforeTax": 11541727000, "incomeTaxExpense": 1997504000, "minorityInterest": {}, "netIncomeFromContinuingOps": 9544223000, "discontinuedOperations": {}, "extraordinaryItems": {}, "effectOfAccountingCharges": {}, "otherItems": {}, "netIncome": 9544223000, "netIncomeApplicableToCommonShares": 9544223000}], "maxAge": 86400}, "fundOwnership": {"ownershipList": [{"maxAge": 1, "reportDate": "2020-07-31", "organization": "Vanguard International Stock Index-Total Intl Stock Indx", "pctHeld": 0.0061000003, "position": 6119240, "value": 5584724386}, {"maxAge": 1, "reportDate": "2020-07-31", "organization": "Vanguard International Stock Index-Emerging Markets Stk", "pctHeld": 0.0047999998, "position": 4809149, "value": 4389069834}, {"maxAge": 1, "reportDate": "2020-06-30", "organization": "Baron Emerging Markets Fund", "pctHeld": 0.0045, "position": 4520090, "value": 3646130598}, {"maxAge": 1, "reportDate": "2020-08-31", "organization": "Aberdeen Standard SICAV I-Indian Equity Fd", "pctHeld": 0.0044, "position": 4434583, "value": 3668508786}, {"maxAge": 1, "reportDate": "2020-07-31", "organization": "Aberdeen Emerging Markets Fd", "pctHeld": 0.0037, "position": 3711994, "value": 3387751324}, {"maxAge": 1, "reportDate": "2020-07-31", "organization": "iShares Core MSCI Emerging Markets ETF", "pctHeld": 0.003, "position": 3010518, "value": 2747549252}, {"maxAge": 1, "reportDate": "2020-06-30", "organization": "Calvert World Values Emerging Markets Equity Fund", "pctHeld": 0.0027, "position": 2656120, "value": 2142559198}, {"maxAge": 1, "reportDate": "2020-08-31", "organization": "iShares MSCI India ETF", "pctHeld": 0.0023999999, "position": 2360009, "value": 1952317445}, {"maxAge": 1, "reportDate": "2020-08-31", "organization": "Aberdeen Standard SICAV I-Emerging Markets Equity Fd", "pctHeld": 0.002, "position": 1990171, "value": 1646368959}, {"maxAge": 1, "reportDate": "2020-06-30", "organization": "India Fund, Inc., The", "pctHeld": 0.0019, "position": 1939500, "value": 1564497675}], "maxAge": 1}, "summaryDetail": {"maxAge": 1, "priceHint": 2, "previousClose": 927.7, "open": 927.4, "dayLow": 920.65, "dayHigh": 940.0, "regularMarketPreviousClose": 927.7, "regularMarketOpen": 927.4, "regularMarketDayLow": 920.65, "regularMarketDayHigh": 940.0, "trailingPE": 64.42054, "volume": 30090, "regularMarketVolume": 30090, "averageVolume": 64394, "averageVolume10days": 95460, "averageDailyVolume10Day": 95460, "bid": 921.0, "ask": 929.5, "bidSize": 0, "askSize": 0, "marketCap": 928300007424, "fiftyTwoWeekLow": 520.0, "fiftyTwoWeekHigh": 958.0, "fiftyDayAverage": 889.2455, "twoHundredDayAverage": 849.7702, "trailingAnnualDividendRate": 0.0, "trailingAnnualDividendYield": 0.0, "currency": "INR", "fromCurrency": null, "lastMarket": null, "algorithm": null, "tradeable": false}, "sectorTrend": {"maxAge": 1, "symbol": null, "estimates": []}, "incomeStatementHistoryQuarterly": {"incomeStatementHistory": [{"maxAge": 1, "endDate": "2020-06-30", "totalRevenue": 164064800000, "costOfRevenue": 150977400000, "grossProfit": 13087400000, "researchDevelopment": {}, "sellingGeneralAdministrative": 3632200000, "nonRecurring": {}, "otherOperatingExpenses": 3184500000, "totalOperatingExpenses": 157794900000, "operatingIncome": 6269900000, "totalOtherIncomeExpenseNet": 100000, "ebit": 6269900000, "interestExpense": {}, "incomeBeforeTax": 6270000000, "incomeTaxExpense": 2361100000, "minorityInterest": {}, "netIncomeFromContinuingOps": 3908900000, "discontinuedOperations": {}, "extraordinaryItems": {}, "effectOfAccountingCharges": {}, "otherItems": {}, "netIncome": 3908900000, "netIncomeApplicableToCommonShares": 3908900000}, {"maxAge": 1, "endDate": "2020-03-31", "totalRevenue": 52654160000, "costOfRevenue": 39263561000, "grossProfit": 13390599000, "researchDevelopment": {}, "sellingGeneralAdministrative": 12365944000, "nonRecurring": {}, "otherOperatingExpenses": -4939349000, "totalOperatingExpenses": 46695815000, "operatingIncome": 5958345000, "totalOtherIncomeExpenseNet": -84957000, "ebit": 5958345000, "interestExpense": -84857000, "incomeBeforeTax": 5873388000, "incomeTaxExpense": 566757000, "minorityInterest": {}, "netIncomeFromContinuingOps": 5306631000, "discontinuedOperations": {}, "extraordinaryItems": {}, "effectOfAccountingCharges": {}, "otherItems": {}, "netIncome": 5306631000, "netIncomeApplicableToCommonShares": 5306631000}, {"maxAge": 1, "endDate": "2019-12-31", "totalRevenue": 158987500000, "costOfRevenue": 146258900000, "grossProfit": 12728600000, "researchDevelopment": {}, "sellingGeneralAdministrative": 3720600000, "nonRecurring": {}, "otherOperatingExpenses": 4316600000, "totalOperatingExpenses": 154296800000, "operatingIncome": 4690700000, "totalOtherIncomeExpenseNet": 100000, "ebit": 4690700000, "interestExpense": -84857000, "incomeBeforeTax": 4690800000, "incomeTaxExpense": 793100000, "minorityInterest": {}, "netIncomeFromContinuingOps": 3897700000, "discontinuedOperations": {}, "extraordinaryItems": {}, "effectOfAccountingCharges": {}, "otherItems": {}, "netIncome": 3897700000, "netIncomeApplicableToCommonShares": 3897700000}, {"maxAge": 1, "endDate": "2019-09-30", "totalRevenue": 127851600000, "costOfRevenue": 118592600000, "grossProfit": 9259000000, "researchDevelopment": {}, "sellingGeneralAdministrative": 3441000000, "nonRecurring": {}, "otherOperatingExpenses": 4036700000, "totalOperatingExpenses": 126070700000, "operatingIncome": 1780900000, "totalOtherIncomeExpenseNet": 100000, "ebit": 1780900000, "interestExpense": -84857000, "incomeBeforeTax": 1781000000, "incomeTaxExpense": 482600000, "minorityInterest": {}, "netIncomeFromContinuingOps": 1298400000, "discontinuedOperations": {}, "extraordinaryItems": {}, "effectOfAccountingCharges": {}, "otherItems": {}, "netIncome": 1298400000, "netIncomeApplicableToCommonShares": 1298400000}], "maxAge": 86400}, "cashflowStatementHistoryQuarterly": {"cashflowStatements": [{"maxAge": 1, "endDate": "2020-06-30", "netIncome": 3908900000, "changeToLiabilities": 0}, {"maxAge": 1, "endDate": "2020-03-31", "netIncome": 5306631000, "changeToLiabilities": 0}, {"maxAge": 1, "endDate": "2019-12-31", "netIncome": 3897700000, "changeToLiabilities": 0}, {"maxAge": 1, "endDate": "2019-09-30", "netIncome": 1298400000, "changeToLiabilities": 0}], "maxAge": 86400}, "insiderHolders": {"holders": [{"maxAge": 1, "name": "BNP Paribas Asset Management Asia Ltd.", "relation": "Promoter", "url": "", "transactionDescription": "Sale", "latestTransDate": "2019-06-26", "positionDirect": 52007092, "positionDirectDate": "2019-06-26"}, {"maxAge": 1, "name": "Bal (Subhendu Kumar)", "relation": "UNREPORTED", "url": "", "transactionDescription": "Other", "latestTransDate": "2020-02-19", "positionDirect": 6429, "positionDirectDate": "2020-02-19"}, {"maxAge": 1, "name": "Ghosh (Ranbir)", "relation": "UNREPORTED", "url": "", "transactionDescription": "Other", "latestTransDate": "2020-02-28", "positionDirect": 400, "positionDirectDate": "2020-02-28"}, {"maxAge": 1, "name": "Krishnamoorthy (Ramkumar)", "relation": "UNREPORTED", "url": "", "transactionDescription": "Sale", "latestTransDate": "2020-05-08", "positionDirect": 0, "positionDirectDate": "2020-05-08"}, {"maxAge": 1, "name": "Kumar (Ravindra)", "relation": "UNREPORTED", "url": "", "transactionDescription": "Other", "latestTransDate": "2020-08-19", "positionDirect": 5040, "positionDirectDate": "2020-08-19"}, {"maxAge": 1, "name": "Narendran (C Neeraj)", "relation": "UNREPORTED", "url": "", "transactionDescription": "Other", "latestTransDate": "2020-02-28", "positionDirect": 0, "positionDirectDate": "2020-02-28"}, {"maxAge": 1, "name": "Pujari (Sanjeev Kumar)", "relation": "UNREPORTED", "url": "", "transactionDescription": "Other", "latestTransDate": "2020-06-19", "positionDirect": 11823, "positionDirectDate": "2020-06-19"}, {"maxAge": 1, "name": "State Bank of India", "relation": "Promoter", "url": "", "transactionDescription": "Sale", "latestTransDate": "2020-06-15", "positionDirect": 555000000, "positionDirectDate": "2020-06-15"}], "maxAge": 1}, "earnings": {"maxAge": 86400, "earningsChart": {"quarterly": [], "earningsDate": ["2020-07-21 05:30:S"]}, "financialsChart": {"yearly": [{"date": 2017, "revenue": 306079796000, "earnings": 9544223000}, {"date": 2018, "revenue": 341132762000, "earnings": 11503922000}, {"date": 2019, "revenue": 445409653000, "earnings": 13267964000}, {"date": 2020, "revenue": 437454460000, "earnings": 14221831000}], "quarterly": [{"date": "3Q2019", "revenue": 127851600000, "earnings": 1298400000}, {"date": "4Q2019", "revenue": 158987500000, "earnings": 3897700000}, {"date": "1Q2020", "revenue": 52654160000, "earnings": 5306631000}, {"date": "2Q2020", "revenue": 164064800000, "earnings": 3908900000}]}, "financialCurrency": "INR"}, "calendarEvents": {"maxAge": 1, "earnings": {"earningsDate": ["2020-07-21 05:30:S"]}}, "upgradeDowngradeHistory": {"history": [], "maxAge": 86400}, "price": {"maxAge": 1, "regularMarketChangePercent": 0.00064673444, "regularMarketChange": 0.5999756, "regularMarketTime": "2021-04-30 15:29:41", "priceHint": 2, "regularMarketPrice": 928.3, "regularMarketDayHigh": 940.0, "regularMarketDayLow": 920.65, "regularMarketVolume": 30090, "averageDailyVolume10Day": 95460, "averageDailyVolume3Month": 64394, "regularMarketPreviousClose": 927.7, "regularMarketSource": "FREE_REALTIME", "regularMarketOpen": 927.4, "exchange": "BSE", "exchangeName": "BSE", "exchangeDataDelayedBy": 0, "marketState": "CLOSED", "quoteType": "EQUITY", "symbol": "SBILIFE.BO", "underlyingSymbol": null, "shortName": "SBI Life Insurance Company Lim", "longName": "SBI Life Insurance Company Limited", "currency": "INR", "quoteSourceName": "Delayed Quote", "currencySymbol": "\u20b9", "fromCurrency": null, "lastMarket": null, "marketCap": 928300007424}, "balanceSheetHistory": {"balanceSheetStatements": [{"maxAge": 1, "endDate": "2020-03-31", "cash": 14198665000, "shortTermInvestments": 6040141000, "netReceivables": 7956154000, "otherCurrentAssets": 3758387000, "totalCurrentAssets": 31953347000, "longTermInvestments": 62239321000, "propertyPlantEquipment": 5436101000, "intangibleAssets": 375747000, "otherAssets": 1555797356000, "totalAssets": 1655801872000, "accountsPayable": 13358288000, "otherCurrentLiab": 13481924000, "otherLiab": 1538148050000, "totalCurrentLiabilities": 30222984000, "totalLiab": 1568371034000, "commonStock": 10000263000, "retainedEarnings": 78823269000, "treasuryStock": -1407220000, "capitalSurplus": 14526000, "otherStockholderEquity": -1407220000, "totalStockholderEquity": 87430838000, "netTangibleAssets": 87055091000}, {"maxAge": 1, "endDate": "2019-03-31", "cash": 24173208000, "shortTermInvestments": 4205256000, "netReceivables": 7857588000, "otherCurrentAssets": 4333427000, "totalCurrentAssets": 40569479000, "longTermInvestments": 53027139000, "propertyPlantEquipment": 5542139000, "intangibleAssets": 410094000, "otherAssets": 1367789599000, "totalAssets": 1467338450000, "accountsPayable": 11683685000, "otherCurrentLiab": 22288227000, "otherLiab": 1354214790000, "totalCurrentLiabilities": 37360104000, "totalLiab": 1391574894000, "commonStock": 10000000000, "retainedEarnings": 64601438000, "treasuryStock": 1162118000, "otherStockholderEquity": 1162118000, "totalStockholderEquity": 75763556000, "netTangibleAssets": 75353462000}, {"maxAge": 1, "endDate": "2018-03-31", "cash": 25606183000, "shortTermInvestments": 3670410000, "netReceivables": 7290311000, "otherCurrentAssets": 4331903000, "totalCurrentAssets": 40898807000, "longTermInvestments": 46473063000, "propertyPlantEquipment": 5576517000, "intangibleAssets": 236402000, "otherAssets": 1124019578000, "totalAssets": 1217204367000, "accountsPayable": 13640022000, "otherCurrentLiab": 19469032000, "otherLiab": 1116279458000, "totalCurrentLiabilities": 35646730000, "totalLiab": 1151926188000, "commonStock": 10000000000, "retainedEarnings": 53744580000, "treasuryStock": 1533599000, "otherStockholderEquity": 1533599000, "totalStockholderEquity": 65278179000, "netTangibleAssets": 65041777000}, {"maxAge": 1, "endDate": "2017-03-31", "cash": 24298416000, "shortTermInvestments": 2354349000, "netReceivables": 4838627000, "otherCurrentAssets": 2902016000, "totalCurrentAssets": 34393408000, "longTermInvestments": 40600699000, "propertyPlantEquipment": 5151106000, "intangibleAssets": 233643000, "otherAssets": 942016793000, "totalAssets": 1022395649000, "accountsPayable": 12523065000, "otherCurrentLiab": 16411204000, "otherLiab": 936731675000, "totalCurrentLiabilities": 30143184000, "totalLiab": 966874859000, "commonStock": 10000000000, "retainedEarnings": 44647810000, "treasuryStock": 872980000, "otherStockholderEquity": 872980000, "totalStockholderEquity": 55520790000, "netTangibleAssets": 55287147000}], "maxAge": 86400}, "earningsTrend": {"trend": [{"maxAge": 1, "period": "0q", "endDate": null, "growth": {}, "earningsEstimate": {"avg": 0.0, "low": 0.0, "high": 0.0, "yearAgoEps": {}, "numberOfAnalysts": 0, "growth": {}}, "revenueEstimate": {"avg": 0, "low": 0, "high": 0, "numberOfAnalysts": 0, "yearAgoRevenue": {}, "growth": {}}, "epsTrend": {"current": 0.0, "7daysAgo": 0.0, "30daysAgo": 0.0, "60daysAgo": 0.0, "90daysAgo": 0.0}, "epsRevisions": {"upLast7days": 0, "upLast30days": 0, "downLast30days": 0, "downLast90days": {}}}, {"maxAge": 1, "period": "+1q", "endDate": null, "growth": {}, "earningsEstimate": {"avg": 0.0, "low": 0.0, "high": 0.0, "yearAgoEps": {}, "numberOfAnalysts": 0, "growth": {}}, "revenueEstimate": {"avg": 0, "low": 0, "high": 0, "numberOfAnalysts": 0, "yearAgoRevenue": {}, "growth": {}}, "epsTrend": {"current": 0.0, "7daysAgo": 0.0, "30daysAgo": 0.0, "60daysAgo": 0.0, "90daysAgo": 0.0}, "epsRevisions": {"upLast7days": 0, "upLast30days": 0, "downLast30days": 0, "downLast90days": {}}}, {"maxAge": 1, "period": "0y", "endDate": null, "growth": {}, "earningsEstimate": {"avg": 0.0, "low": 0.0, "high": 0.0, "yearAgoEps": {}, "numberOfAnalysts": 0, "growth": {}}, "revenueEstimate": {"avg": 0, "low": 0, "high": 0, "numberOfAnalysts": 0, "yearAgoRevenue": {}, "growth": {}}, "epsTrend": {"current": 0.0, "7daysAgo": 0.0, "30daysAgo": 0.0, "60daysAgo": 0.0, "90daysAgo": 0.0}, "epsRevisions": {"upLast7days": 0, "upLast30days": 0, "downLast30days": 0, "downLast90days": {}}}, {"maxAge": 1, "period": "+1y", "endDate": null, "growth": {}, "earningsEstimate": {"avg": 0.0, "low": 0.0, "high": 0.0, "yearAgoEps": {}, "numberOfAnalysts": 0, "growth": {}}, "revenueEstimate": {"avg": 0, "low": 0, "high": 0, "numberOfAnalysts": 0, "yearAgoRevenue": {}, "growth": {}}, "epsTrend": {"current": 0.0, "7daysAgo": 0.0, "30daysAgo": 0.0, "60daysAgo": 0.0, "90daysAgo": 0.0}, "epsRevisions": {"upLast7days": 0, "upLast30days": 0, "downLast30days": 0, "downLast90days": {}}}, {"maxAge": 1, "period": "+5y", "endDate": null, "growth": 0.183, "earningsEstimate": {"avg": {}, "low": {}, "high": {}, "yearAgoEps": {}, "numberOfAnalysts": {}, "growth": {}}, "revenueEstimate": {"avg": {}, "low": {}, "high": {}, "numberOfAnalysts": {}, "yearAgoRevenue": {}, "growth": {}}, "epsTrend": {"current": {}, "7daysAgo": {}, "30daysAgo": {}, "60daysAgo": {}, "90daysAgo": {}}, "epsRevisions": {"upLast7days": {}, "upLast30days": {}, "downLast30days": {}, "downLast90days": {}}}, {"maxAge": 1, "period": "-5y", "endDate": null, "growth": {}, "earningsEstimate": {"avg": {}, "low": {}, "high": {}, "yearAgoEps": {}, "numberOfAnalysts": {}, "growth": {}}, "revenueEstimate": {"avg": {}, "low": {}, "high": {}, "numberOfAnalysts": {}, "yearAgoRevenue": {}, "growth": {}}, "epsTrend": {"current": {}, "7daysAgo": {}, "30daysAgo": {}, "60daysAgo": {}, "90daysAgo": {}}, "epsRevisions": {"upLast7days": {}, "upLast30days": {}, "downLast30days": {}, "downLast90days": {}}}], "maxAge": 1}, "financialData": {"maxAge": 86400, "currentPrice": 928.3, "targetHighPrice": 846.0, "targetLowPrice": 681.0, "targetMeanPrice": 760.22, "targetMedianPrice": 761.5, "recommendationKey": "none", "numberOfAnalystOpinions": 18, "grossProfits": 47118799000, "financialCurrency": "INR"}}}