{"SBIN.NS": {"assetProfile": {"address1": "State Bank Bhavan", "address2": "Corporate Centre 14th Floor Madame Cama Road, Nariman Point", "city": "Mumbai", "zip": "400021", "country": "India", "phone": "91 22 2274 0841", "fax": "91 22 2285 5348", "website": "http://www.sbi.co.in", "industry": "Banks\u2014Regional", "sector": "Financial Services", "longBusinessSummary": "State Bank of India provides various banking products and services to individuals, commercial enterprises, corporates, public bodies, and institutional customers in India and internationally. The company operates through Treasury, Corporate/Wholesale Banking, Retail Banking, Insurance Business, and Other Banking Business segments. It offers personal banking services, including current accounts, savings accounts, term deposits, and recurring deposits; home, auto, education, gold, and personal loans, as well as loans against property and securities; and wealth management, mobile and Internet banking, demat, ATM, foreign inward remittance, safe deposit locker, public provident fund, money transfer, pension policy, and mobile wallet services, as well as cards and inflation indexed national savings securities cumulative bonds. The company also provides corporate banking services comprising corporate accounts, working capital and project finance, term loans, deferred payment guarantees, corporate loans, structured finance, dealer and channel financing, equipment leasing, loan syndication, construction equipment loans, financing Indian firms overseas subsidiaries or JVs, and cash management, as well as export and cash, and letters of credit products. In addition, it offers NRI services, including accounts and deposits, remittances, investments, and loans; agricultural banking and micro credit to agriculturists and farmers; supply chain finance, and deposits and transaction banking services for SME customers; and international banking services. Further, the company provides treasury, broking, bill payment, and MICR services; and credit cards, life and non-life insurance, mutual funds, merchant banking, trustee business, factoring, security trading, pension fund management, and custody services. It operates 22,141 branches and 58,555 ATMs. The company was founded in 1806 and is headquartered in Mumbai, India.", "fullTimeEmployees": 249448, "companyOfficers": [{"maxAge": 1, "name": "Mr. Challa Sreenivasulu Setty", "age": 55, "title": "MD - Retail & Digital Banking(R&DB) and Director", "yearBorn": 1965, "fiscalYear": 2020, "totalPay": 2045591, "exercisedValue": 0, "unexercisedValue": 0}, {"maxAge": 1, "name": "Mr. Swaminathan  Janakiraman", "age": 56, "title": "MD - Risk, Compliance & Stresses Assets Resolution Group(R, C & SARG) and Director", "yearBorn": 1964, "exercisedValue": 0, "unexercisedValue": 0}, {"maxAge": 1, "name": "Mr. Ashwani  Bhatia", "title": "MD - Corp. Banking & Global Markets and Director", "exercisedValue": 0, "unexercisedValue": 0}, {"maxAge": 1, "name": "Mr. Ashwini Kumar Tewari", "age": 53, "title": "MD - International Banking, Technology and Subsidiaries(IB, T & S) and Director", "yearBorn": 1967, "exercisedValue": 0, "unexercisedValue": 0}, {"maxAge": 1, "name": "Mr. Charanjit Surinder Singh Attra", "title": "Chief Financial Officer", "exercisedValue": 0, "unexercisedValue": 0}, {"maxAge": 1, "name": "Mr. Prabodh  Parikh", "title": "Deputy MD & COO", "exercisedValue": 0, "unexercisedValue": 0}, {"maxAge": 1, "name": "Mr. Anup Kumar Mahapatra", "title": "Deputy MD & Chief Information Officer", "exercisedValue": 0, "unexercisedValue": 0}, {"maxAge": 1, "name": "Mr. Mahindra  Kumar", "title": "Deputy GM", "exercisedValue": 0, "unexercisedValue": 0}, {"maxAge": 1, "name": "Mr. Sham  K.", "title": "Chief Mang. of Compliance & Company Sec.", "exercisedValue": 0, "unexercisedValue": 0}, {"maxAge": 1, "name": "Mr. Rana Ashutosh Kumar Singh", "title": "Deputy Managing Director of HR & Corp. Devel. Officer", "exercisedValue": 0, "unexercisedValue": 0}], "auditRisk": 9, "boardRisk": 9, "compensationRisk": 1, "shareHolderRightsRisk": 4, "overallRisk": 7, "governanceEpochDate": "2021-04-01 05:30:00", "compensationAsOfEpochDate": "2020-12-31 05:30:00", "maxAge": 86400}, "recommendationTrend": {"trend": [{"period": "0m", "strongBuy": 0, "buy": 0, "hold": 0, "sell": 0, "strongSell": 0}, {"period": "-1m", "strongBuy": 16, "buy": 13, "hold": 6, "sell": 4, "strongSell": 1}, {"period": "-2m", "strongBuy": 16, "buy": 14, "hold": 6, "sell": 4, "strongSell": 1}, {"period": "-3m", "strongBuy": 16, "buy": 14, "hold": 7, "sell": 5, "strongSell": 0}], "maxAge": 86400}, "cashflowStatementHistory": {"cashflowStatements": [{"maxAge": 1, "endDate": "2020-03-31", "netIncome": 197678022000, "depreciation": 36615585000, "changeToNetincome": 384539585000, "changeToLiabilities": 0, "changeToOperatingActivities": -3715743518000, "totalCashFromOperatingActivities": -3096910326000, "capitalExpenditures": -30650113000, "otherCashflowsFromInvestingActivities": 1987496000, "totalCashflowsFromInvestingActivities": -33236927000, "netBorrowings": 84958180000, "otherCashflowsFromFinancingActivities": 3305532643000, "totalCashFromFinancingActivities": 3390490823000, "effectOfExchangeRate": 27686427000, "changeInCash": 288029997000}, {"maxAge": 1, "endDate": "2019-03-31", "netIncome": 22996391000, "depreciation": 34958921000, "changeToNetincome": 543942775000, "changeToLiabilities": 0, "changeToOperatingActivities": -2489965826000, "totalCashFromOperatingActivities": -1888067739000, "capitalExpenditures": -30055102000, "otherCashflowsFromInvestingActivities": 17457888000, "totalCashflowsFromInvestingActivities": -8567738000, "netBorrowings": 33776000000, "otherCashflowsFromFinancingActivities": 2154328166000, "totalCashFromFinancingActivities": 2188104166000, "effectOfExchangeRate": 10762867000, "changeInCash": 302231556000}, {"maxAge": 1, "endDate": "2018-03-31", "netIncome": -45562900000, "depreciation": 31050710000, "changeToNetincome": 600650154000, "changeToLiabilities": 0, "changeToOperatingActivities": -2765135485000, "totalCashFromOperatingActivities": -2178997521000, "capitalExpenditures": -30055102000, "otherCashflowsFromInvestingActivities": 154597000, "totalCashflowsFromInvestingActivities": 110657669000, "dividendsPaid": -24162671000, "netBorrowings": -121184750000, "otherCashflowsFromFinancingActivities": 1176912968000, "totalCashFromFinancingActivities": 1269390094000, "effectOfExchangeRate": 13051753000, "changeInCash": -779080470000, "issuanceOfStock": 237824547000}, {"maxAge": 1, "endDate": "2017-03-31", "netIncome": 2412325000, "depreciation": 29146843000, "changeToNetincome": 647041302000, "changeToLiabilities": 0, "changeToOperatingActivities": -3364071475000, "totalCashFromOperatingActivities": -2685471005000, "capitalExpenditures": -44237061000, "otherCashflowsFromInvestingActivities": 56586000, "totalCashflowsFromInvestingActivities": -28321223000, "dividendsPaid": -23374638000, "netBorrowings": -22899525000, "otherCashflowsFromFinancingActivities": 3407092096000, "totalCashFromFinancingActivities": 3417566224000, "effectOfExchangeRate": -17397098000, "changeInCash": 686376898000, "issuanceOfStock": 56748291000}], "maxAge": 86400}, "indexTrend": {"maxAge": 1, "symbol": "SP5", "peRatio": 19.7411, "pegRatio": 1.34172, "estimates": [{"period": "0q", "growth": 0.549}, {"period": "+1q", "growth": 0.431}, {"period": "0y", "growth": 0.305}, {"period": "+1y", "growth": 0.109}, {"period": "+5y", "growth": 0.120865}, {"period": "-5y"}]}, "defaultKeyStatistics": {"maxAge": 1, "priceHint": 2, "enterpriseValue": 6432931971072, "profitMargins": 0.14333999, "floatShares": 3827225464, "sharesOutstanding": 8924609536, "heldPercentInsiders": 0.56918997, "heldPercentInstitutions": 0.25988, "beta": 1.022384, "category": null, "bookValue": 306.205, "priceToBook": 1.1544554, "fundFamily": null, "legalType": null, "lastFiscalYearEnd": "2020-03-31 05:30:00", "nextFiscalYearEnd": "2022-03-31 05:30:00", "mostRecentQuarter": "2020-12-31 05:30:00", "earningsQuarterlyGrowth": -0.042, "netIncomeToCommon": 231898824704, "trailingEps": 25.992, "forwardEps": 21.68, "lastSplitFactor": "10:1", "lastSplitDate": "2014-11-20 05:30:00", "enterpriseToRevenue": 3.976}, "industryTrend": {"maxAge": 1, "symbol": null, "estimates": []}, "quoteType": {"exchange": "NSI", "quoteType": "EQUITY", "symbol": "SBIN.NS", "underlyingSymbol": "SBIN.NS", "shortName": "STATE BK OF INDIA", "longName": "State Bank of India", "firstTradeDateEpochUtc": "1996-01-01 09:15:00", "timeZoneFullName": "Asia/Kolkata", "timeZoneShortName": "IST", "uuid": "f8326bb6-61ba-333c-a8c6-52d3a1bf3c06", "gmtOffSetMilliseconds": 19800000, "maxAge": 1}, "incomeStatementHistory": {"incomeStatementHistory": [{"maxAge": 1, "endDate": "2020-03-31", "totalRevenue": 1499578133440, "costOfRevenue": 0, "grossProfit": 1499578133440, "researchDevelopment": {}, "sellingGeneralAdministrative": 673102176000, "nonRecurring": {}, "otherOperatingExpenses": 644713454000, "totalOperatingExpenses": 1317815630000, "operatingIncome": 181762503440, "totalOtherIncomeExpenseNet": 29637185560, "ebit": 0, "interestExpense": {}, "incomeBeforeTax": 211399689000, "incomeTaxExpense": 0, "minorityInterest": 79438220000, "netIncomeFromContinuingOps": 211399689000, "discontinuedOperations": {}, "extraordinaryItems": {}, "effectOfAccountingCharges": {}, "otherItems": {}, "netIncome": 197678022000, "netIncomeApplicableToCommonShares": 197678022000}, {"maxAge": 1, "endDate": "2019-03-31", "totalRevenue": 1178693354520, "costOfRevenue": 0, "grossProfit": 1178693354520, "researchDevelopment": {}, "sellingGeneralAdministrative": 611819825000, "nonRecurring": {}, "otherOperatingExpenses": 536183255000, "totalOperatingExpenses": 1148003080000, "operatingIncome": 30690274520, "totalOtherIncomeExpenseNet": 2815260480, "ebit": 0, "interestExpense": {}, "incomeBeforeTax": 33505535000, "incomeTaxExpense": 0, "minorityInterest": 60369913000, "netIncomeFromContinuingOps": 33505535000, "discontinuedOperations": {}, "extraordinaryItems": {}, "effectOfAccountingCharges": {}, "otherItems": {}, "netIncome": 22996391000, "netIncomeApplicableToCommonShares": 22996391000}, {"maxAge": 1, "endDate": "2018-03-31", "totalRevenue": 839091015790, "costOfRevenue": 0, "grossProfit": 839091015790, "researchDevelopment": {}, "sellingGeneralAdministrative": 517318804000, "nonRecurring": {}, "otherOperatingExpenses": 444226386000, "totalOperatingExpenses": 961545190000, "operatingIncome": -122454174210, "totalOtherIncomeExpenseNet": 4386634210, "ebit": 0, "interestExpense": {}, "incomeBeforeTax": -118067540000, "incomeTaxExpense": -80575000000, "minorityInterest": 46152451000, "netIncomeFromContinuingOps": -37492540000, "discontinuedOperations": {}, "extraordinaryItems": {}, "effectOfAccountingCharges": {}, "otherItems": {}, "netIncome": -45562900000, "netIncomeApplicableToCommonShares": -45562900000}, {"maxAge": 1, "endDate": "2017-03-31", "totalRevenue": 882347090000, "costOfRevenue": 0, "grossProfit": 882347090000, "researchDevelopment": {}, "sellingGeneralAdministrative": 500832657000, "nonRecurring": {}, "otherOperatingExpenses": 372066162000, "totalOperatingExpenses": 872898819000, "operatingIncome": 9448271000, "totalOtherIncomeExpenseNet": 2932842000, "ebit": 0, "interestExpense": {}, "incomeBeforeTax": 12381113000, "incomeTaxExpense": 13355000000, "minorityInterest": 64806458000, "netIncomeFromContinuingOps": -973887000, "discontinuedOperations": {}, "extraordinaryItems": {}, "effectOfAccountingCharges": {}, "otherItems": {}, "netIncome": 2412325000, "netIncomeApplicableToCommonShares": 2412325000}], "maxAge": 86400}, "fundOwnership": {"ownershipList": [{"maxAge": 1, "reportDate": "2021-01-31", "organization": "Vanguard International Stock Index-Total Intl Stock Indx", "pctHeld": 0.0023, "position": 20259761, "value": 5715278578}, {"maxAge": 1, "reportDate": "2021-01-31", "organization": "Vanguard International Stock Index-Emerging Markets Stk", "pctHeld": 0.002, "position": 17581737, "value": 4959808007}, {"maxAge": 1, "reportDate": "2021-03-31", "organization": "iShares Core MSCI Emerging Markets ETF", "pctHeld": 0.0018000001, "position": 15648355, "value": 5700695726}, {"maxAge": 1, "reportDate": "2021-03-31", "organization": "iShares MSCI India ETF", "pctHeld": 0.0014, "position": 12502166, "value": 4554539073}, {"maxAge": 1, "reportDate": "2021-01-31", "organization": "Advisors Inner Circle Fund III-GQG Partners Emerging Markets Equity Fd", "pctHeld": 0.00090000004, "position": 7909834, "value": 2231364171}, {"maxAge": 1, "reportDate": "2021-03-31", "organization": "iShares MSCI Emerging Markets ETF", "pctHeld": 0.0008, "position": 6767123, "value": 2465262908}, {"maxAge": 1, "reportDate": "2021-01-31", "organization": "DFA Investment Dimensions-DFA Emerging Mkts Value", "pctHeld": 0.0007, "position": 6497668, "value": 1832992142}, {"maxAge": 1, "reportDate": "2021-02-28", "organization": "Fidelity Advisor Focused Emerging Markets Fund", "pctHeld": 0.0007, "position": 6265300, "value": 2444406795}, {"maxAge": 1, "reportDate": "2020-12-31", "organization": "Fiera Cap Ser Tr-Fiera Cap Emerging Markets Fd", "pctHeld": 0.0007, "position": 5950000, "value": 1635952500}, {"maxAge": 1, "reportDate": "2021-02-28", "organization": "Fidelity VIP Emerging Markets Portfolio", "pctHeld": 0.00059999997, "position": 4923200, "value": 1920786480}], "maxAge": 1}, "summaryDetail": {"maxAge": 1, "priceHint": 2, "previousClose": 359.4, "open": 353.45, "dayLow": 350.45, "dayHigh": 362.5, "regularMarketPreviousClose": 359.4, "regularMarketOpen": 353.45, "regularMarketDayLow": 350.45, "regularMarketDayHigh": 362.5, "exDividendDate": "2017-05-26 05:30:00", "payoutRatio": 0.0, "beta": 1.022384, "trailingPE": 13.600338, "forwardPE": 16.305351, "volume": 53820928, "regularMarketVolume": 53820928, "averageVolume": 52680372, "averageVolume10days": 36646534, "averageDailyVolume10Day": 36646534, "bid": 0.0, "ask": 0.0, "bidSize": 0, "askSize": 0, "marketCap": 3154849562624, "fiftyTwoWeekLow": 149.45, "fiftyTwoWeekHigh": 427.7, "priceToSalesTrailing12Months": 1.9500962, "fiftyDayAverage": 384.27942, "twoHundredDayAverage": 283.78226, "trailingAnnualDividendRate": 2.6, "trailingAnnualDividendYield": 0.007234279, "currency": "INR", "fromCurrency": null, "lastMarket": null, "algorithm": null, "tradeable": false}, "insiderHolders": {"holders": [{"maxAge": 1, "name": "Government of India", "relation": "Promoter", "url": "", "transactionDescription": "Sale", "latestTransDate": "2017-11-20", "positionDirect": 4886454904, "positionDirectDate": "2017-11-20"}, {"maxAge": 1, "name": "Gupta (Diwakar)", "relation": "UNREPORTED", "url": "", "transactionDescription": "Sale", "latestTransDate": "2009-05-19", "positionDirect": 100, "positionDirectDate": "2009-05-19"}, {"maxAge": 1, "name": "Life Insurance Corporation of India", "relation": "UNREPORTED", "url": "", "transactionDescription": "Acquisition", "latestTransDate": "2010-01-20", "positionDirect": 71141181, "positionDirectDate": "2010-01-20"}, {"maxAge": 1, "name": "Malhotra (Sanjiv)", "relation": "Director (Non-Executive)", "url": "", "transactionDescription": "Acquisition", "latestTransDate": "2018-12-20", "positionDirect": 18400, "positionDirectDate": "2018-12-20"}, {"maxAge": 1, "name": "President of India", "relation": "Promoter", "url": "", "transactionDescription": "Sale", "latestTransDate": "2019-10-10", "positionDirect": 5079775288, "positionDirectDate": "2019-10-10"}, {"maxAge": 1, "name": "Shanker (Mrinal)", "relation": "Officer", "url": "", "transactionDescription": "Sale", "latestTransDate": "2009-10-07", "positionDirectDate": "2009-10-07"}, {"maxAge": 1, "name": "Shukla (Sangeet)", "relation": "Managing Director", "url": "", "transactionDescription": "Sale", "latestTransDate": "2009-10-15", "positionDirect": 0, "positionDirectDate": "2009-10-15"}], "maxAge": 1}, "calendarEvents": {"maxAge": 1, "earnings": {"earningsDate": ["2021-06-03 05:30:S", "2021-06-07 05:30:S"], "revenueAverage": 302650000000, "revenueLow": 297594000000, "revenueHigh": 307705000000}, "exDividendDate": "2017-05-26 05:30:00"}, "upgradeDowngradeHistory": {"history": [], "maxAge": 86400}, "price": {"maxAge": 1, "regularMarketChangePercent": -0.016416233, "regularMarketChange": -5.899994, "regularMarketTime": "2021-04-30 15:30:00", "priceHint": 2, "regularMarketPrice": 353.5, "regularMarketDayHigh": 362.5, "regularMarketDayLow": 350.45, "regularMarketVolume": 53820928, "averageDailyVolume10Day": 36646534, "averageDailyVolume3Month": 52680372, "regularMarketPreviousClose": 359.4, "regularMarketSource": "FREE_REALTIME", "regularMarketOpen": 353.45, "exchange": "NSI", "exchangeName": "NSE", "exchangeDataDelayedBy": 15, "marketState": "CLOSED", "quoteType": "EQUITY", "symbol": "SBIN.NS", "underlyingSymbol": null, "shortName": "STATE BK OF INDIA", "longName": "State Bank of India", "currency": "INR", "quoteSourceName": "Delayed Quote", "currencySymbol": "\u20b9", "fromCurrency": null, "lastMarket": null, "marketCap": 3154849562624}, "balanceSheetHistory": {"balanceSheetStatements": [{"maxAge": 1, "endDate": "2020-03-31", "cash": 1076817524000, "inventory": 145449000, "otherCurrentAssets": 3742214614000, "totalCurrentAssets": 4819177587000, "longTermInvestments": 12282842777000, "propertyPlantEquipment": 400781681000, "goodWill": 15499882000, "otherAssets": 24456621516000, "deferredLongTermAssetCharges": 35001946000, "totalAssets": 41974923443000, "accountsPayable": 32741606254000, "otherCurrentLiab": 269855344000, "longTermDebt": 3329006703000, "otherLiab": 2888151874000, "minorityInterest": 79438220000, "totalCurrentLiabilities": 33166569804000, "totalLiab": 39384883981000, "commonStock": 8924612000, "retainedEarnings": 1220024967000, "treasuryStock": 490496958000, "capitalSurplus": 791154705000, "otherStockholderEquity": 490496958000, "totalStockholderEquity": 2510601242000, "netTangibleAssets": 2495101360000}, {"maxAge": 1, "endDate": "2019-03-31", "cash": 672938074000, "inventory": 236584000, "otherCurrentAssets": 3502108749000, "totalCurrentAssets": 4175283407000, "longTermInvestments": 11192698162000, "propertyPlantEquipment": 407030526000, "goodWill": 17340701000, "otherAssets": 23092289165000, "deferredLongTermAssetCharges": 109831907000, "totalAssets": 38884641961000, "accountsPayable": 29405410611000, "otherCurrentLiab": 456498304000, "longTermDebt": 4137476610000, "otherLiab": 2336842870000, "minorityInterest": 60369913000, "totalCurrentLiabilities": 30004424063000, "totalLiab": 36479315443000, "commonStock": 8924612000, "retainedEarnings": 1124211207000, "treasuryStock": 420666081000, "capitalSurplus": 791154705000, "otherStockholderEquity": 420666081000, "totalStockholderEquity": 2344956605000, "netTangibleAssets": 2327615904000}, {"maxAge": 1, "endDate": "2018-03-31", "cash": 603156790000, "inventory": 304148000, "otherCurrentAssets": 2763479038000, "totalCurrentAssets": 3366939976000, "longTermInvestments": 11837942419000, "propertyPlantEquipment": 412257926000, "goodWill": 17340701000, "otherAssets": 20529964623000, "deferredLongTermAssetCharges": 118377033000, "totalAssets": 36164445645000, "accountsPayable": 27221782821000, "otherCurrentLiab": 674016503000, "longTermDebt": 3690793388000, "otherLiab": 2067967279000, "minorityInterest": 46152451000, "totalCurrentLiabilities": 28055884371000, "totalLiab": 33815073738000, "commonStock": 8924588000, "retainedEarnings": 1095001122000, "treasuryStock": 408051595000, "capitalSurplus": 791242151000, "otherStockholderEquity": 408051595000, "totalStockholderEquity": 2303219456000, "netTangibleAssets": 2285878755000}, {"maxAge": 1, "endDate": "2017-03-31", "cash": 1271208026000, "inventory": 341997000, "otherCurrentAssets": 2516923246000, "totalCurrentAssets": 3788473269000, "longTermInvestments": 10272808690000, "propertyPlantEquipment": 509407377000, "goodWill": 9434150000, "otherAssets": 19871092116000, "deferredLongTermAssetCharges": 49233787000, "totalAssets": 34451215602000, "accountsPayable": 25998106619000, "otherCurrentLiab": 674591507000, "longTermDebt": 3363656648000, "otherLiab": 2021489661000, "minorityInterest": 64806458000, "totalCurrentLiabilities": 26829341345000, "totalLiab": 32214487654000, "commonStock": 7973504000, "retainedEarnings": 1150576637000, "treasuryStock": 459139013000, "capitalSurplus": 554232336000, "otherStockholderEquity": 459139013000, "totalStockholderEquity": 2171921490000, "netTangibleAssets": 2162487340000}], "maxAge": 86400}, "earningsTrend": {"trend": [{"maxAge": 1, "period": "0q", "endDate": "2018-12-31", "growth": {}, "earningsEstimate": {"avg": 0.0, "low": 0.0, "high": 0.0, "yearAgoEps": -2.8, "numberOfAnalysts": 0, "growth": {}}, "revenueEstimate": {"avg": 302650000000, "low": 297594000000, "high": 307705000000, "numberOfAnalysts": 2, "yearAgoRevenue": 267717000000, "growth": 0.13}, "epsTrend": {"current": 0.0, "7daysAgo": 2.94, "30daysAgo": 2.94, "60daysAgo": 2.94, "90daysAgo": 2.94}, "epsRevisions": {"upLast7days": 0, "upLast30days": 1, "downLast30days": 0, "downLast90days": {}}}, {"maxAge": 1, "period": "+1q", "endDate": "2019-03-31", "growth": {}, "earningsEstimate": {"avg": 0.0, "low": 0.0, "high": 0.0, "yearAgoEps": -8.92, "numberOfAnalysts": 0, "growth": {}}, "revenueEstimate": {"avg": 344557000000, "low": 324152000000, "high": 364961000000, "numberOfAnalysts": 2, "yearAgoRevenue": 324691000000, "growth": 0.061}, "epsTrend": {"current": 0.0, "7daysAgo": 5.34, "30daysAgo": 5.34, "60daysAgo": 5.34, "90daysAgo": 5.34}, "epsRevisions": {"upLast7days": 0, "upLast30days": 0, "downLast30days": 0, "downLast90days": {}}}, {"maxAge": 1, "period": "0y", "endDate": "2019-03-31", "growth": {}, "earningsEstimate": {"avg": 0.0, "low": 0.0, "high": 0.0, "yearAgoEps": {}, "numberOfAnalysts": 0, "growth": {}}, "revenueEstimate": {"avg": 1260510000000, "low": 1171310000000, "high": 1340060000000, "numberOfAnalysts": 30, "yearAgoRevenue": 1140180000000, "growth": 0.106000006}, "epsTrend": {"current": 0.0, "7daysAgo": 7.97, "30daysAgo": 7.97, "60daysAgo": 7.97, "90daysAgo": 7.97}, "epsRevisions": {"upLast7days": 0, "upLast30days": 1, "downLast30days": 2, "downLast90days": {}}}, {"maxAge": 1, "period": "+1y", "endDate": "2020-03-31", "growth": {}, "earningsEstimate": {"avg": 0.0, "low": 0.0, "high": 0.0, "yearAgoEps": {}, "numberOfAnalysts": 0, "growth": {}}, "revenueEstimate": {"avg": 1424190000000, "low": 1194550000000, "high": 1575700000000, "numberOfAnalysts": 31, "yearAgoRevenue": 1260510000000, "growth": 0.13}, "epsTrend": {"current": 0.0, "7daysAgo": 29.05, "30daysAgo": 29.05, "60daysAgo": 29.05, "90daysAgo": 29.05}, "epsRevisions": {"upLast7days": 0, "upLast30days": 2, "downLast30days": 0, "downLast90days": {}}}, {"maxAge": 1, "period": "+5y", "endDate": null, "growth": -0.173, "earningsEstimate": {"avg": {}, "low": {}, "high": {}, "yearAgoEps": {}, "numberOfAnalysts": {}, "growth": {}}, "revenueEstimate": {"avg": {}, "low": {}, "high": {}, "numberOfAnalysts": {}, "yearAgoRevenue": {}, "growth": {}}, "epsTrend": {"current": {}, "7daysAgo": {}, "30daysAgo": {}, "60daysAgo": {}, "90daysAgo": {}}, "epsRevisions": {"upLast7days": {}, "upLast30days": {}, "downLast30days": {}, "downLast90days": {}}}, {"maxAge": 1, "period": "-5y", "endDate": null, "growth": {}, "earningsEstimate": {"avg": {}, "low": {}, "high": {}, "yearAgoEps": {}, "numberOfAnalysts": {}, "growth": {}}, "revenueEstimate": {"avg": {}, "low": {}, "high": {}, "numberOfAnalysts": {}, "yearAgoRevenue": {}, "growth": {}}, "epsTrend": {"current": {}, "7daysAgo": {}, "30daysAgo": {}, "60daysAgo": {}, "90daysAgo": {}}, "epsRevisions": {"upLast7days": {}, "upLast30days": {}, "downLast30days": {}, "downLast90days": {}}}], "maxAge": 1}, "institutionOwnership": {"ownershipList": [], "maxAge": 1}, "majorHoldersBreakdown": {"maxAge": 1, "insidersPercentHeld": 0.56918997, "institutionsPercentHeld": 0.25988, "institutionsFloatPercentHeld": 0.60323, "institutionsCount": 199}, "balanceSheetHistoryQuarterly": {"balanceSheetStatements": [{"maxAge": 1, "endDate": "2020-12-31", "cash": 1176211800000, "netReceivables": 2400863900000, "totalCurrentAssets": 3577075700000, "longTermInvestments": 15447869500000, "propertyPlantEquipment": 399618500000, "otherAssets": 27201876100000, "totalAssets": 46626439800000, "accountsPayable": 35705341500000, "longTermDebt": 4307402500000, "otherLiab": 3786702700000, "minorityInterest": 94239800000, "totalCurrentLiabilities": 35705341500000, "totalLiab": 43799446700000, "commonStock": 8924600000, "treasuryStock": 2723828700000, "otherStockholderEquity": 2723828700000, "totalStockholderEquity": 2732753300000, "netTangibleAssets": 2732753300000}, {"maxAge": 1, "endDate": "2020-09-30", "cash": 2177457400000, "totalCurrentAssets": 2177457400000, "longTermInvestments": 15392825600000, "propertyPlantEquipment": 397732300000, "otherAssets": 26383882700000, "totalAssets": 44351898000000, "accountsPayable": 35051818000000, "longTermDebt": 3162758900000, "otherLiab": 3385253000000, "minorityInterest": 89126900000, "totalCurrentLiabilities": 35051818000000, "totalLiab": 41599829900000, "commonStock": 8924600000, "treasuryStock": 2654016600000, "otherStockholderEquity": 2654016600000, "totalStockholderEquity": 2662941200000, "netTangibleAssets": 2662941200000}, {"maxAge": 1, "endDate": "2020-06-30", "cash": 1294110200000, "netReceivables": 1349240300000, "totalCurrentAssets": 2643350500000, "longTermInvestments": 14234422100000, "propertyPlantEquipment": 398260500000, "otherAssets": 26529770500000, "totalAssets": 43805803600000, "accountsPayable": 34531164600000, "longTermDebt": 3319048800000, "otherLiab": 3252984800000, "minorityInterest": 86774000000, "totalCurrentLiabilities": 34531164600000, "totalLiab": 41103198200000, "commonStock": 8924600000, "treasuryStock": 2606906800000, "otherStockholderEquity": 2606906800000, "totalStockholderEquity": 2615831400000, "netTangibleAssets": 2615831400000}, {"maxAge": 1, "endDate": "2020-03-31", "cash": 1076817524000, "inventory": 145449000, "otherCurrentAssets": 3742214614000, "totalCurrentAssets": 4819177587000, "longTermInvestments": 12282842777000, "propertyPlantEquipment": 400781681000, "goodWill": 15499882000, "otherAssets": 24456621516000, "deferredLongTermAssetCharges": 35001946000, "totalAssets": 41974923443000, "accountsPayable": 32741606254000, "otherCurrentLiab": 269855344000, "longTermDebt": 3329006703000, "otherLiab": 2888151874000, "minorityInterest": 79438220000, "totalCurrentLiabilities": 33166569804000, "totalLiab": 39384883981000, "commonStock": 8924612000, "retainedEarnings": 1220024967000, "treasuryStock": 490496958000, "capitalSurplus": 791154705000, "otherStockholderEquity": 490496958000, "totalStockholderEquity": 2510601242000, "netTangibleAssets": 2495101360000}], "maxAge": 86400}, "earningsHistory": {"history": [{"maxAge": 1, "epsActual": -2.8, "epsEstimate": 1.33, "epsDifference": -4.13, "surprisePercent": -3.105, "quarter": "2017-12-31", "period": "-4q"}, {"maxAge": 1, "epsActual": -8.92, "epsEstimate": 0.78, "epsDifference": -9.7, "surprisePercent": -12.436, "quarter": "2018-03-31", "period": "-3q"}, {"maxAge": 1, "epsActual": -5.46, "epsEstimate": -0.35, "epsDifference": -5.11, "surprisePercent": -14.6, "quarter": "2018-06-30", "period": "-2q"}, {"maxAge": 1, "epsActual": -0.69, "epsEstimate": 1.21, "epsDifference": -1.9, "surprisePercent": -1.57, "quarter": "2018-09-30", "period": "-1q"}], "maxAge": 86400}, "esgScores": {"maxAge": 86400, "totalEsg": 30.29, "environmentScore": 2.33, "socialScore": 13.09, "governanceScore": 14.87, "ratingYear": 2021, "ratingMonth": 3, "highestControversy": 2.0, "esgPerformance": "LEAD_PERF", "peerCount": 175, "peerGroup": "Banks", "relatedControversy": ["Product & Service Incidents", "Customer Incidents", "Society & Community Incidents", "Business Ethics Incidents", "Governance Incidents"], "peerEsgScorePerformance": {"min": 11.65, "avg": 26.220399999999987, "max": 42.58}, "peerGovernancePerformance": {"min": 5.79, "avg": 12.226071428571426, "max": 18.65}, "peerSocialPerformance": {"min": 3.89, "avg": 11.876011904761905, "max": 17.68}, "peerEnvironmentPerformance": {"min": 0.02, "avg": 1.7723809523809513, "max": 3.58}, "peerHighestControversyPerformance": {"min": 0.0, "avg": 2.16, "max": 5.0}, "percentile": 58.41, "environmentPercentile": 0.0, "socialPercentile": 0.0, "governancePercentile": 0.0, "adult": false, "alcoholic": false, "animalTesting": false, "catholic": false, "controversialWeapons": false, "smallArms": false, "furLeather": false, "gambling": false, "gmo": false, "militaryContract": false, "nuclear": false, "pesticides": false, "palmOil": false, "coal": false, "tobacco": false}, "summaryProfile": {"address1": "State Bank Bhavan", "address2": "Corporate Centre 14th Floor Madame Cama Road, Nariman Point", "city": "Mumbai", "zip": "400021", "country": "India", "phone": "91 22 2274 0841", "fax": "91 22 2285 5348", "website": "http://www.sbi.co.in", "industry": "Banks\u2014Regional", "sector": "Financial Services", "longBusinessSummary": "State Bank of India provides various banking products and services to individuals, commercial enterprises, corporates, public bodies, and institutional customers in India and internationally. The company operates through Treasury, Corporate/Wholesale Banking, Retail Banking, Insurance Business, and Other Banking Business segments. It offers personal banking services, including current accounts, savings accounts, term deposits, and recurring deposits; home, auto, education, gold, and personal loans, as well as loans against property and securities; and wealth management, mobile and Internet banking, demat, ATM, foreign inward remittance, safe deposit locker, public provident fund, money transfer, pension policy, and mobile wallet services, as well as cards and inflation indexed national savings securities cumulative bonds. The company also provides corporate banking services comprising corporate accounts, working capital and project finance, term loans, deferred payment guarantees, corporate loans, structured finance, dealer and channel financing, equipment leasing, loan syndication, construction equipment loans, financing Indian firms overseas subsidiaries or JVs, and cash management, as well as export and cash, and letters of credit products. In addition, it offers NRI services, including accounts and deposits, remittances, investments, and loans; agricultural banking and micro credit to agriculturists and farmers; supply chain finance, and deposits and transaction banking services for SME customers; and international banking services. Further, the company provides treasury, broking, bill payment, and MICR services; and credit cards, life and non-life insurance, mutual funds, merchant banking, trustee business, factoring, security trading, pension fund management, and custody services. It operates 22,141 branches and 58,555 ATMs. The company was founded in 1806 and is headquartered in Mumbai, India.", "fullTimeEmployees": 249448, "companyOfficers": [], "maxAge": 86400}, "netSharePurchaseActivity": {"maxAge": 1, "period": "6m", "buyInfoCount": 0, "buyInfoShares": 0, "sellInfoCount": 0, "netInfoCount": 0, "netInfoShares": 0, "netPercentInsiderShares": 0.0, "totalInsiderShares": 5079793152}, "insiderTransactions": {"transactions": [{"maxAge": 1, "shares": 19107691, "filerUrl": "", "transactionText": "", "filerName": "President of India", "filerRelation": "Promoter", "moneyText": "", "startDate": "2019-10-10", "ownership": "D"}, {"maxAge": 1, "shares": 46997836, "filerUrl": "", "transactionText": "", "filerName": "President of India", "filerRelation": "Promoter", "moneyText": "", "startDate": "2019-02-18", "ownership": "D"}, {"maxAge": 1, "shares": 9600, "filerUrl": "", "transactionText": "", "filerName": "Malhotra (Sanjiv)", "filerRelation": "Director (Non-Executive)", "moneyText": "", "startDate": "2018-12-20", "ownership": "D"}, {"maxAge": 1, "shares": 259425911, "filerUrl": "", "transactionText": "", "filerName": "President of India", "filerRelation": "Promoter", "moneyText": "", "startDate": "2018-06-20", "ownership": "D"}, {"maxAge": 1, "shares": 4460213764, "filerUrl": "", "transactionText": "", "filerName": "Government of India", "filerRelation": "Promoter", "moneyText": "", "startDate": "2017-11-20", "ownership": "D"}, {"maxAge": 1, "shares": 12988697, "filerUrl": "", "transactionText": "", "filerName": "President of India", "filerRelation": "Promoter", "moneyText": "", "startDate": "2013-03-20", "ownership": "D"}, {"maxAge": 1, "shares": 12976085, "filerUrl": "", "transactionText": "", "filerName": "Life Insurance Corporation of India", "filerRelation": "UNREPORTED", "moneyText": "", "startDate": "2010-01-20", "ownership": "D"}, {"maxAge": 1, "shares": 500, "filerUrl": "", "transactionText": "", "filerName": "Shukla (Sangeet)", "filerRelation": "Managing Director", "moneyText": "", "startDate": "2009-10-15", "ownership": "D"}, {"maxAge": 1, "shares": 250, "filerUrl": "", "transactionText": "", "filerName": "Shanker (Mrinal)", "filerRelation": "Officer", "moneyText": "", "startDate": "2009-10-07", "ownership": "D"}, {"maxAge": 1, "shares": 400, "filerUrl": "", "transactionText": "", "filerName": "Gupta (Diwakar)", "filerRelation": "UNREPORTED", "moneyText": "", "startDate": "2009-05-19", "ownership": "D"}], "maxAge": 1}, "sectorTrend": {"maxAge": 1, "symbol": null, "estimates": []}, "incomeStatementHistoryQuarterly": {"incomeStatementHistory": [{"maxAge": 1, "endDate": "2020-12-31", "totalRevenue": 480836800000, "costOfRevenue": 0, "grossProfit": 480836800000, "researchDevelopment": {}, "sellingGeneralAdministrative": 140283400000, "nonRecurring": {}, "otherOperatingExpenses": 254399700000, "totalOperatingExpenses": 394683100000, "operatingIncome": 86153700000, "totalOtherIncomeExpenseNet": 2117000000, "ebit": 0, "interestExpense": {}, "incomeBeforeTax": 88270700000, "incomeTaxExpense": 22132100000, "minorityInterest": 94239800000, "netIncomeFromContinuingOps": 66138600000, "discontinuedOperations": {}, "extraordinaryItems": {}, "effectOfAccountingCharges": {}, "otherItems": {}, "netIncome": 62575500000, "netIncomeApplicableToCommonShares": 62575500000}, {"maxAge": 1, "endDate": "2020-09-30", "totalRevenue": 451292500000, "costOfRevenue": 0, "grossProfit": 451292500000, "researchDevelopment": {}, "sellingGeneralAdministrative": 134041500000, "nonRecurring": {}, "otherOperatingExpenses": 244183100000, "totalOperatingExpenses": 378224600000, "operatingIncome": 73067900000, "totalOtherIncomeExpenseNet": 1075200000, "ebit": 0, "interestExpense": {}, "incomeBeforeTax": 74143100000, "incomeTaxExpense": 19029800000, "minorityInterest": 89126900000, "netIncomeFromContinuingOps": 55113300000, "discontinuedOperations": {}, "extraordinaryItems": {}, "effectOfAccountingCharges": {}, "otherItems": {}, "netIncome": 52458800000, "netIncomeApplicableToCommonShares": 52458800000}, {"maxAge": 1, "endDate": "2020-06-30", "totalRevenue": 351202500000, "costOfRevenue": 0, "grossProfit": 351202500000, "researchDevelopment": {}, "sellingGeneralAdministrative": 126582200000, "nonRecurring": {}, "otherOperatingExpenses": 166168500000, "totalOperatingExpenses": 292750700000, "operatingIncome": 58451800000, "totalOtherIncomeExpenseNet": 14312300000, "ebit": 0, "interestExpense": {}, "incomeBeforeTax": 72764100000, "incomeTaxExpense": 20089600000, "minorityInterest": 86774000000, "netIncomeFromContinuingOps": 52674500000, "discontinuedOperations": {}, "extraordinaryItems": {}, "effectOfAccountingCharges": {}, "otherItems": {}, "netIncome": 47765000000, "netIncomeApplicableToCommonShares": 47765000000}, {"maxAge": 1, "endDate": "2020-03-31", "totalRevenue": 334459933440, "costOfRevenue": 0, "grossProfit": 334459933440, "researchDevelopment": {}, "sellingGeneralAdministrative": 313944376000, "nonRecurring": {}, "otherOperatingExpenses": 46967354000, "totalOperatingExpenses": 360911730000, "operatingIncome": -26451796560, "totalOtherIncomeExpenseNet": -4747914440, "ebit": 0, "interestExpense": {}, "incomeBeforeTax": -31199711000, "incomeTaxExpense": -103934600000, "minorityInterest": 79438220000, "netIncomeFromContinuingOps": 72734889000, "discontinuedOperations": {}, "extraordinaryItems": {}, "effectOfAccountingCharges": {}, "otherItems": {}, "netIncome": 69099522000, "netIncomeApplicableToCommonShares": 69099522000}], "maxAge": 86400}, "cashflowStatementHistoryQuarterly": {"cashflowStatements": [{"maxAge": 1, "endDate": "2020-12-31", "netIncome": 62575500000, "changeToLiabilities": 0}, {"maxAge": 1, "endDate": "2020-09-30", "netIncome": 52458800000, "changeToLiabilities": 0}, {"maxAge": 1, "endDate": "2020-06-30", "netIncome": 47765000000, "changeToLiabilities": 0}, {"maxAge": 1, "endDate": "2020-03-31", "netIncome": 69099522000, "changeToLiabilities": 0}], "maxAge": 86400}, "earnings": {"maxAge": 86400, "earningsChart": {"quarterly": [{"date": "4Q2017", "actual": -2.8, "estimate": 1.33}, {"date": "1Q2018", "actual": -8.92, "estimate": 0.78}, {"date": "2Q2018", "actual": -5.46, "estimate": -0.35}, {"date": "3Q2018", "actual": -0.69, "estimate": 1.21}], "currentQuarterEstimateDate": "4Q", "currentQuarterEstimateYear": 2018, "earningsDate": ["2021-06-03 05:30:S", "2021-06-07 05:30:S"]}, "financialsChart": {"yearly": [{"date": 2017, "revenue": 882347090000, "earnings": 2412325000}, {"date": 2018, "revenue": 839091015790, "earnings": -45562900000}, {"date": 2019, "revenue": 1178693354520, "earnings": 22996391000}, {"date": 2020, "revenue": 1499578133440, "earnings": 197678022000}], "quarterly": [{"date": "1Q2020", "revenue": 334459933440, "earnings": 69099522000}, {"date": "2Q2020", "revenue": 351202500000, "earnings": 47765000000}, {"date": "3Q2020", "revenue": 451292500000, "earnings": 52458800000}, {"date": "4Q2020", "revenue": 480836800000, "earnings": 62575500000}]}, "financialCurrency": "INR"}, "financialData": {"maxAge": 86400, "currentPrice": 353.5, "targetHighPrice": 400.0, "targetLowPrice": 265.0, "targetMeanPrice": 348.98, "targetMedianPrice": 352.0, "recommendationKey": "none", "numberOfAnalystOpinions": 45, "totalCash": 1176211816448, "totalCashPerShare": 131.794, "totalDebt": 4307402620928, "totalRevenue": 1617791680512, "revenuePerShare": 181.329, "returnOnEquity": 0.09302, "grossProfits": 1499578133440, "earningsGrowth": -0.042, "revenueGrowth": 0.018, "grossMargins": 0.0, "ebitdaMargins": 0.0, "operatingMargins": 0.1182, "profitMargins": 0.14333999, "financialCurrency": "INR"}}}