{"SCANDENT.BO": {"cashflowStatementHistory": {"cashflowStatements": [{"maxAge": 1, "endDate": "2020-03-31", "netIncome": 285000, "depreciation": 12763000, "changeToNetincome": -6855000, "changeToAccountReceivables": -15829000, "changeToLiabilities": -4444000, "changeToInventory": -1054000, "changeToOperatingActivities": 2234000, "totalCashFromOperatingActivities": -12900000, "capitalExpenditures": -28484000, "totalCashflowsFromInvestingActivities": -23207000, "netBorrowings": 39256000, "otherCashflowsFromFinancingActivities": 8287000, "totalCashFromFinancingActivities": 47543000, "changeInCash": 11436000}, {"maxAge": 1, "endDate": "2019-03-31", "netIncome": 190862, "depreciation": 9386326, "changeToNetincome": -5031797, "changeToAccountReceivables": -15829000, "changeToLiabilities": 0, "changeToInventory": -1054000, "changeToOperatingActivities": 7571121, "totalCashFromOperatingActivities": 12116512, "capitalExpenditures": -15059332, "totalCashflowsFromInvestingActivities": -15059332, "netBorrowings": 190543, "otherCashflowsFromFinancingActivities": 5031797, "totalCashFromFinancingActivities": 5222340, "changeInCash": 2279520}, {"maxAge": 1, "endDate": "2018-03-31", "netIncome": 8573423, "depreciation": 3921595, "changeToNetincome": -1133635, "changeToAccountReceivables": -15829000, "changeToLiabilities": 0, "changeToInventory": -1054000, "changeToOperatingActivities": 19025276, "totalCashFromOperatingActivities": 30386659, "capitalExpenditures": -54450752, "totalCashflowsFromInvestingActivities": -54450752, "netBorrowings": 1494601, "otherCashflowsFromFinancingActivities": 1133634, "totalCashFromFinancingActivities": 2628235, "changeInCash": -21435857}, {"maxAge": 1, "endDate": "2017-03-31", "netIncome": 1575481, "depreciation": 2464648, "changeToNetincome": -104537, "changeToAccountReceivables": -15829000, "changeToLiabilities": 0, "changeToInventory": -1054000, "changeToOperatingActivities": 648620, "totalCashFromOperatingActivities": 4584212, "capitalExpenditures": -14514654, "totalCashflowsFromInvestingActivities": -14514654, "netBorrowings": 7720537, "otherCashflowsFromFinancingActivities": 104537, "totalCashFromFinancingActivities": 7825074, "changeInCash": -2105368}], "maxAge": 86400}, "institutionOwnership": {"ownershipList": [], "maxAge": 1}, "balanceSheetHistoryQuarterly": {"balanceSheetStatements": [{"maxAge": 1, "endDate": "2020-06-30", "totalStockholderEquity": 50125000, "netTangibleAssets": 50125000}, {"maxAge": 1, "endDate": "2020-03-31", "cash": 16120000, "shortTermInvestments": 2630000, "netReceivables": 40909000, "inventory": 2920000, "otherCurrentAssets": 1063000, "totalCurrentAssets": 63642000, "longTermInvestments": 11936000, "propertyPlantEquipment": 95619000, "totalAssets": 171197000, "accountsPayable": 19045000, "shortLongTermDebt": 28104000, "otherCurrentLiab": 6270000, "longTermDebt": 67186000, "otherLiab": 417000, "totalCurrentLiabilities": 53469000, "totalLiab": 121072000, "commonStock": 321000000, "treasuryStock": -270875000, "otherStockholderEquity": -270875000, "totalStockholderEquity": 50125000, "netTangibleAssets": 50125000}, {"maxAge": 1, "endDate": "2019-12-31", "totalStockholderEquity": 49591000, "netTangibleAssets": 49591000}, {"maxAge": 1, "endDate": "2019-09-30", "cash": 3057000, "netReceivables": 24600000, "inventory": 2678000, "otherCurrentAssets": 7639000, "totalCurrentAssets": 37974000, "propertyPlantEquipment": 85154000, "otherAssets": 14914000, "totalAssets": 138042000, "accountsPayable": 15922000, "otherCurrentLiab": 66250000, "longTermDebt": 5863000, "otherLiab": 416000, "totalCurrentLiabilities": 82172000, "totalLiab": 88451000, "commonStock": 321000000, "treasuryStock": -271409000, "otherStockholderEquity": -271409000, "totalStockholderEquity": 49591000, "netTangibleAssets": 49591000}], "maxAge": 86400}, "indexTrend": {"maxAge": 1, "symbol": "SP5", "peRatio": 19.7411, "pegRatio": 1.34172, "estimates": [{"period": "0q", "growth": 0.549}, {"period": "+1q", "growth": 0.431}, {"period": "0y", "growth": 0.305}, {"period": "+1y", "growth": 0.109}, {"period": "+5y", "growth": 0.120859005}, {"period": "-5y"}]}, "insiderTransactions": {"transactions": [{"maxAge": 1, "shares": 142600, "filerUrl": "", "transactionText": "", "filerName": "Reveal Developers Pvt Ltd", "filerRelation": "Institution- Corporation", "moneyText": "", "startDate": "2014-07-05", "ownership": "D"}, {"maxAge": 1, "shares": 1432900, "filerUrl": "", "transactionText": "", "filerName": "Agrawal (Anil)", "filerRelation": "Chairman of the Board", "moneyText": "", "startDate": "2013-02-01", "ownership": "D"}], "maxAge": 1}, "quoteType": {"exchange": "BSE", "quoteType": "EQUITY", "symbol": "SCANDENT.BO", "underlyingSymbol": "SCANDENT.BO", "shortName": "SCANDENT IMAGING LIMITED", "longName": "Scandent Imaging Limited", "firstTradeDateEpochUtc": "2011-10-03 09:15:00", "timeZoneFullName": "Asia/Kolkata", "timeZoneShortName": "IST", "uuid": "4055feb4-1c5b-33cd-ac79-7d8e23388f8f", "gmtOffSetMilliseconds": 19800000, "maxAge": 1}, "incomeStatementHistory": {"incomeStatementHistory": [{"maxAge": 1, "endDate": "2020-03-31", "totalRevenue": 132625000, "costOfRevenue": 34465000, "grossProfit": 98160000, "researchDevelopment": {}, "sellingGeneralAdministrative": {}, "nonRecurring": {}, "otherOperatingExpenses": 76725000, "totalOperatingExpenses": 123953000, "operatingIncome": 8672000, "totalOtherIncomeExpenseNet": -8287000, "ebit": 8672000, "interestExpense": -8287000, "incomeBeforeTax": 385000, "incomeTaxExpense": 100000, "minorityInterest": {}, "netIncomeFromContinuingOps": 285000, "discontinuedOperations": {}, "extraordinaryItems": {}, "effectOfAccountingCharges": {}, "otherItems": {}, "netIncome": 285000, "netIncomeApplicableToCommonShares": 285000}, {"maxAge": 1, "endDate": "2019-03-31", "totalRevenue": 142187373, "costOfRevenue": 43432433, "grossProfit": 98754940, "researchDevelopment": {}, "sellingGeneralAdministrative": 18594176, "nonRecurring": {}, "otherOperatingExpenses": 65244586, "totalOperatingExpenses": 136657521, "operatingIncome": 5529852, "totalOtherIncomeExpenseNet": -4985907, "ebit": 5529852, "interestExpense": -5031797, "incomeBeforeTax": 533945, "incomeTaxExpense": 343083, "minorityInterest": {}, "netIncomeFromContinuingOps": 190862, "discontinuedOperations": {}, "extraordinaryItems": {}, "effectOfAccountingCharges": {}, "otherItems": {}, "netIncome": 190862, "netIncomeApplicableToCommonShares": 190862}, {"maxAge": 1, "endDate": "2018-03-31", "totalRevenue": 53164210, "costOfRevenue": 14106263, "grossProfit": 39057947, "researchDevelopment": {}, "sellingGeneralAdministrative": 8854904, "nonRecurring": {}, "otherOperatingExpenses": 15444740, "totalOperatingExpenses": 42327502, "operatingIncome": 10836708, "totalOtherIncomeExpenseNet": -29875, "ebit": 10836708, "interestExpense": -1133635, "incomeBeforeTax": 10806833, "incomeTaxExpense": 2233410, "minorityInterest": {}, "netIncomeFromContinuingOps": 8573423, "discontinuedOperations": {}, "extraordinaryItems": {}, "effectOfAccountingCharges": {}, "otherItems": {}, "netIncome": 8573423, "netIncomeApplicableToCommonShares": 8573423}, {"maxAge": 1, "endDate": "2017-03-31", "totalRevenue": 17979845, "costOfRevenue": 5852187, "grossProfit": 12127658, "researchDevelopment": {}, "sellingGeneralAdministrative": 3390007, "nonRecurring": {}, "otherOperatingExpenses": 5816599, "totalOperatingExpenses": 17523441, "operatingIncome": 456404, "totalOtherIncomeExpenseNet": 1503733, "ebit": 456404, "interestExpense": -104537, "incomeBeforeTax": 1960137, "incomeTaxExpense": 384656, "minorityInterest": {}, "netIncomeFromContinuingOps": 1575481, "discontinuedOperations": {}, "extraordinaryItems": {}, "effectOfAccountingCharges": {}, "otherItems": {}, "netIncome": 1575481, "netIncomeApplicableToCommonShares": 1575481}], "maxAge": 86400}, "fundOwnership": {"ownershipList": [], "maxAge": 1}, "summaryDetail": {"maxAge": 1, "priceHint": 2, "previousClose": 18.35, "open": 17.8, "dayLow": 17.75, "dayHigh": 18.75, "regularMarketPreviousClose": 18.35, "regularMarketOpen": 17.8, "regularMarketDayLow": 17.75, "regularMarketDayHigh": 18.75, "trailingPE": 26.315788, "volume": 6496, "regularMarketVolume": 6496, "averageVolume": 7384, "averageVolume10days": 302, "averageDailyVolume10Day": 302, "bid": 0.0, "ask": 18.0, "bidSize": 0, "askSize": 0, "marketCap": 577800000, "fiftyTwoWeekLow": 5.37, "fiftyTwoWeekHigh": 18.75, "fiftyDayAverage": 12.029394, "twoHundredDayAverage": 8.497868, "currency": "INR", "fromCurrency": null, "lastMarket": null, "algorithm": null, "tradeable": false}, "incomeStatementHistoryQuarterly": {"incomeStatementHistory": [{"maxAge": 1, "endDate": "2020-06-30", "totalRevenue": 79527000, "costOfRevenue": 13766000, "grossProfit": 65761000, "researchDevelopment": {}, "sellingGeneralAdministrative": {}, "nonRecurring": {}, "otherOperatingExpenses": 46692000, "totalOperatingExpenses": 63946000, "operatingIncome": 15581000, "totalOtherIncomeExpenseNet": -2427000, "ebit": 15581000, "interestExpense": -2427000, "incomeBeforeTax": 13154000, "incomeTaxExpense": 3420000, "minorityInterest": {}, "netIncomeFromContinuingOps": 9734000, "discontinuedOperations": {}, "extraordinaryItems": {}, "effectOfAccountingCharges": {}, "otherItems": {}, "netIncome": 9734000, "netIncomeApplicableToCommonShares": 9734000}, {"maxAge": 1, "endDate": "2020-03-31", "totalRevenue": 31675000, "costOfRevenue": 8248000, "grossProfit": 23427000, "researchDevelopment": {}, "sellingGeneralAdministrative": {}, "nonRecurring": {}, "otherOperatingExpenses": 16555000, "totalOperatingExpenses": 28276000, "operatingIncome": 3399000, "totalOtherIncomeExpenseNet": -3245000, "ebit": 3399000, "interestExpense": -3245000, "incomeBeforeTax": 154000, "incomeTaxExpense": 100000, "minorityInterest": {}, "netIncomeFromContinuingOps": 54000, "discontinuedOperations": {}, "extraordinaryItems": {}, "effectOfAccountingCharges": {}, "otherItems": {}, "netIncome": 54000, "netIncomeApplicableToCommonShares": 54000}, {"maxAge": 1, "endDate": "2019-12-31", "totalRevenue": 35313000, "costOfRevenue": 8078000, "grossProfit": 27235000, "researchDevelopment": {}, "sellingGeneralAdministrative": {}, "nonRecurring": {}, "otherOperatingExpenses": 21943000, "totalOperatingExpenses": 33389000, "operatingIncome": 1924000, "totalOtherIncomeExpenseNet": -1605000, "ebit": 1924000, "interestExpense": -1605000, "incomeBeforeTax": 319000, "incomeTaxExpense": 0, "minorityInterest": {}, "netIncomeFromContinuingOps": 319000, "discontinuedOperations": {}, "extraordinaryItems": {}, "effectOfAccountingCharges": {}, "otherItems": {}, "netIncome": 319000, "netIncomeApplicableToCommonShares": 319000}, {"maxAge": 1, "endDate": "2019-09-30", "totalRevenue": 40811000, "costOfRevenue": 8549000, "grossProfit": 32262000, "researchDevelopment": {}, "sellingGeneralAdministrative": {}, "nonRecurring": {}, "otherOperatingExpenses": 18057000, "totalOperatingExpenses": 29574000, "operatingIncome": 11237000, "totalOtherIncomeExpenseNet": -1758000, "ebit": 11237000, "interestExpense": -1758000, "incomeBeforeTax": 9479000, "incomeTaxExpense": 0, "minorityInterest": {}, "netIncomeFromContinuingOps": 9479000, "discontinuedOperations": {}, "extraordinaryItems": {}, "effectOfAccountingCharges": {}, "otherItems": {}, "netIncome": 9479000, "netIncomeApplicableToCommonShares": 9479000}], "maxAge": 86400}, "cashflowStatementHistoryQuarterly": {"cashflowStatements": [{"maxAge": 1, "endDate": "2020-06-30", "netIncome": 9734000, "changeToLiabilities": 0}, {"maxAge": 1, "endDate": "2020-03-31", "netIncome": 54000, "changeToLiabilities": 0}, {"maxAge": 1, "endDate": "2019-12-31", "netIncome": 319000, "changeToLiabilities": 0}, {"maxAge": 1, "endDate": "2019-09-30", "netIncome": 9479000, "changeToLiabilities": 0}], "maxAge": 86400}, "insiderHolders": {"holders": [{"maxAge": 1, "name": "Agrawal (Anil)", "relation": "Chairman of the Board", "url": "", "transactionDescription": "Sale", "latestTransDate": "2013-02-01", "positionDirect": 14500, "positionDirectDate": "2013-02-01"}, {"maxAge": 1, "name": "Reveal Developers Pvt Ltd", "relation": "Institution- Corporation", "url": "", "transactionDescription": "Purchase", "latestTransDate": "2014-07-05", "positionDirect": 267800, "positionDirectDate": "2014-07-05"}], "maxAge": 1}, "calendarEvents": {"maxAge": 1, "earnings": {"earningsDate": []}}, "upgradeDowngradeHistory": {"history": [], "maxAge": 86400}, "price": {"maxAge": 1, "regularMarketChangePercent": -0.01907359, "regularMarketChange": -0.35000038, "regularMarketTime": "2021-04-30 14:20:24", "priceHint": 2, "regularMarketPrice": 18.0, "regularMarketDayHigh": 18.75, "regularMarketDayLow": 17.75, "regularMarketVolume": 6496, "averageDailyVolume10Day": 302, "averageDailyVolume3Month": 7384, "regularMarketPreviousClose": 18.35, "regularMarketSource": "FREE_REALTIME", "regularMarketOpen": 17.8, "exchange": "BSE", "exchangeName": "BSE", "exchangeDataDelayedBy": 0, "marketState": "CLOSED", "quoteType": "EQUITY", "symbol": "SCANDENT.BO", "underlyingSymbol": null, "shortName": "SCANDENT IMAGING LIMITED", "longName": "Scandent Imaging Limited", "currency": "INR", "quoteSourceName": "Delayed Quote", "currencySymbol": "\u20b9", "fromCurrency": null, "lastMarket": null, "marketCap": 577800000}, "balanceSheetHistory": {"balanceSheetStatements": [{"maxAge": 1, "endDate": "2020-03-31", "cash": 16120000, "shortTermInvestments": 2630000, "netReceivables": 40909000, "inventory": 2920000, "otherCurrentAssets": 1063000, "totalCurrentAssets": 63642000, "longTermInvestments": 11936000, "propertyPlantEquipment": 95619000, "totalAssets": 171197000, "accountsPayable": 19045000, "shortLongTermDebt": 28104000, "otherCurrentLiab": 6270000, "longTermDebt": 67186000, "otherLiab": 417000, "totalCurrentLiabilities": 53469000, "totalLiab": 121072000, "commonStock": 321000000, "treasuryStock": -270875000, "otherStockholderEquity": -270875000, "totalStockholderEquity": 50125000, "netTangibleAssets": 50125000}, {"maxAge": 1, "endDate": "2019-03-31", "cash": 4683597, "netReceivables": 25111314, "inventory": 1865858, "otherCurrentAssets": 1115756, "totalCurrentAssets": 33100072, "propertyPlantEquipment": 86607007, "otherAssets": 18226540, "totalAssets": 137933619, "accountsPayable": 23047625, "shortLongTermDebt": 548721, "otherCurrentLiab": 56802284, "longTermDebt": 2669250, "otherLiab": 412567, "totalCurrentLiabilities": 85105669, "totalLiab": 88187486, "commonStock": 321000000, "retainedEarnings": -272003867, "capitalSurplus": 750000, "totalStockholderEquity": 49746133, "netTangibleAssets": 49746133}, {"maxAge": 1, "endDate": "2018-03-31", "cash": 2404076, "netReceivables": 8877, "inventory": 679935, "otherCurrentAssets": 1020636, "totalCurrentAssets": 4490592, "propertyPlantEquipment": 80934001, "otherAssets": 13429290, "totalAssets": 98853883, "accountsPayable": 1124249, "shortLongTermDebt": 324115, "otherCurrentLiab": 21998357, "longTermDebt": 2478707, "otherLiab": 490329, "totalCurrentLiabilities": 46379596, "totalLiab": 49348632, "commonStock": 321000000, "retainedEarnings": -272244749, "capitalSurplus": 750000, "totalStockholderEquity": 49505251, "netTangibleAssets": 49505251}, {"maxAge": 1, "endDate": "2017-03-31", "cash": 23839934, "netReceivables": 62262, "otherCurrentAssets": 184684, "totalCurrentAssets": 24270300, "propertyPlantEquipment": 30404844, "otherAssets": 308340, "totalAssets": 54983484, "otherCurrentLiab": 12895746, "otherLiab": 169142, "totalCurrentLiabilities": 13879852, "totalLiab": 14048994, "commonStock": 321000000, "treasuryStock": -280065510, "otherStockholderEquity": -280065510, "totalStockholderEquity": 40934490, "netTangibleAssets": 40934490}], "maxAge": 86400}, "financialData": {"maxAge": 86400, "currentPrice": 18.0, "recommendationKey": "none", "grossProfits": 98160000, "financialCurrency": "INR"}}}