{"SCAPDVR.BO": {"cashflowStatementHistory": {"cashflowStatements": [{"maxAge": 1, "endDate": "2020-03-31", "netIncome": -82779000, "depreciation": 16607000, "changeToNetincome": 37152000, "changeToLiabilities": 0, "changeToOperatingActivities": 1354000, "totalCashFromOperatingActivities": -27666000, "otherCashflowsFromInvestingActivities": 587000, "totalCashflowsFromInvestingActivities": 587000, "netBorrowings": 13119000, "totalCashFromFinancingActivities": 13119000, "changeInCash": -13960000}, {"maxAge": 1, "endDate": "2019-03-31", "netIncome": -614227412, "depreciation": 58026051, "changeToNetincome": 553835512, "changeToAccountReceivables": 260303095, "changeToLiabilities": -19707114, "changeToOperatingActivities": -197098395, "totalCashFromOperatingActivities": 112535022, "capitalExpenditures": -20042336, "otherCashflowsFromInvestingActivities": 7478551, "totalCashflowsFromInvestingActivities": -12563785, "netBorrowings": -1053498256, "otherCashflowsFromFinancingActivities": -4357090, "totalCashFromFinancingActivities": -1057855346, "changeInCash": -957884109}, {"maxAge": 1, "endDate": "2018-03-31", "netIncome": -529382088, "depreciation": 287977111, "changeToNetincome": 364085411, "changeToAccountReceivables": 913750047, "changeToLiabilities": -425526085, "changeToOperatingActivities": -524649115, "totalCashFromOperatingActivities": 86255281, "capitalExpenditures": -273351679, "otherCashflowsFromInvestingActivities": 32350803, "totalCashflowsFromInvestingActivities": -241000876, "netBorrowings": 905078686, "otherCashflowsFromFinancingActivities": -8239588, "totalCashFromFinancingActivities": 896839098, "changeInCash": 742093503}, {"maxAge": 1, "endDate": "2017-03-31", "netIncome": 332031067, "depreciation": 281265567, "changeToNetincome": 432433661, "changeToAccountReceivables": -971075690, "changeToLiabilities": 549302892, "changeToOperatingActivities": -141706279, "totalCashFromOperatingActivities": 482251218, "capitalExpenditures": -392428875, "investments": -50000100, "otherCashflowsFromInvestingActivities": 861219, "totalCashflowsFromInvestingActivities": -441567756, "netBorrowings": 159944209, "otherCashflowsFromFinancingActivities": -34130, "totalCashFromFinancingActivities": 164110079, "changeInCash": 204793541, "issuanceOfStock": 4200000}], "maxAge": 86400}, "institutionOwnership": {"ownershipList": [], "maxAge": 1}, "balanceSheetHistoryQuarterly": {"balanceSheetStatements": [{"maxAge": 1, "endDate": "2020-06-30", "totalStockholderEquity": 30560000, "netTangibleAssets": 30408000}, {"maxAge": 1, "endDate": "2020-03-31", "cash": 7973000, "totalCurrentAssets": 7973000, "longTermInvestments": 38368000, "propertyPlantEquipment": 5530000, "intangibleAssets": 152000, "otherAssets": 6507000, "totalAssets": 58530000, "otherCurrentLiab": 14850000, "longTermDebt": 13120000, "totalCurrentLiabilities": 14850000, "totalLiab": 27970000, "commonStock": 286264000, "treasuryStock": -255704000, "otherStockholderEquity": -255704000, "totalStockholderEquity": 30560000, "netTangibleAssets": 30408000}, {"maxAge": 1, "endDate": "2019-12-31", "totalStockholderEquity": 74176000, "netTangibleAssets": 62168000}, {"maxAge": 1, "endDate": "2019-09-30", "cash": 18238000, "netReceivables": 137101000, "totalCurrentAssets": 155339000, "longTermInvestments": 85906000, "propertyPlantEquipment": 27236000, "intangibleAssets": 12008000, "otherAssets": 11926000, "totalAssets": 292415000, "accountsPayable": 154007000, "otherCurrentLiab": 12441000, "longTermDebt": 50920000, "otherLiab": 374000, "totalCurrentLiabilities": 166945000, "totalLiab": 218239000, "commonStock": 286264000, "treasuryStock": -212088000, "otherStockholderEquity": -212088000, "totalStockholderEquity": 74176000, "netTangibleAssets": 62168000}], "maxAge": 86400}, "indexTrend": {"maxAge": 1, "symbol": "SP5", "peRatio": 19.7411, "pegRatio": 1.34172, "estimates": [{"period": "0q", "growth": 0.549}, {"period": "+1q", "growth": 0.431}, {"period": "0y", "growth": 0.305}, {"period": "+1y", "growth": 0.109}, {"period": "+5y", "growth": 0.120865}, {"period": "-5y"}]}, "quoteType": {"exchange": "BSE", "quoteType": "EQUITY", "symbol": "SCAPDVR.BO", "underlyingSymbol": "SCAPDVR.BO", "shortName": "Stampede Capital Limited", "longName": "Stampede Capital Limited", "firstTradeDateEpochUtc": "2017-10-10 09:15:00", "timeZoneFullName": "Asia/Kolkata", "timeZoneShortName": "IST", "uuid": "156d6069-03d5-3868-b5a7-b8201dfd46f9", "gmtOffSetMilliseconds": 19800000, "maxAge": 1}, "incomeStatementHistory": {"incomeStatementHistory": [{"maxAge": 1, "endDate": "2020-03-31", "totalRevenue": 17667000, "costOfRevenue": 20524000, "grossProfit": -2857000, "researchDevelopment": {}, "sellingGeneralAdministrative": 10825000, "nonRecurring": {}, "otherOperatingExpenses": 15786000, "totalOperatingExpenses": 63742000, "operatingIncome": -46075000, "totalOtherIncomeExpenseNet": -36913000, "ebit": 0, "interestExpense": {}, "incomeBeforeTax": -82988000, "incomeTaxExpense": -209000, "minorityInterest": {}, "netIncomeFromContinuingOps": -82779000, "discontinuedOperations": {}, "extraordinaryItems": {}, "effectOfAccountingCharges": {}, "otherItems": {}, "netIncome": -82779000, "netIncomeApplicableToCommonShares": -82779000}, {"maxAge": 1, "endDate": "2019-03-31", "totalRevenue": 1572975394, "costOfRevenue": 1556161309, "grossProfit": 16814085, "researchDevelopment": {}, "sellingGeneralAdministrative": 12867412, "nonRecurring": {}, "otherOperatingExpenses": 48312933, "totalOperatingExpenses": 1902850279, "operatingIncome": -329874885, "totalOtherIncomeExpenseNet": -291339389, "ebit": 0, "interestExpense": {}, "incomeBeforeTax": -621214274, "incomeTaxExpense": -6986862, "minorityInterest": {}, "netIncomeFromContinuingOps": -614227412, "discontinuedOperations": {}, "extraordinaryItems": {}, "effectOfAccountingCharges": {}, "otherItems": {}, "netIncome": -614227412, "netIncomeApplicableToCommonShares": -614227412}, {"maxAge": 1, "endDate": "2018-03-31", "totalRevenue": 2325089208, "costOfRevenue": 2132840830, "grossProfit": 192248378, "researchDevelopment": {}, "sellingGeneralAdministrative": 18048522, "nonRecurring": {}, "otherOperatingExpenses": 28374420, "totalOperatingExpenses": 2472160401, "operatingIncome": -147071193, "totalOtherIncomeExpenseNet": -377982615, "ebit": 0, "interestExpense": {}, "incomeBeforeTax": -525053808, "incomeTaxExpense": -20943433, "minorityInterest": {}, "netIncomeFromContinuingOps": -504110375, "discontinuedOperations": {}, "extraordinaryItems": {}, "effectOfAccountingCharges": {}, "otherItems": {}, "netIncome": -529382088, "netIncomeApplicableToCommonShares": -529382088}, {"maxAge": 1, "endDate": "2017-03-31", "totalRevenue": 3855519532, "costOfRevenue": 2746599534, "grossProfit": 1108919998, "researchDevelopment": {}, "sellingGeneralAdministrative": 37329793, "nonRecurring": {}, "otherOperatingExpenses": 21777524, "totalOperatingExpenses": 3214273243, "operatingIncome": 641246289, "totalOtherIncomeExpenseNet": 1314130, "ebit": 0, "interestExpense": {}, "incomeBeforeTax": 642560419, "incomeTaxExpense": 163163393, "minorityInterest": 207966614, "netIncomeFromContinuingOps": 479397026, "discontinuedOperations": {}, "extraordinaryItems": {}, "effectOfAccountingCharges": {}, "otherItems": {}, "netIncome": 332031067, "netIncomeApplicableToCommonShares": 332031067}], "maxAge": 86400}, "fundOwnership": {"ownershipList": [], "maxAge": 1}, "summaryDetail": {"maxAge": 1, "priceHint": 4, "previousClose": 2.3, "open": 2.33, "dayLow": 2.2, "dayHigh": 2.36, "regularMarketPreviousClose": 2.3, "regularMarketOpen": 2.33, "regularMarketDayLow": 2.2, "regularMarketDayHigh": 2.36, "volume": 3342, "regularMarketVolume": 3342, "averageVolume": 27169, "averageVolume10days": 54662, "averageDailyVolume10Day": 54662, "bid": 2.19, "ask": 2.32, "bidSize": 0, "askSize": 0, "marketCap": 646956032, "fiftyTwoWeekLow": 0.19, "fiftyTwoWeekHigh": 2.36, "fiftyDayAverage": 1.5084848, "twoHundredDayAverage": 1.3719118, "currency": "INR", "fromCurrency": null, "lastMarket": null, "algorithm": null, "tradeable": false}, "incomeStatementHistoryQuarterly": {"incomeStatementHistory": [{"maxAge": 1, "endDate": "2020-06-30", "totalRevenue": 14414000, "costOfRevenue": 9652000, "grossProfit": 4762000, "researchDevelopment": {}, "sellingGeneralAdministrative": 2982000, "nonRecurring": {}, "otherOperatingExpenses": 2834000, "totalOperatingExpenses": 16919000, "operatingIncome": -2505000, "totalOtherIncomeExpenseNet": 134000, "ebit": 0, "interestExpense": {}, "incomeBeforeTax": -2371000, "incomeTaxExpense": 0, "minorityInterest": {}, "netIncomeFromContinuingOps": -2371000, "discontinuedOperations": {}, "extraordinaryItems": {}, "effectOfAccountingCharges": {}, "otherItems": {}, "netIncome": -2371000, "netIncomeApplicableToCommonShares": -2371000}, {"maxAge": 1, "endDate": "2020-03-31", "totalRevenue": 4010000, "costOfRevenue": 5774000, "grossProfit": -1764000, "researchDevelopment": {}, "sellingGeneralAdministrative": 2267000, "nonRecurring": {}, "otherOperatingExpenses": 1223000, "totalOperatingExpenses": 13416000, "operatingIncome": -9406000, "totalOtherIncomeExpenseNet": 129000, "ebit": 0, "interestExpense": {}, "incomeBeforeTax": -9277000, "incomeTaxExpense": -209000, "minorityInterest": {}, "netIncomeFromContinuingOps": -9068000, "discontinuedOperations": {}, "extraordinaryItems": {}, "effectOfAccountingCharges": {}, "otherItems": {}, "netIncome": -9068000, "netIncomeApplicableToCommonShares": -9068000}, {"maxAge": 1, "endDate": "2019-12-31", "totalRevenue": 22898000, "costOfRevenue": 20911000, "grossProfit": 1987000, "researchDevelopment": {}, "sellingGeneralAdministrative": 2551000, "nonRecurring": {}, "otherOperatingExpenses": 4008000, "totalOperatingExpenses": 37158000, "operatingIncome": -14260000, "totalOtherIncomeExpenseNet": -36761000, "ebit": 0, "interestExpense": {}, "incomeBeforeTax": -51021000, "incomeTaxExpense": -1095000, "minorityInterest": {}, "netIncomeFromContinuingOps": -49926000, "discontinuedOperations": {}, "extraordinaryItems": {}, "effectOfAccountingCharges": {}, "otherItems": {}, "netIncome": -49926000, "netIncomeApplicableToCommonShares": -49926000}, {"maxAge": 1, "endDate": "2019-09-30", "totalRevenue": 109478000, "costOfRevenue": 110984000, "grossProfit": -1506000, "researchDevelopment": {}, "sellingGeneralAdministrative": 2404000, "nonRecurring": {}, "otherOperatingExpenses": 7254000, "totalOperatingExpenses": 130330000, "operatingIncome": -20852000, "totalOtherIncomeExpenseNet": 233000, "ebit": 0, "interestExpense": {}, "incomeBeforeTax": -20619000, "incomeTaxExpense": -4207000, "minorityInterest": {}, "netIncomeFromContinuingOps": -16412000, "discontinuedOperations": {}, "extraordinaryItems": {}, "effectOfAccountingCharges": {}, "otherItems": {}, "netIncome": -16412000, "netIncomeApplicableToCommonShares": -16412000}], "maxAge": 86400}, "cashflowStatementHistoryQuarterly": {"cashflowStatements": [{"maxAge": 1, "endDate": "2020-06-30", "netIncome": -2371000, "changeToLiabilities": 0}, {"maxAge": 1, "endDate": "2020-03-31", "netIncome": -9068000, "changeToLiabilities": 0}, {"maxAge": 1, "endDate": "2019-12-31", "netIncome": -49926000, "changeToLiabilities": 0}, {"maxAge": 1, "endDate": "2019-09-30", "netIncome": -16412000, "changeToLiabilities": 0}], "maxAge": 86400}, "insiderHolders": {"holders": [], "maxAge": 1}, "calendarEvents": {"maxAge": 1, "earnings": {"earningsDate": []}}, "upgradeDowngradeHistory": {"history": [], "maxAge": 86400}, "price": {"maxAge": 1, "regularMarketChangePercent": -0.02173911, "regularMarketChange": -0.049999952, "regularMarketTime": "2021-04-30 15:27:34", "priceHint": 4, "regularMarketPrice": 2.25, "regularMarketDayHigh": 2.36, "regularMarketDayLow": 2.2, "regularMarketVolume": 3342, "averageDailyVolume10Day": 54662, "averageDailyVolume3Month": 27169, "regularMarketPreviousClose": 2.3, "regularMarketSource": "FREE_REALTIME", "regularMarketOpen": 2.33, "exchange": "BSE", "exchangeName": "BSE", "exchangeDataDelayedBy": 0, "marketState": "CLOSED", "quoteType": "EQUITY", "symbol": "SCAPDVR.BO", "underlyingSymbol": null, "shortName": "Stampede Capital Limited", "longName": "Stampede Capital Limited", "currency": "INR", "quoteSourceName": "Delayed Quote", "currencySymbol": "\u20b9", "fromCurrency": null, "lastMarket": null, "marketCap": 646956032}, "balanceSheetHistory": {"balanceSheetStatements": [{"maxAge": 1, "endDate": "2020-03-31", "cash": 7973000, "totalCurrentAssets": 7973000, "longTermInvestments": 38368000, "propertyPlantEquipment": 5530000, "intangibleAssets": 152000, "otherAssets": 6507000, "totalAssets": 58530000, "otherCurrentLiab": 14850000, "longTermDebt": 13120000, "totalCurrentLiabilities": 14850000, "totalLiab": 27970000, "commonStock": 286264000, "treasuryStock": -255704000, "otherStockholderEquity": -255704000, "totalStockholderEquity": 30560000, "netTangibleAssets": 30408000}, {"maxAge": 1, "endDate": "2019-03-31", "cash": 26342662, "netReceivables": 192313476, "otherCurrentAssets": 16075745, "totalCurrentAssets": 234731883, "longTermInvestments": 44456048, "propertyPlantEquipment": 48262226, "intangibleAssets": 17658214, "otherAssets": 11925804, "totalAssets": 357034175, "accountsPayable": 204082561, "otherCurrentLiab": 17611108, "longTermDebt": 23314466, "otherLiab": 4978710, "totalCurrentLiabilities": 224201349, "totalLiab": 252494525, "commonStock": 286264000, "retainedEarnings": -460249465, "capitalSurplus": 278525115, "totalStockholderEquity": 104539650, "netTangibleAssets": 86881436}, {"maxAge": 1, "endDate": "2018-03-31", "cash": 984226772, "netReceivables": 493073410, "otherCurrentAssets": 21928821, "totalCurrentAssets": 1499229003, "longTermInvestments": 152948824, "propertyPlantEquipment": 138359812, "intangibleAssets": 275156591, "otherAssets": 10189260, "totalAssets": 2075883490, "accountsPayable": 223789675, "otherCurrentLiab": 23202201, "longTermDebt": 1076812722, "otherLiab": 35800884, "totalCurrentLiabilities": 254389332, "totalLiab": 1367002938, "commonStock": 286264000, "retainedEarnings": 153977947, "treasuryStock": -9886510, "capitalSurplus": 278525115, "otherStockholderEquity": -9886510, "totalStockholderEquity": 708880552, "netTangibleAssets": 433723961}, {"maxAge": 1, "endDate": "2017-03-31", "cash": 242133271, "netReceivables": 1505515949, "otherCurrentAssets": 21986221, "totalCurrentAssets": 1769635441, "longTermInvestments": 51358982, "propertyPlantEquipment": 452772076, "intangibleAssets": 565861552, "otherAssets": 11814663, "totalAssets": 2851442714, "accountsPayable": 649315760, "otherCurrentLiab": 10867531, "longTermDebt": 171734036, "otherLiab": 159366914, "minorityInterest": 207966614, "totalCurrentLiabilities": 663937073, "totalLiab": 995038023, "commonStock": 286264000, "retainedEarnings": 770260745, "treasuryStock": 313388217, "capitalSurplus": 278525115, "otherStockholderEquity": 313388217, "totalStockholderEquity": 1648438077, "netTangibleAssets": 1082576525}], "maxAge": 86400}, "financialData": {"maxAge": 86400, "currentPrice": 2.25, "recommendationKey": "none", "grossProfits": -2857000, "financialCurrency": "INR"}}}