{"SCAPDVR.NS": {"assetProfile": {"address1": "Royal Pavilian Apartment, Block-A", "address2": "Flat No. 1003 H.No. 6-3-787 Ameerpet", "city": "Hyderabad", "zip": "500016", "country": "India", "phone": "91 40 2340 5683", "fax": "91 40 2354 0763", "website": "http://www.stampedecap.com", "industry": "Capital Markets", "sector": "Financial Services", "longBusinessSummary": "Stampede Capital Limited provides securities and currencies broking and trading services through various stock exchanges in India. The company was formerly known as Brilliant Securities Limited and changed its name to Stampede Capital Ltd. in July 2011. Stampede Capital Ltd. was incorporated in 1995 and is based in Hyderabad, India.", "companyOfficers": [{"maxAge": 1, "name": "Mr. Prathipati  Parthasarathi", "age": 72, "title": "Chief Financial Officer", "yearBorn": 1948, "fiscalYear": 2020, "totalPay": 0, "exercisedValue": 0, "unexercisedValue": 0}, {"maxAge": 1, "name": "Mr. Jonna Venkata Tirupati Rao", "age": 41, "title": "MD & Director", "yearBorn": 1979, "exercisedValue": 0, "unexercisedValue": 0}, {"maxAge": 1, "name": "Mr. Abhishek  Jain", "title": "Company Sec. & Compliance Officer", "exercisedValue": 0, "unexercisedValue": 0}], "compensationAsOfEpochDate": "2020-12-31 05:30:00", "maxAge": 86400}, "cashflowStatementHistory": {"cashflowStatements": [{"maxAge": 1, "endDate": "2020-03-31", "netIncome": -88827049, "depreciation": 18569677, "changeToNetincome": 51574268, "changeToAccountReceivables": 181214216, "changeToLiabilities": -204082561, "changeToOperatingActivities": -9621434, "totalCashFromOperatingActivities": -39873023, "otherCashflowsFromInvestingActivities": 1329904, "totalCashflowsFromInvestingActivities": 31698553, "netBorrowings": -10195685, "totalCashFromFinancingActivities": -10195685, "changeInCash": -18370155}, {"maxAge": 1, "endDate": "2019-03-31", "netIncome": -614227412, "depreciation": 129429336, "changeToNetincome": 553835512, "changeToAccountReceivables": 260303095, "changeToLiabilities": -19707114, "changeToOperatingActivities": -197098395, "totalCashFromOperatingActivities": 112535022, "capitalExpenditures": -20042336, "otherCashflowsFromInvestingActivities": 7478551, "totalCashflowsFromInvestingActivities": -12563785, "netBorrowings": -1053498256, "otherCashflowsFromFinancingActivities": -4357090, "totalCashFromFinancingActivities": -1057855346, "changeInCash": -957884109}, {"maxAge": 1, "endDate": "2018-03-31", "netIncome": -529382088, "depreciation": 287977111, "changeToNetincome": 364085411, "changeToAccountReceivables": 913750047, "changeToLiabilities": -425526085, "changeToOperatingActivities": -524649115, "totalCashFromOperatingActivities": 86255281, "capitalExpenditures": -273351679, "otherCashflowsFromInvestingActivities": 32350803, "totalCashflowsFromInvestingActivities": -241000876, "netBorrowings": 905078686, "otherCashflowsFromFinancingActivities": -8239588, "totalCashFromFinancingActivities": 896839098, "changeInCash": 742093503}, {"maxAge": 1, "endDate": "2017-03-31", "netIncome": 332031067, "depreciation": 281265567, "changeToNetincome": 432433661, "changeToAccountReceivables": -971075690, "changeToLiabilities": 549302892, "changeToOperatingActivities": -141706279, "totalCashFromOperatingActivities": 482251218, "capitalExpenditures": -392428875, "investments": -50000100, "otherCashflowsFromInvestingActivities": 861219, "totalCashflowsFromInvestingActivities": -441567756, "netBorrowings": 159944209, "otherCashflowsFromFinancingActivities": -34130, "totalCashFromFinancingActivities": 164110079, "changeInCash": 204793541, "issuanceOfStock": 4200000}], "maxAge": 86400}, "institutionOwnership": {"ownershipList": [], "maxAge": 1}, "majorHoldersBreakdown": {"maxAge": 1}, "balanceSheetHistoryQuarterly": {"balanceSheetStatements": [{"maxAge": 1, "endDate": "2020-12-31", "totalStockholderEquity": 9095000, "netTangibleAssets": 279000}, {"maxAge": 1, "endDate": "2020-09-30", "cash": 60279000, "netReceivables": 9985000, "totalCurrentAssets": 70264000, "longTermInvestments": 2087000, "propertyPlantEquipment": 3819000, "intangibleAssets": 8816000, "otherAssets": 37078000, "deferredLongTermAssetCharges": 6507000, "totalAssets": 122064000, "otherCurrentLiab": 61374000, "longTermDebt": 51595000, "totalCurrentLiabilities": 61374000, "totalLiab": 112969000, "commonStock": 286264000, "treasuryStock": -277169000, "otherStockholderEquity": -277169000, "totalStockholderEquity": 9095000, "netTangibleAssets": 279000}, {"maxAge": 1, "endDate": "2020-06-30", "totalStockholderEquity": 30560000, "netTangibleAssets": 30408000}, {"maxAge": 1, "endDate": "2020-03-31", "cash": 7972507, "netReceivables": 24900231, "otherCurrentAssets": 13467673, "totalCurrentAssets": 46340411, "propertyPlantEquipment": 5529651, "intangibleAssets": 152603, "otherAssets": 6507051, "totalAssets": 58529716, "otherCurrentLiab": 14709906, "longTermDebt": 13118781, "totalCurrentLiabilities": 14850445, "totalLiab": 27969226, "commonStock": 286264000, "retainedEarnings": -534228625, "capitalSurplus": 278525115, "totalStockholderEquity": 30560490, "netTangibleAssets": 30407887}], "maxAge": 86400}, "indexTrend": {"maxAge": 1, "symbol": "SP5", "peRatio": 19.7411, "pegRatio": 1.34172, "estimates": [{"period": "0q", "growth": 0.549}, {"period": "+1q", "growth": 0.431}, {"period": "0y", "growth": 0.305}, {"period": "+1y", "growth": 0.109}, {"period": "+5y", "growth": 0.120865}, {"period": "-5y"}]}, "defaultKeyStatistics": {"maxAge": 1, "priceHint": 4, "enterpriseValue": 678030016, "profitMargins": -1.9506, "floatShares": 184050802, "sharesOutstanding": 57252800, "beta": 1.428049, "category": null, "bookValue": 0.032, "priceToBook": 71.87499, "fundFamily": null, "legalType": null, "lastFiscalYearEnd": "2020-03-31 05:30:00", "nextFiscalYearEnd": "2022-03-31 05:30:00", "mostRecentQuarter": "2020-12-31 05:30:00", "netIncomeToCommon": -60615048, "trailingEps": -0.212, "lastSplitFactor": null, "enterpriseToRevenue": 21.819}, "summaryProfile": {"address1": "Royal Pavilian Apartment, Block-A", "address2": "Flat No. 1003 H.No. 6-3-787 Ameerpet", "city": "Hyderabad", "zip": "500016", "country": "India", "phone": "91 40 2340 5683", "fax": "91 40 2354 0763", "website": "http://www.stampedecap.com", "industry": "Capital Markets", "sector": "Financial Services", "longBusinessSummary": "Stampede Capital Limited provides securities and currencies broking and trading services through various stock exchanges in India. The company was formerly known as Brilliant Securities Limited and changed its name to Stampede Capital Ltd. in July 2011. Stampede Capital Ltd. was incorporated in 1995 and is based in Hyderabad, India.", "companyOfficers": [], "maxAge": 86400}, "netSharePurchaseActivity": {"maxAge": 1, "period": "6m", "buyInfoCount": 0, "buyInfoShares": 0, "sellInfoCount": 0, "netInfoCount": 0, "netInfoShares": 0, "totalInsiderShares": 0}, "quoteType": {"exchange": "NSI", "quoteType": "EQUITY", "symbol": "SCAPDVR.NS", "underlyingSymbol": "SCAPDVR.NS", "shortName": "STAMPEDE CAPITAL", "longName": "Stampede Capital Limited", "firstTradeDateEpochUtc": "2017-10-10 09:15:00", "timeZoneFullName": "Asia/Kolkata", "timeZoneShortName": "IST", "uuid": "43ca1c4d-3131-38f0-bbad-c0a6bb89ba42", "gmtOffSetMilliseconds": 19800000, "maxAge": 1}, "incomeStatementHistory": {"incomeStatementHistory": [{"maxAge": 1, "endDate": "2020-03-31", "totalRevenue": 168243113, "costOfRevenue": 167566202, "grossProfit": 676911, "researchDevelopment": {}, "sellingGeneralAdministrative": 15903296, "nonRecurring": {}, "otherOperatingExpenses": 12123195, "totalOperatingExpenses": 225462230, "operatingIncome": -57219117, "totalOtherIncomeExpenseNet": -37516277, "ebit": 0, "interestExpense": {}, "incomeBeforeTax": -94735394, "incomeTaxExpense": -5908345, "minorityInterest": {}, "netIncomeFromContinuingOps": -88827049, "discontinuedOperations": {}, "extraordinaryItems": {}, "effectOfAccountingCharges": {}, "otherItems": {}, "netIncome": -88827049, "netIncomeApplicableToCommonShares": -88827049}, {"maxAge": 1, "endDate": "2019-03-31", "totalRevenue": 1572975394, "costOfRevenue": 1556161309, "grossProfit": 16814085, "researchDevelopment": {}, "sellingGeneralAdministrative": 12867412, "nonRecurring": {}, "otherOperatingExpenses": 48312933, "totalOperatingExpenses": 1902850279, "operatingIncome": -329874885, "totalOtherIncomeExpenseNet": -291339389, "ebit": 0, "interestExpense": {}, "incomeBeforeTax": -621214274, "incomeTaxExpense": -6986862, "minorityInterest": {}, "netIncomeFromContinuingOps": -614227412, "discontinuedOperations": {}, "extraordinaryItems": {}, "effectOfAccountingCharges": {}, "otherItems": {}, "netIncome": -614227412, "netIncomeApplicableToCommonShares": -614227412}, {"maxAge": 1, "endDate": "2018-03-31", "totalRevenue": 2325089208, "costOfRevenue": 2132840830, "grossProfit": 192248378, "researchDevelopment": {}, "sellingGeneralAdministrative": 18048522, "nonRecurring": {}, "otherOperatingExpenses": 28374420, "totalOperatingExpenses": 2472160401, "operatingIncome": -147071193, "totalOtherIncomeExpenseNet": -377982615, "ebit": 0, "interestExpense": {}, "incomeBeforeTax": -525053808, "incomeTaxExpense": -20943433, "minorityInterest": {}, "netIncomeFromContinuingOps": -504110375, "discontinuedOperations": {}, "extraordinaryItems": {}, "effectOfAccountingCharges": {}, "otherItems": {}, "netIncome": -529382088, "netIncomeApplicableToCommonShares": -529382088}, {"maxAge": 1, "endDate": "2017-03-31", "totalRevenue": 3855519532, "costOfRevenue": 2746599534, "grossProfit": 1108919998, "researchDevelopment": {}, "sellingGeneralAdministrative": 37329793, "nonRecurring": {}, "otherOperatingExpenses": 21777524, "totalOperatingExpenses": 3214273243, "operatingIncome": 641246289, "totalOtherIncomeExpenseNet": 1314130, "ebit": 0, "interestExpense": {}, "incomeBeforeTax": 642560419, "incomeTaxExpense": 163163393, "minorityInterest": 207966614, "netIncomeFromContinuingOps": 479397026, "discontinuedOperations": {}, "extraordinaryItems": {}, "effectOfAccountingCharges": {}, "otherItems": {}, "netIncome": 332031067, "netIncomeApplicableToCommonShares": 332031067}], "maxAge": 86400}, "fundOwnership": {"ownershipList": [], "maxAge": 1}, "summaryDetail": {"maxAge": 1, "priceHint": 4, "previousClose": 2.4, "open": 2.3, "dayLow": 2.3, "dayHigh": 2.3, "regularMarketPreviousClose": 2.4, "regularMarketOpen": 2.3, "regularMarketDayLow": 2.3, "regularMarketDayHigh": 2.3, "payoutRatio": 0.0, "beta": 1.428049, "volume": 54861, "regularMarketVolume": 54861, "averageVolume": 65651, "averageVolume10days": 34562, "averageDailyVolume10Day": 34562, "bid": 0.0, "ask": 0.0, "bidSize": 0, "askSize": 0, "marketCap": 284213280, "fiftyTwoWeekLow": 0.15, "fiftyTwoWeekHigh": 2.8, "priceToSalesTrailing12Months": 9.146009, "fiftyDayAverage": 1.8121212, "twoHundredDayAverage": 1.6, "currency": "INR", "fromCurrency": null, "lastMarket": null, "algorithm": null, "tradeable": false}, "incomeStatementHistoryQuarterly": {"incomeStatementHistory": [{"maxAge": 1, "endDate": "2020-12-31", "totalRevenue": 4348000, "costOfRevenue": 7228000, "grossProfit": -2880000, "researchDevelopment": {}, "sellingGeneralAdministrative": 18012000, "nonRecurring": {}, "otherOperatingExpenses": 7821000, "totalOperatingExpenses": 34964000, "operatingIncome": -30616000, "totalOtherIncomeExpenseNet": 0, "ebit": 0, "interestExpense": {}, "incomeBeforeTax": -30616000, "incomeTaxExpense": 0, "minorityInterest": {}, "netIncomeFromContinuingOps": -30616000, "discontinuedOperations": {}, "extraordinaryItems": {}, "effectOfAccountingCharges": {}, "otherItems": {}, "netIncome": -30616000, "netIncomeApplicableToCommonShares": -30616000}, {"maxAge": 1, "endDate": "2020-09-30", "totalRevenue": 6839000, "costOfRevenue": 5795000, "grossProfit": 1044000, "researchDevelopment": {}, "sellingGeneralAdministrative": 9929000, "nonRecurring": {}, "otherOperatingExpenses": 8841000, "totalOperatingExpenses": 25934000, "operatingIncome": -19095000, "totalOtherIncomeExpenseNet": 0, "ebit": 0, "interestExpense": {}, "incomeBeforeTax": -19095000, "incomeTaxExpense": 0, "minorityInterest": {}, "netIncomeFromContinuingOps": -19095000, "discontinuedOperations": {}, "extraordinaryItems": {}, "effectOfAccountingCharges": {}, "otherItems": {}, "netIncome": -19095000, "netIncomeApplicableToCommonShares": -19095000}, {"maxAge": 1, "endDate": "2020-06-30", "totalRevenue": 14414000, "costOfRevenue": 9652000, "grossProfit": 4762000, "researchDevelopment": {}, "sellingGeneralAdministrative": 2982000, "nonRecurring": {}, "otherOperatingExpenses": 2834000, "totalOperatingExpenses": 16919000, "operatingIncome": -2505000, "totalOtherIncomeExpenseNet": 134000, "ebit": 0, "interestExpense": {}, "incomeBeforeTax": -2371000, "incomeTaxExpense": 0, "minorityInterest": {}, "netIncomeFromContinuingOps": -2371000, "discontinuedOperations": {}, "extraordinaryItems": {}, "effectOfAccountingCharges": {}, "otherItems": {}, "netIncome": -2371000, "netIncomeApplicableToCommonShares": -2371000}, {"maxAge": 1, "endDate": "2020-03-31", "totalRevenue": 5340113, "costOfRevenue": 6141202, "grossProfit": -801089, "researchDevelopment": {}, "sellingGeneralAdministrative": 7284296, "nonRecurring": {}, "otherOperatingExpenses": -4709805, "totalOperatingExpenses": 12867230, "operatingIncome": -7527117, "totalOtherIncomeExpenseNet": -1217277, "ebit": 0, "interestExpense": {}, "incomeBeforeTax": -8744394, "incomeTaxExpense": -209345, "minorityInterest": {}, "netIncomeFromContinuingOps": -8535049, "discontinuedOperations": {}, "extraordinaryItems": {}, "effectOfAccountingCharges": {}, "otherItems": {}, "netIncome": -8535049, "netIncomeApplicableToCommonShares": -8535049}], "maxAge": 86400}, "cashflowStatementHistoryQuarterly": {"cashflowStatements": [{"maxAge": 1, "endDate": "2020-12-31", "netIncome": -30616000, "changeToLiabilities": 0}, {"maxAge": 1, "endDate": "2020-09-30", "netIncome": -19095000, "changeToLiabilities": 0}, {"maxAge": 1, "endDate": "2020-06-30", "netIncome": -2371000, "changeToLiabilities": 0}, {"maxAge": 1, "endDate": "2020-03-31", "netIncome": -8535049, "changeToLiabilities": 0}], "maxAge": 86400}, "insiderHolders": {"holders": [], "maxAge": 1}, "calendarEvents": {"maxAge": 1, "earnings": {"earningsDate": []}}, "upgradeDowngradeHistory": {"history": [], "maxAge": 86400}, "price": {"maxAge": 1, "regularMarketChangePercent": -0.041666724, "regularMarketChange": -0.10000014, "regularMarketTime": "2021-04-30 15:29:27", "priceHint": 4, "regularMarketPrice": 2.3, "regularMarketDayHigh": 2.3, "regularMarketDayLow": 2.3, "regularMarketVolume": 54861, "averageDailyVolume10Day": 34562, "averageDailyVolume3Month": 65651, "regularMarketPreviousClose": 2.4, "regularMarketSource": "FREE_REALTIME", "regularMarketOpen": 2.3, "exchange": "NSI", "exchangeName": "NSE", "exchangeDataDelayedBy": 15, "marketState": "CLOSED", "quoteType": "EQUITY", "symbol": "SCAPDVR.NS", "underlyingSymbol": null, "shortName": "STAMPEDE CAPITAL", "longName": "Stampede Capital Limited", "currency": "INR", "quoteSourceName": "Delayed Quote", "currencySymbol": "\u20b9", "fromCurrency": null, "lastMarket": null, "marketCap": 284213280}, "balanceSheetHistory": {"balanceSheetStatements": [{"maxAge": 1, "endDate": "2020-03-31", "cash": 7972507, "netReceivables": 24900231, "otherCurrentAssets": 13467673, "totalCurrentAssets": 46340411, "propertyPlantEquipment": 5529651, "intangibleAssets": 152603, "otherAssets": 6507051, "totalAssets": 58529716, "otherCurrentLiab": 14709906, "longTermDebt": 13118781, "totalCurrentLiabilities": 14850445, "totalLiab": 27969226, "commonStock": 286264000, "retainedEarnings": -534228625, "capitalSurplus": 278525115, "totalStockholderEquity": 30560490, "netTangibleAssets": 30407887}, {"maxAge": 1, "endDate": "2019-03-31", "cash": 26342662, "netReceivables": 192313476, "otherCurrentAssets": 16075745, "totalCurrentAssets": 234731883, "longTermInvestments": 44456048, "propertyPlantEquipment": 48262226, "intangibleAssets": 17658214, "otherAssets": 11925804, "totalAssets": 357034175, "accountsPayable": 204082561, "otherCurrentLiab": 17611108, "longTermDebt": 23314466, "otherLiab": 4978710, "totalCurrentLiabilities": 224201349, "totalLiab": 252494525, "commonStock": 286264000, "retainedEarnings": -460249465, "capitalSurplus": 278525115, "totalStockholderEquity": 104539650, "netTangibleAssets": 86881436}, {"maxAge": 1, "endDate": "2018-03-31", "cash": 984226772, "netReceivables": 493073410, "otherCurrentAssets": 21928821, "totalCurrentAssets": 1499229003, "longTermInvestments": 152948824, "propertyPlantEquipment": 138359812, "intangibleAssets": 275156591, "otherAssets": 10189260, "totalAssets": 2075883490, "accountsPayable": 223789675, "otherCurrentLiab": 23202201, "longTermDebt": 1076812722, "otherLiab": 35800884, "totalCurrentLiabilities": 254389332, "totalLiab": 1367002938, "commonStock": 286264000, "retainedEarnings": 153977947, "treasuryStock": -9886510, "capitalSurplus": 278525115, "otherStockholderEquity": -9886510, "totalStockholderEquity": 708880552, "netTangibleAssets": 433723961}, {"maxAge": 1, "endDate": "2017-03-31", "cash": 242133271, "netReceivables": 1505515949, "otherCurrentAssets": 21986221, "totalCurrentAssets": 1769635441, "longTermInvestments": 51358982, "propertyPlantEquipment": 452772076, "intangibleAssets": 565861552, "otherAssets": 11814663, "totalAssets": 2851442714, "accountsPayable": 649315760, "otherCurrentLiab": 10867531, "longTermDebt": 171734036, "otherLiab": 159366914, "minorityInterest": 207966614, "totalCurrentLiabilities": 663937073, "totalLiab": 995038023, "commonStock": 286264000, "retainedEarnings": 770260745, "treasuryStock": 313388217, "capitalSurplus": 278525115, "otherStockholderEquity": 313388217, "totalStockholderEquity": 1648438077, "netTangibleAssets": 1082576525}], "maxAge": 86400}, "financialData": {"maxAge": 86400, "currentPrice": 2.3, "recommendationKey": "none", "totalCash": 60279000, "totalCashPerShare": 0.211, "totalDebt": 51595000, "totalRevenue": 31075112, "debtToEquity": 567.29, "revenuePerShare": 0.109, "grossProfits": 676911, "revenueGrowth": -0.81, "grossMargins": 0.07269, "ebitdaMargins": 0.0, "operatingMargins": -1.91816, "profitMargins": -1.9506, "financialCurrency": "INR"}}}