{"SCHAEFFLER.NS": {"assetProfile": {"address1": "Amar Sadanand Tech Park", "address2": "15th Floor Plot 3 Survey 105/3 104/1, Baner", "city": "Pune", "zip": "411045", "country": "India", "phone": "91 20 6819 8400", "website": "http://www.schaeffler.co.in", "industry": "Specialty Industrial Machinery", "sector": "Industrials", "longBusinessSummary": "Schaeffler India Limited develops, manufactures, and distributes high-precision roller and ball bearings, and related components worldwide. It offers ball, cylindrical, spherical, and tapered roller bearings, as well as wheel bearings. The company also provides engine and transmission components for front accessory drive systems, chain drive systems, valve train components, shift systems, and a range of needle roller bearings and elements; clutch systems and dual mass flywheels for passenger cars, light commercial vehicles, heavy commercial vehicles, and tractors; and concentric slave cylinder, clutch master cylinder, semi slave cylinder, adapter, and high pressure pipe assemblies. In addition, it offers engine oil, transmission oil, grease, coolant, hydraulic oil, and shock absorber oil. The company offers its products under the brand names of Schaeffler, LuK, INA, FAG, and Schaeffler TruPower. It serves the construction machinery, electrical engineering, industrial gear, mining and cement, power generation, agricultural engineering, steel plant, motorcycle, textile machinery, machine tool, wind power, pulp and paper, automotive and tractor, precision equipment, machine tools and material handling, car and truck, railway, two wheelers, renewable energy, power transmission, off highway, automation, and heavy, as well as MRO-steel, raw material, power, paper, and pulp industries. The company was formerly known as FAG Bearings India Limited and changed its name to Schaeffler India Limited in July 2017. Schaeffler India Limited was founded in 1962 and is headquartered in Pune, India. Schaeffler India Limited is a subsidiary of INA Holding Schaeffler GmbH & Co. KG.", "fullTimeEmployees": 834, "companyOfficers": [{"maxAge": 1, "name": "Mr. Harsha  Kadam", "age": 55, "title": "MD, CEO, Director & Pres of Industrial Bus.", "yearBorn": 1965, "fiscalYear": 2019, "totalPay": 4600000, "exercisedValue": 0, "unexercisedValue": 0}, {"maxAge": 1, "name": "Mr. Satish C. Patel", "age": 56, "title": "CFO, Director of Fin. & Additional Whole-time Director", "yearBorn": 1964, "fiscalYear": 2019, "totalPay": 11200000, "exercisedValue": 0, "unexercisedValue": 0}, {"maxAge": 1, "name": "Mr. Sameer  Mathur", "age": 52, "title": "Chief Operations Officer", "yearBorn": 1968, "exercisedValue": 0, "unexercisedValue": 0}, {"maxAge": 1, "name": "Ms. Hardevi  Vazirani", "age": 52, "title": "VP of Accounting, Controlling & Treasury", "yearBorn": 1968, "exercisedValue": 0, "unexercisedValue": 0}, {"maxAge": 1, "name": "Mr. Santanu  Ghoshal", "age": 53, "title": "Head of HR & VP of HR", "yearBorn": 1967, "exercisedValue": 0, "unexercisedValue": 0}, {"maxAge": 1, "name": "Mr. Sanjeev  Saxena", "age": 52, "title": "Pres of Automotive Technologies", "yearBorn": 1968, "exercisedValue": 0, "unexercisedValue": 0}, {"maxAge": 1, "name": "Mr. Debasish  Satpathy", "age": 47, "title": "VP \u00c2\u0096 BD Automotive Aftermarket", "yearBorn": 1973, "exercisedValue": 0, "unexercisedValue": 0}, {"maxAge": 1, "name": "Vijay  Chaudhury", "title": "Head of Corp. Communications & Investor Relations", "exercisedValue": 0, "unexercisedValue": 0}, {"maxAge": 1, "name": "Mr. Ashish  Tiwari", "age": 47, "title": "VP of Legal, Compliance Officer & Company Sec.", "yearBorn": 1973, "exercisedValue": 0, "unexercisedValue": 0}, {"maxAge": 1, "name": "Mr. Prateek  Kumar", "title": "Head of Corp. Quality", "exercisedValue": 0, "unexercisedValue": 0}], "compensationAsOfEpochDate": "2019-12-31 05:30:00", "maxAge": 86400}, "cashflowStatementHistory": {"cashflowStatements": [{"maxAge": 1, "endDate": "2020-12-31", "netIncome": 2909700000, "depreciation": 1938600000, "changeToNetincome": -872800000, "changeToAccountReceivables": -655300000, "changeToLiabilities": 2967200000, "changeToInventory": -398300000, "changeToOperatingActivities": 601700000, "totalCashFromOperatingActivities": 6491900000, "capitalExpenditures": -2376900000, "investments": -2528600000, "otherCashflowsFromInvestingActivities": 580800000, "totalCashflowsFromInvestingActivities": -4324500000, "dividendsPaid": -1094100000, "netBorrowings": -72000000, "otherCashflowsFromFinancingActivities": -52400000, "totalCashFromFinancingActivities": -1218500000, "changeInCash": 948900000}, {"maxAge": 1, "endDate": "2019-12-31", "netIncome": 3676400000, "depreciation": 1585100000, "changeToNetincome": -397200000, "changeToAccountReceivables": 1577900000, "changeToLiabilities": -3271600000, "changeToInventory": 1664200000, "changeToOperatingActivities": 260900000, "totalCashFromOperatingActivities": 5097700000, "capitalExpenditures": -3202500000, "investments": -1029800000, "otherCashflowsFromInvestingActivities": 570700000, "totalCashflowsFromInvestingActivities": -3657700000, "dividendsPaid": -937300000, "netBorrowings": -541100000, "otherCashflowsFromFinancingActivities": -227500000, "totalCashFromFinancingActivities": -1705900000, "changeInCash": -265900000}, {"maxAge": 1, "endDate": "2018-12-31", "netIncome": 4198000000, "depreciation": 1482100000, "changeToNetincome": -773500000, "changeToAccountReceivables": -1498100000, "changeToLiabilities": 2163500000, "changeToInventory": -3138300000, "changeToOperatingActivities": -54600000, "totalCashFromOperatingActivities": 2382000000, "capitalExpenditures": -2438500000, "investments": -16800000, "otherCashflowsFromInvestingActivities": 617000000, "totalCashflowsFromInvestingActivities": -1838300000, "dividendsPaid": -281900000, "netBorrowings": -111700000, "otherCashflowsFromFinancingActivities": -128500000, "totalCashFromFinancingActivities": -522100000, "changeInCash": 21600000}, {"maxAge": 1, "endDate": "2017-12-31", "netIncome": 3884900000, "depreciation": 1376600000, "changeToNetincome": -392900000, "changeToAccountReceivables": -777100000, "changeToLiabilities": 536300000, "changeToInventory": -623200000, "changeToOperatingActivities": -54600000, "totalCashFromOperatingActivities": 4009600000, "capitalExpenditures": -1379600000, "investments": -2096200000, "otherCashflowsFromInvestingActivities": 389800000, "totalCashflowsFromInvestingActivities": -3050300000, "dividendsPaid": -198800000, "netBorrowings": -540100000, "otherCashflowsFromFinancingActivities": -143400000, "totalCashFromFinancingActivities": -882300000, "changeInCash": 430800000}], "maxAge": 86400}, "institutionOwnership": {"ownershipList": [], "maxAge": 1}, "majorHoldersBreakdown": {"maxAge": 1, "insidersPercentHeld": 0.74283, "institutionsPercentHeld": 0.15539, "institutionsFloatPercentHeld": 0.60422003, "institutionsCount": 45}, "balanceSheetHistoryQuarterly": {"balanceSheetStatements": [{"maxAge": 1, "endDate": "2021-03-31", "totalStockholderEquity": 31402900000, "netTangibleAssets": 31401400000}, {"maxAge": 1, "endDate": "2020-12-31", "cash": 2108000000, "shortTermInvestments": 9780000000, "netReceivables": 7264700000, "inventory": 7382200000, "otherCurrentAssets": 604600000, "totalCurrentAssets": 27144500000, "longTermInvestments": 705000000, "propertyPlantEquipment": 11661000000, "intangibleAssets": 1500000, "otherAssets": 2002300000, "deferredLongTermAssetCharges": 363200000, "totalAssets": 41514300000, "accountsPayable": 7686600000, "otherCurrentLiab": 425400000, "otherLiab": 426400000, "totalCurrentLiabilities": 9118800000, "totalLiab": 10111400000, "commonStock": 312600000, "retainedEarnings": 29872500000, "treasuryStock": 617800000, "capitalSurplus": 600000000, "otherStockholderEquity": 617800000, "totalStockholderEquity": 31402900000, "netTangibleAssets": 31401400000}, {"maxAge": 1, "endDate": "2020-09-30", "totalStockholderEquity": 28872100000, "netTangibleAssets": 28870200000}, {"maxAge": 1, "endDate": "2020-06-30", "cash": 8734900000, "shortTermInvestments": 342300000, "netReceivables": 4896600000, "inventory": 8812200000, "otherCurrentAssets": 862800000, "totalCurrentAssets": 23648800000, "longTermInvestments": 5000000, "propertyPlantEquipment": 11623800000, "intangibleAssets": 1900000, "otherAssets": 2015100000, "deferredLongTermAssetCharges": 290100000, "totalAssets": 37294600000, "accountsPayable": 4840900000, "otherCurrentLiab": 2470500000, "otherLiab": 448600000, "totalCurrentLiabilities": 7395800000, "totalLiab": 8422500000, "commonStock": 312600000, "treasuryStock": 28559500000, "otherStockholderEquity": 28559500000, "totalStockholderEquity": 28872100000, "netTangibleAssets": 28870200000}], "maxAge": 86400}, "indexTrend": {"maxAge": 1, "symbol": "SP5", "peRatio": 19.7411, "pegRatio": 1.34172, "estimates": [{"period": "0q", "growth": 0.549}, {"period": "+1q", "growth": 0.431}, {"period": "0y", "growth": 0.305}, {"period": "+1y", "growth": 0.109}, {"period": "+5y", "growth": 0.120865}, {"period": "-5y"}]}, "defaultKeyStatistics": {"maxAge": 1, "priceHint": 2, "enterpriseValue": 154418216960, "profitMargins": 0.08486, "floatShares": 8038698, "sharesOutstanding": 31260700, "heldPercentInsiders": 0.74283, "heldPercentInstitutions": 0.15539, "beta": 0.522156, "category": null, "bookValue": 1004.548, "priceToBook": 5.2097063, "fundFamily": null, "legalType": null, "lastFiscalYearEnd": "2020-12-31 05:30:00", "nextFiscalYearEnd": "2022-12-31 05:30:00", "mostRecentQuarter": "2021-03-31 05:30:00", "earningsQuarterlyGrowth": 0.781, "netIncomeToCommon": 3521600000, "trailingEps": 112.588, "lastSplitFactor": null, "enterpriseToRevenue": 3.721, "enterpriseToEbitda": 25.094}, "summaryProfile": {"address1": "Amar Sadanand Tech Park", "address2": "15th Floor Plot 3 Survey 105/3 104/1, Baner", "city": "Pune", "zip": "411045", "country": "India", "phone": "91 20 6819 8400", "website": "http://www.schaeffler.co.in", "industry": "Specialty Industrial Machinery", "sector": "Industrials", "longBusinessSummary": "Schaeffler India Limited develops, manufactures, and distributes high-precision roller and ball bearings, and related components worldwide. It offers ball, cylindrical, spherical, and tapered roller bearings, as well as wheel bearings. The company also provides engine and transmission components for front accessory drive systems, chain drive systems, valve train components, shift systems, and a range of needle roller bearings and elements; clutch systems and dual mass flywheels for passenger cars, light commercial vehicles, heavy commercial vehicles, and tractors; and concentric slave cylinder, clutch master cylinder, semi slave cylinder, adapter, and high pressure pipe assemblies. In addition, it offers engine oil, transmission oil, grease, coolant, hydraulic oil, and shock absorber oil. The company offers its products under the brand names of Schaeffler, LuK, INA, FAG, and Schaeffler TruPower. It serves the construction machinery, electrical engineering, industrial gear, mining and cement, power generation, agricultural engineering, steel plant, motorcycle, textile machinery, machine tool, wind power, pulp and paper, automotive and tractor, precision equipment, machine tools and material handling, car and truck, railway, two wheelers, renewable energy, power transmission, off highway, automation, and heavy, as well as MRO-steel, raw material, power, paper, and pulp industries. The company was formerly known as FAG Bearings India Limited and changed its name to Schaeffler India Limited in July 2017. Schaeffler India Limited was founded in 1962 and is headquartered in Pune, India. Schaeffler India Limited is a subsidiary of INA Holding Schaeffler GmbH & Co. KG.", "fullTimeEmployees": 834, "companyOfficers": [], "maxAge": 86400}, "netSharePurchaseActivity": {"maxAge": 1, "period": "6m", "buyInfoCount": 0, "buyInfoShares": 0, "sellInfoCount": 0, "netInfoCount": 0, "netInfoShares": 0, "netPercentInsiderShares": 0.0, "totalInsiderShares": 23221410}, "insiderTransactions": {"transactions": [{"maxAge": 1, "shares": 220, "filerUrl": "", "transactionText": "", "filerName": "Challu (Renu)", "filerRelation": "Independent Non-Executive Director", "moneyText": "", "startDate": "2017-09-07", "ownership": "D"}], "maxAge": 1}, "quoteType": {"exchange": "NSI", "quoteType": "EQUITY", "symbol": "SCHAEFFLER.NS", "underlyingSymbol": "SCHAEFFLER.NS", "shortName": "SCHAEFFLER INDIA L", "longName": "Schaeffler India Limited", "firstTradeDateEpochUtc": "2002-07-01 09:15:00", "timeZoneFullName": "Asia/Kolkata", "timeZoneShortName": "IST", "uuid": "eb143aee-abd1-3a84-9c0d-8d23f7c828e7", "gmtOffSetMilliseconds": 19800000, "maxAge": 1}, "incomeStatementHistory": {"incomeStatementHistory": [{"maxAge": 1, "endDate": "2020-12-31", "totalRevenue": 37618400000, "costOfRevenue": 23331400000, "grossProfit": 14287000000, "researchDevelopment": {}, "sellingGeneralAdministrative": 3535500000, "nonRecurring": {}, "otherOperatingExpenses": 5270700000, "totalOperatingExpenses": 34102100000, "operatingIncome": 3516300000, "totalOtherIncomeExpenseNet": 455800000, "ebit": 3516300000, "interestExpense": -49500000, "incomeBeforeTax": 3972100000, "incomeTaxExpense": 1062400000, "minorityInterest": {}, "netIncomeFromContinuingOps": 2909700000, "discontinuedOperations": {}, "extraordinaryItems": {}, "effectOfAccountingCharges": {}, "otherItems": {}, "netIncome": 2909700000, "netIncomeApplicableToCommonShares": 2909700000}, {"maxAge": 1, "endDate": "2019-12-31", "totalRevenue": 43606300000, "costOfRevenue": 27495900000, "grossProfit": 16110400000, "researchDevelopment": {}, "sellingGeneralAdministrative": 3451700000, "nonRecurring": {}, "otherOperatingExpenses": 5987700000, "totalOperatingExpenses": 38537100000, "operatingIncome": 5069200000, "totalOtherIncomeExpenseNet": 273600000, "ebit": 5069200000, "interestExpense": -18500000, "incomeBeforeTax": 5342800000, "incomeTaxExpense": 1666400000, "minorityInterest": {}, "netIncomeFromContinuingOps": 3676400000, "discontinuedOperations": {}, "extraordinaryItems": {}, "effectOfAccountingCharges": {}, "otherItems": {}, "netIncome": 3676400000, "netIncomeApplicableToCommonShares": 3676400000}, {"maxAge": 1, "endDate": "2018-12-31", "totalRevenue": 45615100000, "costOfRevenue": 28735500000, "grossProfit": 16879600000, "researchDevelopment": {}, "sellingGeneralAdministrative": 3262600000, "nonRecurring": {}, "otherOperatingExpenses": 6113500000, "totalOperatingExpenses": 39623500000, "operatingIncome": 5991600000, "totalOtherIncomeExpenseNet": 325400000, "ebit": 5991600000, "interestExpense": -52600000, "incomeBeforeTax": 6317000000, "incomeTaxExpense": 2119000000, "minorityInterest": {}, "netIncomeFromContinuingOps": 4198000000, "discontinuedOperations": {}, "extraordinaryItems": {}, "effectOfAccountingCharges": {}, "otherItems": {}, "netIncome": 4198000000, "netIncomeApplicableToCommonShares": 4198000000}, {"maxAge": 1, "endDate": "2017-12-31", "totalRevenue": 39331400000, "costOfRevenue": 23817200000, "grossProfit": 15514200000, "researchDevelopment": {}, "sellingGeneralAdministrative": 2986500000, "nonRecurring": {}, "otherOperatingExpenses": 5521600000, "totalOperatingExpenses": 33718500000, "operatingIncome": 5612900000, "totalOtherIncomeExpenseNet": 275400000, "ebit": 5612900000, "interestExpense": -52600000, "incomeBeforeTax": 5888300000, "incomeTaxExpense": 2003400000, "minorityInterest": {}, "netIncomeFromContinuingOps": 3884900000, "discontinuedOperations": {}, "extraordinaryItems": {}, "effectOfAccountingCharges": {}, "otherItems": {}, "netIncome": 3884900000, "netIncomeApplicableToCommonShares": 3884900000}], "maxAge": 86400}, "fundOwnership": {"ownershipList": [], "maxAge": 1}, "summaryDetail": {"maxAge": 1, "priceHint": 2, "previousClose": 5299.15, "open": 5324.0, "dayLow": 5185.0, "dayHigh": 5324.35, "regularMarketPreviousClose": 5299.15, "regularMarketOpen": 5324.0, "regularMarketDayLow": 5185.0, "regularMarketDayHigh": 5324.35, "dividendRate": 38.0, "dividendYield": 0.0072000003, "exDividendDate": "2021-04-19 05:30:00", "payoutRatio": 0.3108, "fiveYearAvgDividendYield": 0.41, "beta": 0.522156, "trailingPE": 46.48275, "volume": 10568, "regularMarketVolume": 10568, "averageVolume": 23104, "averageVolume10days": 14164, "averageDailyVolume10Day": 14164, "bid": 0.0, "ask": 0.0, "bidSize": 0, "askSize": 0, "marketCap": 163599745024, "fiftyTwoWeekLow": 3025.25, "fiftyTwoWeekHigh": 5550.05, "priceToSalesTrailing12Months": 3.9420485, "fiftyDayAverage": 5246.547, "twoHundredDayAverage": 4357.065, "trailingAnnualDividendRate": 38.0, "trailingAnnualDividendYield": 0.0071709617, "currency": "INR", "fromCurrency": null, "lastMarket": null, "algorithm": null, "tradeable": false}, "incomeStatementHistoryQuarterly": {"incomeStatementHistory": [{"maxAge": 1, "endDate": "2021-03-31", "totalRevenue": 13168200000, "costOfRevenue": 8434600000, "grossProfit": 4733600000, "researchDevelopment": {}, "sellingGeneralAdministrative": 978400000, "nonRecurring": {}, "otherOperatingExpenses": 1626500000, "totalOperatingExpenses": 11518200000, "operatingIncome": 1650000000, "totalOtherIncomeExpenseNet": 209700000, "ebit": 1650000000, "interestExpense": -9100000, "incomeBeforeTax": 1859700000, "incomeTaxExpense": 464300000, "minorityInterest": {}, "netIncomeFromContinuingOps": 1395400000, "discontinuedOperations": {}, "extraordinaryItems": {}, "effectOfAccountingCharges": {}, "otherItems": {}, "netIncome": 1395400000, "netIncomeApplicableToCommonShares": 1395400000}, {"maxAge": 1, "endDate": "2020-12-31", "totalRevenue": 12737700000, "costOfRevenue": 7917000000, "grossProfit": 4820700000, "researchDevelopment": {}, "sellingGeneralAdministrative": 948300000, "nonRecurring": {}, "otherOperatingExpenses": 1462100000, "totalOperatingExpenses": 10863000000, "operatingIncome": 1874700000, "totalOtherIncomeExpenseNet": 35600000, "ebit": 1874700000, "interestExpense": -21800000, "incomeBeforeTax": 1910300000, "incomeTaxExpense": 494100000, "minorityInterest": {}, "netIncomeFromContinuingOps": 1416200000, "discontinuedOperations": {}, "extraordinaryItems": {}, "effectOfAccountingCharges": {}, "otherItems": {}, "netIncome": 1416200000, "netIncomeApplicableToCommonShares": 1416200000}, {"maxAge": 1, "endDate": "2020-09-30", "totalRevenue": 11206500000, "costOfRevenue": 7071500000, "grossProfit": 4135000000, "researchDevelopment": {}, "sellingGeneralAdministrative": 823500000, "nonRecurring": {}, "otherOperatingExpenses": 1415500000, "totalOperatingExpenses": 9796200000, "operatingIncome": 1410300000, "totalOtherIncomeExpenseNet": 117100000, "ebit": 1410300000, "interestExpense": -9100000, "incomeBeforeTax": 1527400000, "incomeTaxExpense": 392700000, "minorityInterest": {}, "netIncomeFromContinuingOps": 1134700000, "discontinuedOperations": {}, "extraordinaryItems": {}, "effectOfAccountingCharges": {}, "otherItems": {}, "netIncome": 1134700000, "netIncomeApplicableToCommonShares": 1134700000}, {"maxAge": 1, "endDate": "2020-06-30", "totalRevenue": 4388800000, "costOfRevenue": 2750500000, "grossProfit": 1638300000, "researchDevelopment": {}, "sellingGeneralAdministrative": 835700000, "nonRecurring": {}, "otherOperatingExpenses": 1000700000, "totalOperatingExpenses": 5085900000, "operatingIncome": -697100000, "totalOtherIncomeExpenseNet": 130800000, "ebit": -697100000, "interestExpense": -9200000, "incomeBeforeTax": -566300000, "incomeTaxExpense": -141600000, "minorityInterest": {}, "netIncomeFromContinuingOps": -424700000, "discontinuedOperations": {}, "extraordinaryItems": {}, "effectOfAccountingCharges": {}, "otherItems": {}, "netIncome": -424700000, "netIncomeApplicableToCommonShares": -424700000}], "maxAge": 86400}, "cashflowStatementHistoryQuarterly": {"cashflowStatements": [{"maxAge": 1, "endDate": "2021-03-31", "netIncome": 1395400000, "changeToLiabilities": 0}, {"maxAge": 1, "endDate": "2020-12-31", "netIncome": 1416200000, "changeToLiabilities": 0}, {"maxAge": 1, "endDate": "2020-09-30", "netIncome": 1134700000, "changeToLiabilities": 0}, {"maxAge": 1, "endDate": "2020-06-30", "netIncome": -424700000, "changeToLiabilities": 0}], "maxAge": 86400}, "insiderHolders": {"holders": [{"maxAge": 1, "name": "Challu (Renu)", "relation": "Independent Non-Executive Director", "url": "", "transactionDescription": "Acquisition", "latestTransDate": "2017-09-07", "positionDirect": 220, "positionDirectDate": "2017-09-07"}], "maxAge": 1}, "calendarEvents": {"maxAge": 1, "earnings": {"earningsDate": []}, "exDividendDate": "2021-04-19 05:30:00"}, "upgradeDowngradeHistory": {"history": [], "maxAge": 86400}, "price": {"maxAge": 1, "regularMarketChangePercent": -0.012407649, "regularMarketChange": -65.75, "regularMarketTime": "2021-04-30 15:29:56", "priceHint": 2, "regularMarketPrice": 5233.4, "regularMarketDayHigh": 5324.35, "regularMarketDayLow": 5185.0, "regularMarketVolume": 10568, "averageDailyVolume10Day": 14164, "averageDailyVolume3Month": 23104, "regularMarketPreviousClose": 5299.15, "regularMarketSource": "FREE_REALTIME", "regularMarketOpen": 5324.0, "exchange": "NSI", "exchangeName": "NSE", "exchangeDataDelayedBy": 15, "marketState": "CLOSED", "quoteType": "EQUITY", "symbol": "SCHAEFFLER.NS", "underlyingSymbol": null, "shortName": "SCHAEFFLER INDIA L", "longName": "Schaeffler India Limited", "currency": "INR", "quoteSourceName": "Delayed Quote", "currencySymbol": "\u20b9", "fromCurrency": null, "lastMarket": null, "marketCap": 163599745024}, "balanceSheetHistory": {"balanceSheetStatements": [{"maxAge": 1, "endDate": "2020-12-31", "cash": 2108000000, "shortTermInvestments": 9780000000, "netReceivables": 7264700000, "inventory": 7382200000, "otherCurrentAssets": 604600000, "totalCurrentAssets": 27144500000, "longTermInvestments": 705000000, "propertyPlantEquipment": 11661000000, "intangibleAssets": 1500000, "otherAssets": 2002300000, "deferredLongTermAssetCharges": 363200000, "totalAssets": 41514300000, "accountsPayable": 7686600000, "otherCurrentLiab": 425400000, "otherLiab": 426400000, "totalCurrentLiabilities": 9118800000, "totalLiab": 10111400000, "commonStock": 312600000, "retainedEarnings": 29872500000, "treasuryStock": 617800000, "capitalSurplus": 600000000, "otherStockholderEquity": 617800000, "totalStockholderEquity": 31402900000, "netTangibleAssets": 31401400000}, {"maxAge": 1, "endDate": "2019-12-31", "cash": 1159100000, "shortTermInvestments": 6910000000, "netReceivables": 6785900000, "inventory": 7383100000, "otherCurrentAssets": 396100000, "totalCurrentAssets": 22646900000, "longTermInvestments": 1230000000, "propertyPlantEquipment": 10605900000, "intangibleAssets": 2500000, "otherAssets": 1967000000, "deferredLongTermAssetCharges": 235000000, "totalAssets": 36452300000, "accountsPayable": 4991500000, "otherCurrentLiab": 705000000, "otherLiab": 454900000, "totalCurrentLiabilities": 6375800000, "totalLiab": 6830700000, "commonStock": 312600000, "retainedEarnings": 28091200000, "treasuryStock": 617800000, "capitalSurplus": 600000000, "otherStockholderEquity": 617800000, "totalStockholderEquity": 29621600000, "netTangibleAssets": 29619100000}, {"maxAge": 1, "endDate": "2018-12-31", "cash": 1425000000, "shortTermInvestments": 7045000000, "netReceivables": 8014200000, "inventory": 9233800000, "otherCurrentAssets": 904100000, "totalCurrentAssets": 26637300000, "longTermInvestments": 505100000, "propertyPlantEquipment": 8921000000, "intangibleAssets": 3200000, "otherAssets": 1607100000, "deferredLongTermAssetCharges": 324900000, "totalAssets": 37673700000, "accountsPayable": 7878000000, "shortLongTermDebt": 528700000, "otherCurrentLiab": 825500000, "longTermDebt": 48700000, "otherLiab": 393500000, "totalCurrentLiabilities": 10170300000, "totalLiab": 10612500000, "commonStock": 312600000, "retainedEarnings": 25579900000, "treasuryStock": 568700000, "capitalSurplus": 600000000, "otherStockholderEquity": 568700000, "totalStockholderEquity": 27061200000, "netTangibleAssets": 27058000000}, {"maxAge": 1, "endDate": "2017-12-31", "cash": 1403400000, "shortTermInvestments": 7528800000, "netReceivables": 6902900000, "inventory": 6121500000, "otherCurrentAssets": 502500000, "totalCurrentAssets": 22508000000, "longTermInvestments": 5000000, "propertyPlantEquipment": 7971700000, "intangibleAssets": 5000000, "otherAssets": 1314100000, "deferredLongTermAssetCharges": 166700000, "totalAssets": 31803800000, "accountsPayable": 5935300000, "shortLongTermDebt": 124600000, "otherCurrentLiab": 582100000, "longTermDebt": 569200000, "otherLiab": 456100000, "totalCurrentLiabilities": 7526900000, "totalLiab": 8552200000, "commonStock": 166200000, "retainedEarnings": 21738900000, "treasuryStock": 746500000, "capitalSurplus": 600000000, "otherStockholderEquity": 746500000, "totalStockholderEquity": 23251600000, "netTangibleAssets": 23246600000}], "maxAge": 86400}, "financialData": {"maxAge": 86400, "currentPrice": 5233.4, "recommendationKey": "none", "totalCash": 11888000000, "totalCashPerShare": 380.285, "ebitda": 6153625088, "totalDebt": 650899968, "totalRevenue": 41501200384, "debtToEquity": 2.073, "revenuePerShare": 1326.82, "grossProfits": 14287000000, "earningsGrowth": 0.777, "revenueGrowth": 0.418, "grossMargins": 0.36933, "ebitdaMargins": 0.14828, "operatingMargins": 0.10212, "profitMargins": 0.08486, "financialCurrency": "INR"}}}