{"SCHAEFFLER.BO": {"recommendationTrend": {"trend": [{"period": "0m", "strongBuy": 0, "buy": 0, "hold": 0, "sell": 0, "strongSell": 0}, {"period": "-1m", "strongBuy": 0, "buy": 0, "hold": 0, "sell": 0, "strongSell": 0}, {"period": "-2m", "strongBuy": 0, "buy": 0, "hold": 0, "sell": 0, "strongSell": 0}, {"period": "-3m", "strongBuy": 0, "buy": 0, "hold": 0, "sell": 0, "strongSell": 0}], "maxAge": 86400}, "cashflowStatementHistory": {"cashflowStatements": [{"maxAge": 1, "endDate": "2019-12-31", "netIncome": 3676400000, "depreciation": 1585100000, "changeToNetincome": -397200000, "changeToAccountReceivables": 1577900000, "changeToLiabilities": -3271600000, "changeToInventory": 1664200000, "changeToOperatingActivities": 260900000, "totalCashFromOperatingActivities": 5097700000, "capitalExpenditures": -3202500000, "investments": -1029800000, "otherCashflowsFromInvestingActivities": 570700000, "totalCashflowsFromInvestingActivities": -3657700000, "dividendsPaid": -937300000, "netBorrowings": -541100000, "otherCashflowsFromFinancingActivities": -227500000, "totalCashFromFinancingActivities": -1705900000, "changeInCash": -265900000}, {"maxAge": 1, "endDate": "2018-12-31", "netIncome": 4198000000, "depreciation": 1482100000, "changeToNetincome": -773500000, "changeToAccountReceivables": -1498100000, "changeToLiabilities": 2163500000, "changeToInventory": -3138300000, "changeToOperatingActivities": -54600000, "totalCashFromOperatingActivities": 2382000000, "capitalExpenditures": -2438500000, "investments": -16800000, "otherCashflowsFromInvestingActivities": 617000000, "totalCashflowsFromInvestingActivities": -1838300000, "dividendsPaid": -281900000, "netBorrowings": -111700000, "otherCashflowsFromFinancingActivities": -128500000, "totalCashFromFinancingActivities": -522100000, "changeInCash": 21600000}, {"maxAge": 1, "endDate": "2017-12-31", "netIncome": 3884900000, "depreciation": 1376600000, "changeToNetincome": -392900000, "changeToAccountReceivables": -777100000, "changeToLiabilities": 536300000, "changeToInventory": -623200000, "changeToOperatingActivities": -54600000, "totalCashFromOperatingActivities": 4009600000, "capitalExpenditures": -1379600000, "investments": -2096200000, "otherCashflowsFromInvestingActivities": 389800000, "totalCashflowsFromInvestingActivities": -3050300000, "dividendsPaid": -198800000, "netBorrowings": -540100000, "otherCashflowsFromFinancingActivities": -143400000, "totalCashFromFinancingActivities": -882300000, "changeInCash": 430800000}, {"maxAge": 1, "endDate": "2016-12-31", "netIncome": 1950600000, "depreciation": 640600000, "changeToNetincome": -542700000, "changeToAccountReceivables": -110700000, "changeToLiabilities": 527300000, "changeToInventory": -537400000, "changeToOperatingActivities": -54600000, "totalCashFromOperatingActivities": 1928100000, "capitalExpenditures": -930400000, "investments": -1378600000, "otherCashflowsFromInvestingActivities": 461700000, "totalCashflowsFromInvestingActivities": -1387300000, "dividendsPaid": -165600000, "netBorrowings": -540100000, "otherCashflowsFromFinancingActivities": -52400000, "totalCashFromFinancingActivities": -218000000, "changeInCash": 322800000}], "maxAge": 86400}, "institutionOwnership": {"ownershipList": [], "maxAge": 1}, "balanceSheetHistoryQuarterly": {"balanceSheetStatements": [{"maxAge": 1, "endDate": "2020-06-30", "cash": 8734900000, "shortTermInvestments": 342300000, "netReceivables": 4896600000, "inventory": 8812200000, "otherCurrentAssets": 862800000, "totalCurrentAssets": 23648800000, "longTermInvestments": 5000000, "propertyPlantEquipment": 11623800000, "intangibleAssets": 1900000, "otherAssets": 2015100000, "deferredLongTermAssetCharges": 290100000, "totalAssets": 37294600000, "accountsPayable": 4840900000, "otherCurrentLiab": 2470500000, "otherLiab": 448600000, "totalCurrentLiabilities": 7395800000, "totalLiab": 8422500000, "commonStock": 312600000, "treasuryStock": 28559500000, "otherStockholderEquity": 28559500000, "totalStockholderEquity": 28872100000, "netTangibleAssets": 28870200000}, {"maxAge": 1, "endDate": "2020-03-31", "totalStockholderEquity": 29621600000, "netTangibleAssets": 29619100000}, {"maxAge": 1, "endDate": "2019-12-31", "cash": 1159100000, "shortTermInvestments": 6910000000, "netReceivables": 6785900000, "inventory": 7383100000, "otherCurrentAssets": 396100000, "totalCurrentAssets": 22646900000, "longTermInvestments": 1230000000, "propertyPlantEquipment": 10605900000, "intangibleAssets": 2500000, "otherAssets": 1967000000, "deferredLongTermAssetCharges": 235000000, "totalAssets": 36452300000, "accountsPayable": 4991500000, "otherCurrentLiab": 705000000, "otherLiab": 454900000, "totalCurrentLiabilities": 6375800000, "totalLiab": 6830700000, "commonStock": 312600000, "retainedEarnings": 28091200000, "treasuryStock": 617800000, "capitalSurplus": 600000000, "otherStockholderEquity": 617800000, "totalStockholderEquity": 29621600000, "netTangibleAssets": 29619100000}, {"maxAge": 1, "endDate": "2019-09-30", "totalStockholderEquity": 27827200000, "netTangibleAssets": 27825100000}], "maxAge": 86400}, "earningsHistory": {"history": [{"maxAge": 1, "epsActual": 40.9, "epsEstimate": 38.5, "epsDifference": 2.4, "surprisePercent": 0.062, "quarter": "2017-12-31", "period": "-4q"}, {"maxAge": 1, "epsActual": 39.7, "epsEstimate": 39.8, "epsDifference": -0.1, "surprisePercent": -0.003, "quarter": "2018-03-31", "period": "-3q"}, {"maxAge": 1, "epsActual": 36.9, "epsEstimate": 39.1, "epsDifference": -2.2, "surprisePercent": -0.055999998, "quarter": "2018-06-30", "period": "-2q"}, {"maxAge": 1, "epsActual": 41.52, "epsEstimate": 38.9, "epsDifference": 2.62, "surprisePercent": 0.067, "quarter": "2018-09-30", "period": "-1q"}], "maxAge": 86400}, "indexTrend": {"maxAge": 1, "symbol": "SP5", "peRatio": 19.7411, "pegRatio": 1.34172, "estimates": [{"period": "0q", "growth": 0.549}, {"period": "+1q", "growth": 0.431}, {"period": "0y", "growth": 0.305}, {"period": "+1y", "growth": 0.109}, {"period": "+5y", "growth": 0.120865}, {"period": "-5y"}]}, "industryTrend": {"maxAge": 1, "symbol": null, "estimates": []}, "insiderTransactions": {"transactions": [{"maxAge": 1, "shares": 220, "filerUrl": "", "transactionText": "", "filerName": "Challu (Renu)", "filerRelation": "Independent Non-Executive Director", "moneyText": "", "startDate": "2017-09-07", "ownership": "D"}], "maxAge": 1}, "quoteType": {"exchange": "BSE", "quoteType": "EQUITY", "symbol": "SCHAEFFLER.BO", "underlyingSymbol": "SCHAEFFLER.BO", "shortName": "Schaeffler India Limited", "longName": "Schaeffler India Limited", "firstTradeDateEpochUtc": "2000-04-19 09:15:00", "timeZoneFullName": "Asia/Kolkata", "timeZoneShortName": "IST", "uuid": "9308a88b-6a6d-300d-862d-dd9973afc2bb", "gmtOffSetMilliseconds": 19800000, "maxAge": 1}, "incomeStatementHistory": {"incomeStatementHistory": [{"maxAge": 1, "endDate": "2019-12-31", "totalRevenue": 43606300000, "costOfRevenue": 27495900000, "grossProfit": 16110400000, "researchDevelopment": {}, "sellingGeneralAdministrative": 3538100000, "nonRecurring": {}, "otherOperatingExpenses": 5901300000, "totalOperatingExpenses": 38537100000, "operatingIncome": 5069200000, "totalOtherIncomeExpenseNet": 273600000, "ebit": 5069200000, "interestExpense": -18500000, "incomeBeforeTax": 5342800000, "incomeTaxExpense": 1666400000, "minorityInterest": {}, "netIncomeFromContinuingOps": 3676400000, "discontinuedOperations": {}, "extraordinaryItems": {}, "effectOfAccountingCharges": {}, "otherItems": {}, "netIncome": 3676400000, "netIncomeApplicableToCommonShares": 3676400000}, {"maxAge": 1, "endDate": "2018-12-31", "totalRevenue": 45615100000, "costOfRevenue": 28735500000, "grossProfit": 16879600000, "researchDevelopment": {}, "sellingGeneralAdministrative": 3262600000, "nonRecurring": {}, "otherOperatingExpenses": 6113500000, "totalOperatingExpenses": 39623500000, "operatingIncome": 5991600000, "totalOtherIncomeExpenseNet": 325400000, "ebit": 5991600000, "interestExpense": -52600000, "incomeBeforeTax": 6317000000, "incomeTaxExpense": 2119000000, "minorityInterest": {}, "netIncomeFromContinuingOps": 4198000000, "discontinuedOperations": {}, "extraordinaryItems": {}, "effectOfAccountingCharges": {}, "otherItems": {}, "netIncome": 4198000000, "netIncomeApplicableToCommonShares": 4198000000}, {"maxAge": 1, "endDate": "2017-12-31", "totalRevenue": 39331400000, "costOfRevenue": 23817200000, "grossProfit": 15514200000, "researchDevelopment": {}, "sellingGeneralAdministrative": 2986500000, "nonRecurring": {}, "otherOperatingExpenses": 5521600000, "totalOperatingExpenses": 33718500000, "operatingIncome": 5612900000, "totalOtherIncomeExpenseNet": 275400000, "ebit": 5612900000, "interestExpense": -52600000, "incomeBeforeTax": 5888300000, "incomeTaxExpense": 2003400000, "minorityInterest": {}, "netIncomeFromContinuingOps": 3884900000, "discontinuedOperations": {}, "extraordinaryItems": {}, "effectOfAccountingCharges": {}, "otherItems": {}, "netIncome": 3884900000, "netIncomeApplicableToCommonShares": 3884900000}, {"maxAge": 1, "endDate": "2016-12-31", "totalRevenue": 17963200000, "costOfRevenue": 10826000000, "grossProfit": 7137200000, "researchDevelopment": {}, "sellingGeneralAdministrative": 1492300000, "nonRecurring": {}, "otherOperatingExpenses": 2651400000, "totalOperatingExpenses": 15610700000, "operatingIncome": 2352500000, "totalOtherIncomeExpenseNet": 640800000, "ebit": 2352500000, "interestExpense": -17600000, "incomeBeforeTax": 2993300000, "incomeTaxExpense": 1042700000, "minorityInterest": {}, "netIncomeFromContinuingOps": 1950600000, "discontinuedOperations": {}, "extraordinaryItems": {}, "effectOfAccountingCharges": {}, "otherItems": {}, "netIncome": 1950600000, "netIncomeApplicableToCommonShares": 1950600000}], "maxAge": 86400}, "fundOwnership": {"ownershipList": [{"maxAge": 1, "reportDate": "2020-07-31", "organization": "iShares Core MSCI Emerging Markets ETF", "pctHeld": 0.0013, "position": 41500, "value": 149192500}, {"maxAge": 1, "reportDate": "2020-07-31", "organization": "DFA Emerging Markets Small Cap Series", "pctHeld": 0.0011999999, "position": 38929, "value": 139949755}, {"maxAge": 1, "reportDate": "2020-07-31", "organization": "DFA Emerging Markets Core Equity Portfolio", "pctHeld": 0.00090000004, "position": 28297, "value": 101727715}, {"maxAge": 1, "reportDate": "2020-07-31", "organization": "Financial Investors Tr-Rondure New World Fd", "pctHeld": 0.0008, "position": 23500, "value": 84482500}, {"maxAge": 1, "reportDate": "2020-08-31", "organization": "iShares MSCI India Small Cap ETF", "pctHeld": 0.0005, "position": 16464, "value": 65222959}, {"maxAge": 1, "reportDate": "2020-06-30", "organization": "College Retirement Equities Fund-Stock Account", "pctHeld": 0.0001, "position": 4611, "value": 16490319}, {"maxAge": 1, "reportDate": "2020-08-31", "organization": "SPDR (R) Idx Shares-SPDR (R) Emerging Markets Small Cap ETF", "pctHeld": 0.0001, "position": 4151, "value": 16444394}, {"maxAge": 1, "reportDate": "2020-08-31", "organization": "iShares MSCI Emerging Markets Small Cap ETF", "pctHeld": 0.0001, "position": 3325, "value": 13172153}, {"maxAge": 1, "reportDate": "2020-07-31", "organization": "DFA Investment Dimensions-Emerging Markets Social Core Equity", "pctHeld": 0.0001, "position": 1721, "value": 6186995}], "maxAge": 1}, "summaryDetail": {"maxAge": 1, "priceHint": 2, "previousClose": 5301.3, "open": 5300.4, "dayLow": 5151.0, "dayHigh": 5309.9, "regularMarketPreviousClose": 5301.3, "regularMarketOpen": 5300.4, "regularMarketDayLow": 5151.0, "regularMarketDayHigh": 5309.9, "trailingPE": 76.183, "forwardPE": 34.276367, "volume": 357, "regularMarketVolume": 357, "averageVolume": 423, "averageVolume10days": 332, "averageDailyVolume10Day": 332, "bid": 5206.0, "ask": 5245.0, "bidSize": 0, "askSize": 0, "marketCap": 163768549376, "fiftyTwoWeekLow": 3044.1, "fiftyTwoWeekHigh": 5309.9, "fiftyDayAverage": 4450.886, "twoHundredDayAverage": 3933.1467, "trailingAnnualDividendRate": 35.0, "trailingAnnualDividendYield": 0.0066021546, "currency": "INR", "fromCurrency": null, "lastMarket": null, "algorithm": null, "tradeable": false}, "sectorTrend": {"maxAge": 1, "symbol": null, "estimates": []}, "incomeStatementHistoryQuarterly": {"incomeStatementHistory": [{"maxAge": 1, "endDate": "2020-06-30", "totalRevenue": 4388800000, "costOfRevenue": 2750500000, "grossProfit": 1638300000, "researchDevelopment": {}, "sellingGeneralAdministrative": 835700000, "nonRecurring": {}, "otherOperatingExpenses": 1000700000, "totalOperatingExpenses": 5085900000, "operatingIncome": -697100000, "totalOtherIncomeExpenseNet": 130800000, "ebit": -697100000, "interestExpense": -9200000, "incomeBeforeTax": -566300000, "incomeTaxExpense": -141600000, "minorityInterest": {}, "netIncomeFromContinuingOps": -424700000, "discontinuedOperations": {}, "extraordinaryItems": {}, "effectOfAccountingCharges": {}, "otherItems": {}, "netIncome": -424700000, "netIncomeApplicableToCommonShares": -424700000}, {"maxAge": 1, "endDate": "2020-03-31", "totalRevenue": 9285400000, "costOfRevenue": 5592400000, "grossProfit": 3693000000, "researchDevelopment": {}, "sellingGeneralAdministrative": 928000000, "nonRecurring": {}, "otherOperatingExpenses": 1392400000, "totalOperatingExpenses": 8357000000, "operatingIncome": 928400000, "totalOtherIncomeExpenseNet": 172300000, "ebit": 928400000, "interestExpense": -9400000, "incomeBeforeTax": 1100700000, "incomeTaxExpense": 317200000, "minorityInterest": {}, "netIncomeFromContinuingOps": 783500000, "discontinuedOperations": {}, "extraordinaryItems": {}, "effectOfAccountingCharges": {}, "otherItems": {}, "netIncome": 783500000, "netIncomeApplicableToCommonShares": 783500000}, {"maxAge": 1, "endDate": "2019-12-31", "totalRevenue": 10364700000, "costOfRevenue": 6625500000, "grossProfit": 3739200000, "researchDevelopment": {}, "sellingGeneralAdministrative": 889700000, "nonRecurring": {}, "otherOperatingExpenses": 1044600000, "totalOperatingExpenses": 8999100000, "operatingIncome": 1365600000, "totalOtherIncomeExpenseNet": -124500000, "ebit": 1365600000, "interestExpense": -9400000, "incomeBeforeTax": 1241100000, "incomeTaxExpense": 395600000, "minorityInterest": {}, "netIncomeFromContinuingOps": 845500000, "discontinuedOperations": {}, "extraordinaryItems": {}, "effectOfAccountingCharges": {}, "otherItems": {}, "netIncome": 845500000, "netIncomeApplicableToCommonShares": 845500000}, {"maxAge": 1, "endDate": "2019-09-30", "totalRevenue": 10351700000, "costOfRevenue": 6524700000, "grossProfit": 3827000000, "researchDevelopment": {}, "sellingGeneralAdministrative": 891400000, "nonRecurring": {}, "otherOperatingExpenses": 1507300000, "totalOperatingExpenses": 9323100000, "operatingIncome": 1028600000, "totalOtherIncomeExpenseNet": 125000000, "ebit": 1028600000, "interestExpense": -4300000, "incomeBeforeTax": 1153600000, "incomeTaxExpense": 209300000, "minorityInterest": {}, "netIncomeFromContinuingOps": 944300000, "discontinuedOperations": {}, "extraordinaryItems": {}, "effectOfAccountingCharges": {}, "otherItems": {}, "netIncome": 944300000, "netIncomeApplicableToCommonShares": 944300000}], "maxAge": 86400}, "cashflowStatementHistoryQuarterly": {"cashflowStatements": [{"maxAge": 1, "endDate": "2020-06-30", "netIncome": -424700000, "changeToLiabilities": 0}, {"maxAge": 1, "endDate": "2020-03-31", "netIncome": 783500000, "changeToLiabilities": 0}, {"maxAge": 1, "endDate": "2019-12-31", "netIncome": 845500000, "changeToLiabilities": 0}, {"maxAge": 1, "endDate": "2019-09-30", "netIncome": 944300000, "changeToLiabilities": 0}], "maxAge": 86400}, "insiderHolders": {"holders": [{"maxAge": 1, "name": "Challu (Renu)", "relation": "Independent Non-Executive Director", "url": "", "transactionDescription": "Acquisition", "latestTransDate": "2017-09-07", "positionDirect": 220, "positionDirectDate": "2017-09-07"}], "maxAge": 1}, "earnings": {"maxAge": 86400, "earningsChart": {"quarterly": [{"date": "4Q2017", "actual": 40.9, "estimate": 38.5}, {"date": "1Q2018", "actual": 39.7, "estimate": 39.8}, {"date": "2Q2018", "actual": 36.9, "estimate": 39.1}, {"date": "3Q2018", "actual": 41.52, "estimate": 38.9}], "currentQuarterEstimateDate": "4Q", "currentQuarterEstimateYear": 2018, "earningsDate": []}, "financialsChart": {"yearly": [{"date": 2016, "revenue": 17963200000, "earnings": 1950600000}, {"date": 2017, "revenue": 39331400000, "earnings": 3884900000}, {"date": 2018, "revenue": 45615100000, "earnings": 4198000000}, {"date": 2019, "revenue": 43606300000, "earnings": 3676400000}], "quarterly": [{"date": "3Q2019", "revenue": 10351700000, "earnings": 944300000}, {"date": "4Q2019", "revenue": 10364700000, "earnings": 845500000}, {"date": "1Q2020", "revenue": 9285400000, "earnings": 783500000}, {"date": "2Q2020", "revenue": 4388800000, "earnings": -424700000}]}, "financialCurrency": "INR"}, "calendarEvents": {"maxAge": 1, "earnings": {"earningsDate": []}}, "upgradeDowngradeHistory": {"history": [], "maxAge": 86400}, "price": {"maxAge": 1, "regularMarketChangePercent": -0.011789561, "regularMarketChange": -62.5, "regularMarketTime": "2021-04-30 15:28:34", "priceHint": 2, "regularMarketPrice": 5238.8, "regularMarketDayHigh": 5309.9, "regularMarketDayLow": 5151.0, "regularMarketVolume": 357, "averageDailyVolume10Day": 332, "averageDailyVolume3Month": 423, "regularMarketPreviousClose": 5301.3, "regularMarketSource": "FREE_REALTIME", "regularMarketOpen": 5300.4, "exchange": "BSE", "exchangeName": "BSE", "exchangeDataDelayedBy": 0, "marketState": "CLOSED", "quoteType": "EQUITY", "symbol": "SCHAEFFLER.BO", "underlyingSymbol": null, "shortName": "Schaeffler India Limited", "longName": "Schaeffler India Limited", "currency": "INR", "quoteSourceName": "Delayed Quote", "currencySymbol": "\u20b9", "fromCurrency": null, "lastMarket": null, "marketCap": 163768549376}, "balanceSheetHistory": {"balanceSheetStatements": [{"maxAge": 1, "endDate": "2019-12-31", "cash": 1159100000, "shortTermInvestments": 6910000000, "netReceivables": 6785900000, "inventory": 7383100000, "otherCurrentAssets": 396100000, "totalCurrentAssets": 22646900000, "longTermInvestments": 1230000000, "propertyPlantEquipment": 10605900000, "intangibleAssets": 2500000, "otherAssets": 1967000000, "deferredLongTermAssetCharges": 235000000, "totalAssets": 36452300000, "accountsPayable": 4991500000, "otherCurrentLiab": 705000000, "otherLiab": 454900000, "totalCurrentLiabilities": 6375800000, "totalLiab": 6830700000, "commonStock": 312600000, "retainedEarnings": 28091200000, "treasuryStock": 617800000, "capitalSurplus": 600000000, "otherStockholderEquity": 617800000, "totalStockholderEquity": 29621600000, "netTangibleAssets": 29619100000}, {"maxAge": 1, "endDate": "2018-12-31", "cash": 1425000000, "shortTermInvestments": 7045000000, "netReceivables": 8014200000, "inventory": 9233800000, "otherCurrentAssets": 904100000, "totalCurrentAssets": 26637300000, "longTermInvestments": 505100000, "propertyPlantEquipment": 8921000000, "intangibleAssets": 3200000, "otherAssets": 1607100000, "deferredLongTermAssetCharges": 324900000, "totalAssets": 37673700000, "accountsPayable": 7878000000, "shortLongTermDebt": 528700000, "otherCurrentLiab": 825500000, "longTermDebt": 48700000, "otherLiab": 393500000, "totalCurrentLiabilities": 10170300000, "totalLiab": 10612500000, "commonStock": 312600000, "retainedEarnings": 25579900000, "treasuryStock": 568700000, "capitalSurplus": 600000000, "otherStockholderEquity": 568700000, "totalStockholderEquity": 27061200000, "netTangibleAssets": 27058000000}, {"maxAge": 1, "endDate": "2017-12-31", "cash": 1403400000, "shortTermInvestments": 7528800000, "netReceivables": 6902900000, "inventory": 6121500000, "otherCurrentAssets": 502500000, "totalCurrentAssets": 22508000000, "longTermInvestments": 5000000, "propertyPlantEquipment": 7971700000, "intangibleAssets": 5000000, "otherAssets": 1314100000, "deferredLongTermAssetCharges": 166700000, "totalAssets": 31803800000, "accountsPayable": 5935300000, "shortLongTermDebt": 124600000, "otherCurrentLiab": 582100000, "longTermDebt": 569200000, "otherLiab": 456100000, "totalCurrentLiabilities": 7526900000, "totalLiab": 8552200000, "commonStock": 166200000, "retainedEarnings": 21738900000, "treasuryStock": 746500000, "capitalSurplus": 600000000, "otherStockholderEquity": 746500000, "totalStockholderEquity": 23251600000, "netTangibleAssets": 23246600000}, {"maxAge": 1, "endDate": "2016-12-31", "cash": 972600000, "shortTermInvestments": 5428000000, "netReceivables": 3467900000, "inventory": 2783400000, "otherCurrentAssets": 326800000, "totalCurrentAssets": 12993800000, "propertyPlantEquipment": 4102500000, "intangibleAssets": 400000, "otherAssets": 1440400000, "deferredLongTermAssetCharges": 23700000, "totalAssets": 18537100000, "accountsPayable": 2710000000, "otherCurrentLiab": 300500000, "otherLiab": 270600000, "totalCurrentLiabilities": 3514900000, "totalLiab": 3785500000, "commonStock": 166200000, "retainedEarnings": 14434400000, "treasuryStock": -49200000, "capitalSurplus": 200200000, "otherStockholderEquity": -49200000, "totalStockholderEquity": 14751600000, "netTangibleAssets": 14751200000}], "maxAge": 86400}, "earningsTrend": {"trend": [{"maxAge": 1, "period": "0q", "endDate": "2018-12-31", "growth": {}, "earningsEstimate": {"avg": 0.0, "low": 0.0, "high": 0.0, "yearAgoEps": 40.9, "numberOfAnalysts": 0, "growth": {}}, "revenueEstimate": {"avg": 0, "low": 0, "high": 0, "numberOfAnalysts": 0, "yearAgoRevenue": {}, "growth": {}}, "epsTrend": {"current": 0.0, "7daysAgo": 0.0, "30daysAgo": 0.0, "60daysAgo": 0.0, "90daysAgo": 0.0}, "epsRevisions": {"upLast7days": 0, "upLast30days": 0, "downLast30days": 0, "downLast90days": {}}}, {"maxAge": 1, "period": "+1q", "endDate": "2019-03-31", "growth": {}, "earningsEstimate": {"avg": 0.0, "low": 0.0, "high": 0.0, "yearAgoEps": 39.7, "numberOfAnalysts": 0, "growth": {}}, "revenueEstimate": {"avg": 0, "low": 0, "high": 0, "numberOfAnalysts": 0, "yearAgoRevenue": {}, "growth": {}}, "epsTrend": {"current": 0.0, "7daysAgo": 0.0, "30daysAgo": 0.0, "60daysAgo": 0.0, "90daysAgo": 0.0}, "epsRevisions": {"upLast7days": 0, "upLast30days": 0, "downLast30days": 0, "downLast90days": {}}}, {"maxAge": 1, "period": "0y", "endDate": "2018-12-31", "growth": {}, "earningsEstimate": {"avg": 0.0, "low": 0.0, "high": 0.0, "yearAgoEps": {}, "numberOfAnalysts": 0, "growth": {}}, "revenueEstimate": {"avg": 21906200000, "low": 21629000000, "high": 22085000000, "numberOfAnalysts": 4, "yearAgoRevenue": 19187200000, "growth": 0.142}, "epsTrend": {"current": 0.0, "7daysAgo": 166.13, "30daysAgo": 166.13, "60daysAgo": 166.13, "90daysAgo": 166.13}, "epsRevisions": {"upLast7days": 0, "upLast30days": 0, "downLast30days": 0, "downLast90days": {}}}, {"maxAge": 1, "period": "+1y", "endDate": "2019-12-31", "growth": {}, "earningsEstimate": {"avg": 0.0, "low": 0.0, "high": 0.0, "yearAgoEps": {}, "numberOfAnalysts": 0, "growth": {}}, "revenueEstimate": {"avg": 24942800000, "low": 24171000000, "high": 25693000000, "numberOfAnalysts": 4, "yearAgoRevenue": 21906200000, "growth": 0.139}, "epsTrend": {"current": 0.0, "7daysAgo": 195.5, "30daysAgo": 195.5, "60daysAgo": 195.5, "90daysAgo": 195.5}, "epsRevisions": {"upLast7days": 0, "upLast30days": 0, "downLast30days": 0, "downLast90days": {}}}, {"maxAge": 1, "period": "+5y", "endDate": null, "growth": 0.005, "earningsEstimate": {"avg": {}, "low": {}, "high": {}, "yearAgoEps": {}, "numberOfAnalysts": {}, "growth": {}}, "revenueEstimate": {"avg": {}, "low": {}, "high": {}, "numberOfAnalysts": {}, "yearAgoRevenue": {}, "growth": {}}, "epsTrend": {"current": {}, "7daysAgo": {}, "30daysAgo": {}, "60daysAgo": {}, "90daysAgo": {}}, "epsRevisions": {"upLast7days": {}, "upLast30days": {}, "downLast30days": {}, "downLast90days": {}}}, {"maxAge": 1, "period": "-5y", "endDate": null, "growth": {}, "earningsEstimate": {"avg": {}, "low": {}, "high": {}, "yearAgoEps": {}, "numberOfAnalysts": {}, "growth": {}}, "revenueEstimate": {"avg": {}, "low": {}, "high": {}, "numberOfAnalysts": {}, "yearAgoRevenue": {}, "growth": {}}, "epsTrend": {"current": {}, "7daysAgo": {}, "30daysAgo": {}, "60daysAgo": {}, "90daysAgo": {}}, "epsRevisions": {"upLast7days": {}, "upLast30days": {}, "downLast30days": {}, "downLast90days": {}}}], "maxAge": 1}, "financialData": {"maxAge": 86400, "currentPrice": 5238.8, "targetHighPrice": 6200.0, "targetLowPrice": 5000.0, "targetMeanPrice": 5701.57, "targetMedianPrice": 5712.0, "recommendationKey": "none", "numberOfAnalystOpinions": 7, "grossProfits": 16110400000, "financialCurrency": "INR"}}}