{"SCHNEIDER.NS": {"assetProfile": {"address1": "Tower C", "address2": "9th and 10th Floors DLF Building No. 10 DLF Cyber City, Phase II", "city": "Gurugram", "zip": "122002", "country": "India", "phone": "91 12 4715 2300", "fax": "91 12 4422 2036", "website": "http://infra.schneider-electric.co.in", "industry": "Specialty Industrial Machinery", "sector": "Industrials", "longBusinessSummary": "Schneider Electric Infrastructure Limited engages in designing, manufacturing, building, and servicing products and systems for electricity distribution in India and internationally. The company offers distribution, medium power, and special transformers; and substation automation systems, including power management systems, controllers and RTUs, communication elements, graphic user interfaces, engineering tools, SCADA and EMS gateways, and simulation tools. It also provides ring main units; and medium voltage distribution and grid automation products, such as remote terminal units, vacuum circuit breakers, medium voltage switchgears, micro grids, digital substations, and medium and low voltage equipment services, as well as EcoStruxure grid, an IoT-enabled open and interoperable platform. The company serves the utility, metal, minerals and cement, mining, power generation, oil and gas, and smart city industries. The company was formerly known as Smartgrid Automation Distribution and Switchgear Limited and changed its name to Schneider Electric Infrastructure Limited in December 2011. The company was incorporated in 2011 and is based in Gurugram, India. Schneider Electric Infrastructure Limited is a subsidiary of Energy Grid Automation Transformers and Switchgears India Private Limited.", "fullTimeEmployees": 1280, "companyOfficers": [{"maxAge": 1, "name": "Mr. Bruno Bernard Dercle", "age": 57, "title": "MD, CEO & Director", "yearBorn": 1963, "fiscalYear": 2020, "totalPay": 26498971, "exercisedValue": 0, "unexercisedValue": 0}, {"maxAge": 1, "name": "Ms. Bhumika  Sood", "title": "Company Sec. & Compliance Officer", "fiscalYear": 2020, "totalPay": 6135724, "exercisedValue": 0, "unexercisedValue": 0}, {"maxAge": 1, "name": "Mr. Ponniah  Sankarakumar", "age": 45, "title": "Director Marketing & Strategy", "yearBorn": 1975, "exercisedValue": 0, "unexercisedValue": 0}, {"maxAge": 1, "name": "Mr. P. P. Sreekanth", "age": 50, "title": "Director of Sales", "yearBorn": 1970, "exercisedValue": 0, "unexercisedValue": 0}, {"maxAge": 1, "name": "Mr. Piyush Kumar Pandey", "age": 47, "title": "Additional Whole-Time Director", "yearBorn": 1973, "fiscalYear": 2020, "totalPay": 10180361, "exercisedValue": 0, "unexercisedValue": 0}, {"maxAge": 1, "name": "Mr. Latish  Babu", "age": 52, "title": "Director of SC&S", "yearBorn": 1968, "exercisedValue": 0, "unexercisedValue": 0}, {"maxAge": 1, "name": "Mr. Subbarao  Guntupalli", "age": 56, "title": "Director - HUB & EAC", "yearBorn": 1964, "exercisedValue": 0, "unexercisedValue": 0}, {"maxAge": 1, "name": "Mr. Saibal  Choudhury", "age": 50, "title": "Director Sales - End User", "yearBorn": 1970, "exercisedValue": 0, "unexercisedValue": 0}, {"maxAge": 1, "name": "Mr. Stephane  Lavigne", "age": 48, "title": "Global Execution of Projects Director", "yearBorn": 1972, "exercisedValue": 0, "unexercisedValue": 0}, {"maxAge": 1, "name": "Sunil  Kumar", "age": 50, "title": "Director of MMM Segment", "yearBorn": 1970, "exercisedValue": 0, "unexercisedValue": 0}], "compensationAsOfEpochDate": "2020-12-31 05:30:00", "maxAge": 86400}, "recommendationTrend": {"trend": [{"period": "0m", "strongBuy": 0, "buy": 0, "hold": 0, "sell": 0, "strongSell": 0}, {"period": "-1m", "strongBuy": 0, "buy": 0, "hold": 0, "sell": 0, "strongSell": 0}, {"period": "-2m", "strongBuy": 0, "buy": 0, "hold": 0, "sell": 0, "strongSell": 0}, {"period": "-3m", "strongBuy": 0, "buy": 0, "hold": 0, "sell": 0, "strongSell": 0}], "maxAge": 86400}, "cashflowStatementHistory": {"cashflowStatements": [{"maxAge": 1, "endDate": "2020-03-31", "netIncome": -295750000, "depreciation": 192010000, "changeToNetincome": 518310000, "changeToAccountReceivables": -91850000, "changeToLiabilities": -339620000, "changeToInventory": 236700000, "changeToOperatingActivities": -202310000, "totalCashFromOperatingActivities": 43770000, "capitalExpenditures": -139080000, "otherCashflowsFromInvestingActivities": 2050000, "totalCashflowsFromInvestingActivities": -129200000, "netBorrowings": 322610000, "otherCashflowsFromFinancingActivities": -302590000, "totalCashFromFinancingActivities": 20020000, "effectOfExchangeRate": 14230000, "changeInCash": -51180000}, {"maxAge": 1, "endDate": "2019-03-31", "netIncome": -243660000, "depreciation": 231600000, "changeToNetincome": 126260000, "changeToAccountReceivables": 57430000, "changeToLiabilities": -1466880000, "changeToInventory": 295290000, "changeToOperatingActivities": 457460000, "totalCashFromOperatingActivities": -516240000, "capitalExpenditures": -103890000, "otherCashflowsFromInvestingActivities": 30000, "totalCashflowsFromInvestingActivities": 175530000, "netBorrowings": 352530000, "otherCashflowsFromFinancingActivities": -333560000, "totalCashFromFinancingActivities": 18970000, "effectOfExchangeRate": -3490000, "changeInCash": -325230000}, {"maxAge": 1, "endDate": "2018-03-31", "netIncome": -646720000, "depreciation": 243300000, "changeToNetincome": 863970000, "changeToAccountReceivables": 620990000, "changeToLiabilities": 1482250000, "changeToInventory": -515990000, "changeToOperatingActivities": -510100000, "totalCashFromOperatingActivities": 1563170000, "capitalExpenditures": -250100000, "otherCashflowsFromInvestingActivities": 64830000, "totalCashflowsFromInvestingActivities": -172750000, "netBorrowings": -866900000, "otherCashflowsFromFinancingActivities": -234660000, "totalCashFromFinancingActivities": -1101560000, "effectOfExchangeRate": 11140000, "changeInCash": 300010000}, {"maxAge": 1, "endDate": "2017-03-31", "netIncome": -1759060000, "depreciation": 253170000, "changeToNetincome": 2238040000, "changeToAccountReceivables": 343390000, "changeToLiabilities": -2248520000, "changeToInventory": 87110000, "changeToOperatingActivities": -281960000, "totalCashFromOperatingActivities": -1347050000, "capitalExpenditures": -359950000, "otherCashflowsFromInvestingActivities": 5600000, "totalCashflowsFromInvestingActivities": -302250000, "netBorrowings": 2131220000, "otherCashflowsFromFinancingActivities": -279130000, "totalCashFromFinancingActivities": 1852090000, "effectOfExchangeRate": -5800000, "changeInCash": 196990000}], "maxAge": 86400}, "indexTrend": {"maxAge": 1, "symbol": "SP5", "peRatio": 19.7411, "pegRatio": 1.34172, "estimates": [{"period": "0q", "growth": 0.549}, {"period": "+1q", "growth": 0.431}, {"period": "0y", "growth": 0.305}, {"period": "+1y", "growth": 0.109}, {"period": "+5y", "growth": 0.120865}, {"period": "-5y"}]}, "defaultKeyStatistics": {"maxAge": 1, "priceHint": 2, "enterpriseValue": 27076653056, "profitMargins": -0.01211, "floatShares": 63785907, "sharesOutstanding": 239104000, "heldPercentInsiders": 0.77132004, "heldPercentInstitutions": 0.0437, "beta": 0.645043, "category": null, "bookValue": -0.848, "fundFamily": null, "legalType": null, "lastFiscalYearEnd": "2020-03-31 05:30:00", "nextFiscalYearEnd": "2022-03-31 05:30:00", "mostRecentQuarter": "2020-12-31 05:30:00", "earningsQuarterlyGrowth": 0.11, "netIncomeToCommon": -155090000, "trailingEps": -0.654, "lastSplitFactor": null, "enterpriseToRevenue": 2.114, "enterpriseToEbitda": 52.108}, "industryTrend": {"maxAge": 1, "symbol": null, "estimates": []}, "quoteType": {"exchange": "NSI", "quoteType": "EQUITY", "symbol": "SCHNEIDER.NS", "underlyingSymbol": "SCHNEIDER.NS", "shortName": "SCHNEIDER ELECTR", "longName": "Schneider Electric Infrastructure Limited", "firstTradeDateEpochUtc": "2012-03-20 09:15:00", "timeZoneFullName": "Asia/Kolkata", "timeZoneShortName": "IST", "uuid": "dd23cfad-29bb-3fd7-9240-1acfe801447a", "gmtOffSetMilliseconds": 19800000, "maxAge": 1}, "incomeStatementHistory": {"incomeStatementHistory": [{"maxAge": 1, "endDate": "2020-03-31", "totalRevenue": 13844100000, "costOfRevenue": 9983790000, "grossProfit": 3860310000, "researchDevelopment": {}, "sellingGeneralAdministrative": 2222690000, "nonRecurring": {}, "otherOperatingExpenses": 1304490000, "totalOperatingExpenses": 13729260000, "operatingIncome": 114840000, "totalOtherIncomeExpenseNet": -410590000, "ebit": 114840000, "interestExpense": -457980000, "incomeBeforeTax": -295750000, "incomeTaxExpense": 0, "minorityInterest": {}, "netIncomeFromContinuingOps": -295750000, "discontinuedOperations": {}, "extraordinaryItems": {}, "effectOfAccountingCharges": {}, "otherItems": {}, "netIncome": -295750000, "netIncomeApplicableToCommonShares": -295750000}, {"maxAge": 1, "endDate": "2019-03-31", "totalRevenue": 13903140000, "costOfRevenue": 10141710000, "grossProfit": 3761430000, "researchDevelopment": {}, "sellingGeneralAdministrative": 2115280000, "nonRecurring": {}, "otherOperatingExpenses": 1283170000, "totalOperatingExpenses": 13798020000, "operatingIncome": 105120000, "totalOtherIncomeExpenseNet": -348780000, "ebit": 105120000, "interestExpense": -420700000, "incomeBeforeTax": -243660000, "incomeTaxExpense": 0, "minorityInterest": {}, "netIncomeFromContinuingOps": -243660000, "discontinuedOperations": {}, "extraordinaryItems": {}, "effectOfAccountingCharges": {}, "otherItems": {}, "netIncome": -243660000, "netIncomeApplicableToCommonShares": -243660000}, {"maxAge": 1, "endDate": "2018-03-31", "totalRevenue": 13139720000, "costOfRevenue": 9512590000, "grossProfit": 3627130000, "researchDevelopment": {}, "sellingGeneralAdministrative": 1963990000, "nonRecurring": {}, "otherOperatingExpenses": 1664110000, "totalOperatingExpenses": 13409460000, "operatingIncome": -269740000, "totalOtherIncomeExpenseNet": -376980000, "ebit": -269740000, "interestExpense": -391250000, "incomeBeforeTax": -646720000, "incomeTaxExpense": 0, "minorityInterest": {}, "netIncomeFromContinuingOps": -646720000, "discontinuedOperations": {}, "extraordinaryItems": {}, "effectOfAccountingCharges": {}, "otherItems": {}, "netIncome": -646720000, "netIncomeApplicableToCommonShares": -646720000}, {"maxAge": 1, "endDate": "2017-03-31", "totalRevenue": 12630930000, "costOfRevenue": 8901540000, "grossProfit": 3729390000, "researchDevelopment": {}, "sellingGeneralAdministrative": 1820430000, "nonRecurring": {}, "otherOperatingExpenses": 2896780000, "totalOperatingExpenses": 13890650000, "operatingIncome": -1259720000, "totalOtherIncomeExpenseNet": -499340000, "ebit": -1259720000, "interestExpense": -385840000, "incomeBeforeTax": -1759060000, "incomeTaxExpense": 0, "minorityInterest": {}, "netIncomeFromContinuingOps": -1759060000, "discontinuedOperations": {}, "extraordinaryItems": {}, "effectOfAccountingCharges": {}, "otherItems": {}, "netIncome": -1759060000, "netIncomeApplicableToCommonShares": -1759060000}], "maxAge": 86400}, "fundOwnership": {"ownershipList": [], "maxAge": 1}, "summaryDetail": {"maxAge": 1, "priceHint": 2, "previousClose": 91.05, "open": 90.7, "dayLow": 90.1, "dayHigh": 92.5, "regularMarketPreviousClose": 91.05, "regularMarketOpen": 90.7, "regularMarketDayLow": 90.1, "regularMarketDayHigh": 92.5, "exDividendDate": "2012-07-19 05:30:00", "payoutRatio": 0.0, "beta": 0.645043, "volume": 178792, "regularMarketVolume": 178792, "averageVolume": 1449751, "averageVolume10days": 357963, "averageDailyVolume10Day": 357963, "bid": 0.0, "ask": 0.0, "bidSize": 0, "askSize": 0, "marketCap": 21662902272, "fiftyTwoWeekLow": 67.15, "fiftyTwoWeekHigh": 120.85, "priceToSalesTrailing12Months": 1.691047, "fiftyDayAverage": 103.72794, "twoHundredDayAverage": 89.76631, "currency": "INR", "fromCurrency": null, "lastMarket": null, "algorithm": null, "tradeable": false}, "insiderHolders": {"holders": [{"maxAge": 1, "name": "Energy Grid Automation Transformers & Switchgears India Ltd", "relation": "Promoter", "url": "", "transactionDescription": "Sale", "latestTransDate": "2014-01-30", "positionDirect": 168735367, "positionDirectDate": "2014-01-30"}, {"maxAge": 1, "name": "Reliance Capital Trustee Co ltd - A/c Reliance Tax Saver", "relation": "Investment Management Company", "url": "", "transactionDescription": "Acquisition", "latestTransDate": "2012-10-19", "positionDirect": 11982267, "positionDirectDate": "2012-10-19"}, {"maxAge": 1, "name": "Reliance Capital Trustee Company Ltd A/C Reliance Eqity Oppo", "relation": "Indirect Shareholder", "url": "", "transactionDescription": "Sale", "latestTransDate": "2021-01-20", "positionDirect": 7583501, "positionDirectDate": "2021-01-20"}], "maxAge": 1}, "calendarEvents": {"maxAge": 1, "earnings": {"earningsDate": []}, "exDividendDate": "2012-07-19 05:30:00"}, "upgradeDowngradeHistory": {"history": [], "maxAge": 86400}, "price": {"maxAge": 1, "regularMarketChangePercent": -0.0043932074, "regularMarketChange": -0.40000153, "regularMarketTime": "2021-04-30 15:29:56", "priceHint": 2, "regularMarketPrice": 90.65, "regularMarketDayHigh": 92.5, "regularMarketDayLow": 90.1, "regularMarketVolume": 178792, "averageDailyVolume10Day": 357963, "averageDailyVolume3Month": 1449751, "regularMarketPreviousClose": 91.05, "regularMarketSource": "FREE_REALTIME", "regularMarketOpen": 90.7, "exchange": "NSI", "exchangeName": "NSE", "exchangeDataDelayedBy": 15, "marketState": "CLOSED", "quoteType": "EQUITY", "symbol": "SCHNEIDER.NS", "underlyingSymbol": null, "shortName": "SCHNEIDER ELECTR", "longName": "Schneider Electric Infrastructure Limited", "currency": "INR", "quoteSourceName": "Delayed Quote", "currencySymbol": "\u20b9", "fromCurrency": null, "lastMarket": null, "marketCap": 21662902272}, "balanceSheetHistory": {"balanceSheetStatements": [{"maxAge": 1, "endDate": "2020-03-31", "cash": 133290000, "netReceivables": 4416470000, "inventory": 2184530000, "otherCurrentAssets": 554950000, "totalCurrentAssets": 7312450000, "propertyPlantEquipment": 3141760000, "intangibleAssets": 28200000, "otherAssets": 711670000, "totalAssets": 11194080000, "accountsPayable": 4457430000, "otherCurrentLiab": 1350750000, "longTermDebt": 3623760000, "otherLiab": 213850000, "totalCurrentLiabilities": 7239310000, "totalLiab": 11180010000, "commonStock": 478210000, "retainedEarnings": -2052470000, "treasuryStock": 743130000, "otherStockholderEquity": 743130000, "totalStockholderEquity": -831130000, "netTangibleAssets": -859330000}, {"maxAge": 1, "endDate": "2019-03-31", "cash": 183640000, "netReceivables": 4190140000, "inventory": 2421230000, "otherCurrentAssets": 899220000, "totalCurrentAssets": 7721800000, "longTermInvestments": 19510000, "propertyPlantEquipment": 3087620000, "intangibleAssets": 53670000, "otherAssets": 613780000, "totalAssets": 11476870000, "accountsPayable": 4720490000, "otherCurrentLiab": 1546960000, "longTermDebt": 1137380000, "otherLiab": 244330000, "totalCurrentLiabilities": 9838910000, "totalLiab": 11242960000, "commonStock": 478210000, "retainedEarnings": -1660230000, "treasuryStock": 570730000, "otherStockholderEquity": 570730000, "totalStockholderEquity": -611290000, "netTangibleAssets": -664960000}, {"maxAge": 1, "endDate": "2018-03-31", "cash": 508850000, "netReceivables": 4180880000, "inventory": 2716520000, "otherCurrentAssets": 969340000, "totalCurrentAssets": 8398690000, "propertyPlantEquipment": 3509000000, "intangibleAssets": 79930000, "otherAssets": 856520000, "totalAssets": 12844140000, "accountsPayable": 6432610000, "shortLongTermDebt": 683480000, "otherCurrentLiab": 1451590000, "longTermDebt": 1048300000, "otherLiab": 137230000, "totalCurrentLiabilities": 11116160000, "totalLiab": 12318780000, "commonStock": 478210000, "retainedEarnings": -1355950000, "treasuryStock": 557900000, "otherStockholderEquity": 557900000, "totalStockholderEquity": -319840000, "netTangibleAssets": -399770000}, {"maxAge": 1, "endDate": "2017-03-31", "cash": 209690000, "netReceivables": 4973560000, "inventory": 2200530000, "otherCurrentAssets": 1079700000, "totalCurrentAssets": 8484460000, "propertyPlantEquipment": 3544710000, "intangibleAssets": 86180000, "otherAssets": 627790000, "totalAssets": 12743140000, "accountsPayable": 4901700000, "otherCurrentLiab": 1485520000, "longTermDebt": 1599780000, "otherLiab": 156790000, "totalCurrentLiabilities": 9842480000, "totalLiab": 11599050000, "commonStock": 478210000, "retainedEarnings": -705330000, "treasuryStock": 526010000, "otherStockholderEquity": 526010000, "totalStockholderEquity": 298890000, "netTangibleAssets": 212710000}], "maxAge": 86400}, "earningsTrend": {"trend": [{"maxAge": 1, "period": "0q", "endDate": null, "growth": {}, "earningsEstimate": {"avg": 0.0, "low": 0.0, "high": 0.0, "yearAgoEps": {}, "numberOfAnalysts": 0, "growth": {}}, "revenueEstimate": {"avg": 0, "low": 0, "high": 0, "numberOfAnalysts": 0, "yearAgoRevenue": {}, "growth": {}}, "epsTrend": {"current": 0.0, "7daysAgo": 0.0, "30daysAgo": 0.0, "60daysAgo": 0.0, "90daysAgo": 0.0}, "epsRevisions": {"upLast7days": 0, "upLast30days": 0, "downLast30days": 0, "downLast90days": {}}}, {"maxAge": 1, "period": "+1q", "endDate": null, "growth": {}, "earningsEstimate": {"avg": 0.0, "low": 0.0, "high": 0.0, "yearAgoEps": {}, "numberOfAnalysts": 0, "growth": {}}, "revenueEstimate": {"avg": 0, "low": 0, "high": 0, "numberOfAnalysts": 0, "yearAgoRevenue": {}, "growth": {}}, "epsTrend": {"current": 0.0, "7daysAgo": 0.0, "30daysAgo": 0.0, "60daysAgo": 0.0, "90daysAgo": 0.0}, "epsRevisions": {"upLast7days": 0, "upLast30days": 0, "downLast30days": 0, "downLast90days": {}}}, {"maxAge": 1, "period": "0y", "endDate": null, "growth": {}, "earningsEstimate": {"avg": 0.0, "low": 0.0, "high": 0.0, "yearAgoEps": {}, "numberOfAnalysts": 0, "growth": {}}, "revenueEstimate": {"avg": 0, "low": 0, "high": 0, "numberOfAnalysts": 0, "yearAgoRevenue": {}, "growth": {}}, "epsTrend": {"current": 0.0, "7daysAgo": 0.0, "30daysAgo": 0.0, "60daysAgo": 0.0, "90daysAgo": 0.0}, "epsRevisions": {"upLast7days": 0, "upLast30days": 0, "downLast30days": 0, "downLast90days": {}}}, {"maxAge": 1, "period": "+1y", "endDate": null, "growth": {}, "earningsEstimate": {"avg": 0.0, "low": 0.0, "high": 0.0, "yearAgoEps": {}, "numberOfAnalysts": 0, "growth": {}}, "revenueEstimate": {"avg": 0, "low": 0, "high": 0, "numberOfAnalysts": 0, "yearAgoRevenue": {}, "growth": {}}, "epsTrend": {"current": 0.0, "7daysAgo": 0.0, "30daysAgo": 0.0, "60daysAgo": 0.0, "90daysAgo": 0.0}, "epsRevisions": {"upLast7days": 0, "upLast30days": 0, "downLast30days": 0, "downLast90days": {}}}, {"maxAge": 1, "period": "+5y", "endDate": null, "growth": {}, "earningsEstimate": {"avg": {}, "low": {}, "high": {}, "yearAgoEps": {}, "numberOfAnalysts": {}, "growth": {}}, "revenueEstimate": {"avg": {}, "low": {}, "high": {}, "numberOfAnalysts": {}, "yearAgoRevenue": {}, "growth": {}}, "epsTrend": {"current": {}, "7daysAgo": {}, "30daysAgo": {}, "60daysAgo": {}, "90daysAgo": {}}, "epsRevisions": {"upLast7days": {}, "upLast30days": {}, "downLast30days": {}, "downLast90days": {}}}, {"maxAge": 1, "period": "-5y", "endDate": null, "growth": {}, "earningsEstimate": {"avg": {}, "low": {}, "high": {}, "yearAgoEps": {}, "numberOfAnalysts": {}, "growth": {}}, "revenueEstimate": {"avg": {}, "low": {}, "high": {}, "numberOfAnalysts": {}, "yearAgoRevenue": {}, "growth": {}}, "epsTrend": {"current": {}, "7daysAgo": {}, "30daysAgo": {}, "60daysAgo": {}, "90daysAgo": {}}, "epsRevisions": {"upLast7days": {}, "upLast30days": {}, "downLast30days": {}, "downLast90days": {}}}], "maxAge": 1}, "institutionOwnership": {"ownershipList": [], "maxAge": 1}, "majorHoldersBreakdown": {"maxAge": 1, "insidersPercentHeld": 0.77132004, "institutionsPercentHeld": 0.0437, "institutionsFloatPercentHeld": 0.1911, "institutionsCount": 6}, "balanceSheetHistoryQuarterly": {"balanceSheetStatements": [{"maxAge": 1, "endDate": "2020-12-31", "totalStockholderEquity": -204030000, "netTangibleAssets": -220590000}, {"maxAge": 1, "endDate": "2020-09-30", "cash": 99320000, "shortTermInvestments": 106240000, "netReceivables": 4234080000, "inventory": 2524730000, "otherCurrentAssets": 895020000, "totalCurrentAssets": 7859390000, "propertyPlantEquipment": 3049130000, "intangibleAssets": 16560000, "otherAssets": 784580000, "totalAssets": 11709660000, "accountsPayable": 4615360000, "otherCurrentLiab": 1557920000, "longTermDebt": 3690360000, "otherLiab": 199850000, "totalCurrentLiabilities": 7979330000, "totalLiab": 11913690000, "commonStock": 478210000, "treasuryStock": -682240000, "otherStockholderEquity": -682240000, "totalStockholderEquity": -204030000, "netTangibleAssets": -220590000}, {"maxAge": 1, "endDate": "2020-06-30", "totalStockholderEquity": 14070000, "netTangibleAssets": -14130000}, {"maxAge": 1, "endDate": "2020-03-31", "cash": 133290000, "netReceivables": 4416470000, "inventory": 2184530000, "otherCurrentAssets": 554950000, "totalCurrentAssets": 7312450000, "propertyPlantEquipment": 3141760000, "intangibleAssets": 28200000, "otherAssets": 711670000, "totalAssets": 11194080000, "accountsPayable": 4457430000, "otherCurrentLiab": 1350750000, "longTermDebt": 3623760000, "otherLiab": 213850000, "totalCurrentLiabilities": 7239310000, "totalLiab": 11180010000, "commonStock": 478210000, "retainedEarnings": -2052470000, "treasuryStock": 743130000, "otherStockholderEquity": 743130000, "totalStockholderEquity": -831130000, "netTangibleAssets": -859330000}], "maxAge": 86400}, "earningsHistory": {"history": [{"maxAge": 1, "epsActual": {}, "epsEstimate": {}, "epsDifference": {}, "surprisePercent": {}, "quarter": {}, "period": "-4q"}, {"maxAge": 1, "epsActual": {}, "epsEstimate": {}, "epsDifference": {}, "surprisePercent": {}, "quarter": {}, "period": "-3q"}, {"maxAge": 1, "epsActual": {}, "epsEstimate": {}, "epsDifference": {}, "surprisePercent": {}, "quarter": {}, "period": "-2q"}, {"maxAge": 1, "epsActual": {}, "epsEstimate": {}, "epsDifference": {}, "surprisePercent": {}, "quarter": {}, "period": "-1q"}], "maxAge": 86400}, "summaryProfile": {"address1": "Tower C", "address2": "9th and 10th Floors DLF Building No. 10 DLF Cyber City, Phase II", "city": "Gurugram", "zip": "122002", "country": "India", "phone": "91 12 4715 2300", "fax": "91 12 4422 2036", "website": "http://infra.schneider-electric.co.in", "industry": "Specialty Industrial Machinery", "sector": "Industrials", "longBusinessSummary": "Schneider Electric Infrastructure Limited engages in designing, manufacturing, building, and servicing products and systems for electricity distribution in India and internationally. The company offers distribution, medium power, and special transformers; and substation automation systems, including power management systems, controllers and RTUs, communication elements, graphic user interfaces, engineering tools, SCADA and EMS gateways, and simulation tools. It also provides ring main units; and medium voltage distribution and grid automation products, such as remote terminal units, vacuum circuit breakers, medium voltage switchgears, micro grids, digital substations, and medium and low voltage equipment services, as well as EcoStruxure grid, an IoT-enabled open and interoperable platform. The company serves the utility, metal, minerals and cement, mining, power generation, oil and gas, and smart city industries. The company was formerly known as Smartgrid Automation Distribution and Switchgear Limited and changed its name to Schneider Electric Infrastructure Limited in December 2011. The company was incorporated in 2011 and is based in Gurugram, India. Schneider Electric Infrastructure Limited is a subsidiary of Energy Grid Automation Transformers and Switchgears India Private Limited.", "fullTimeEmployees": 1280, "companyOfficers": [], "maxAge": 86400}, "netSharePurchaseActivity": {"maxAge": 1, "period": "6m", "buyInfoCount": 0, "buyInfoShares": 0, "sellInfoCount": 0, "netInfoCount": 0, "netInfoShares": 0, "netPercentInsiderShares": 0.0, "totalInsiderShares": 184994736}, "insiderTransactions": {"transactions": [{"maxAge": 1, "shares": 4398766, "filerUrl": "", "transactionText": "", "filerName": "Reliance Capital Trustee Company Ltd A/C Reliance Eqity Oppo", "filerRelation": "Indirect Shareholder", "moneyText": "", "startDate": "2021-01-20", "ownership": "D"}, {"maxAge": 1, "shares": 7479178, "filerUrl": "", "transactionText": "", "filerName": "Energy Grid Automation Transformers & Switchgears India Ltd", "filerRelation": "Promoter", "moneyText": "", "startDate": "2014-01-30", "ownership": "D"}, {"maxAge": 1, "shares": 722021, "filerUrl": "", "transactionText": "", "filerName": "Energy Grid Automation Transformers & Switchgears India Ltd", "filerRelation": "Promoter", "moneyText": "", "startDate": "2013-02-06", "ownership": "D"}, {"maxAge": 1, "shares": 78000, "filerUrl": "", "transactionText": "", "filerName": "Reliance Capital Trustee Co ltd - A/c Reliance Tax Saver", "filerRelation": "Investment Management Company", "moneyText": "", "startDate": "2012-10-19", "ownership": "D"}], "maxAge": 1}, "sectorTrend": {"maxAge": 1, "symbol": null, "estimates": []}, "incomeStatementHistoryQuarterly": {"incomeStatementHistory": [{"maxAge": 1, "endDate": "2020-12-31", "totalRevenue": 4723050000, "costOfRevenue": 3291800000, "grossProfit": 1431250000, "researchDevelopment": {}, "sellingGeneralAdministrative": 460070000, "nonRecurring": {}, "otherOperatingExpenses": 487780000, "totalOperatingExpenses": 4289670000, "operatingIncome": 433380000, "totalOtherIncomeExpenseNet": -100000000, "ebit": 433380000, "interestExpense": -118510000, "incomeBeforeTax": 333380000, "incomeTaxExpense": 0, "minorityInterest": {}, "netIncomeFromContinuingOps": 333380000, "discontinuedOperations": {}, "extraordinaryItems": {}, "effectOfAccountingCharges": {}, "otherItems": {}, "netIncome": 333380000, "netIncomeApplicableToCommonShares": 333380000}, {"maxAge": 1, "endDate": "2020-09-30", "totalRevenue": 3696170000, "costOfRevenue": 2575320000, "grossProfit": 1120850000, "researchDevelopment": {}, "sellingGeneralAdministrative": 454690000, "nonRecurring": {}, "otherOperatingExpenses": 360880000, "totalOperatingExpenses": 3446630000, "operatingIncome": 249540000, "totalOtherIncomeExpenseNet": -186980000, "ebit": 249540000, "interestExpense": -127700000, "incomeBeforeTax": 62560000, "incomeTaxExpense": 0, "minorityInterest": {}, "netIncomeFromContinuingOps": 62560000, "discontinuedOperations": {}, "extraordinaryItems": {}, "effectOfAccountingCharges": {}, "otherItems": {}, "netIncome": 62560000, "netIncomeApplicableToCommonShares": 62560000}, {"maxAge": 1, "endDate": "2020-06-30", "totalRevenue": 2080300000, "costOfRevenue": 1391920000, "grossProfit": 688380000, "researchDevelopment": {}, "sellingGeneralAdministrative": 475810000, "nonRecurring": {}, "otherOperatingExpenses": 339260000, "totalOperatingExpenses": 2268060000, "operatingIncome": -187760000, "totalOtherIncomeExpenseNet": -105770000, "ebit": -187760000, "interestExpense": -122360000, "incomeBeforeTax": -293530000, "incomeTaxExpense": 0, "minorityInterest": {}, "netIncomeFromContinuingOps": -293530000, "discontinuedOperations": {}, "extraordinaryItems": {}, "effectOfAccountingCharges": {}, "otherItems": {}, "netIncome": -293530000, "netIncomeApplicableToCommonShares": -293530000}, {"maxAge": 1, "endDate": "2020-03-31", "totalRevenue": 2321740000, "costOfRevenue": 1763480000, "grossProfit": 558260000, "researchDevelopment": {}, "sellingGeneralAdministrative": 606970000, "nonRecurring": {}, "otherOperatingExpenses": -8170000, "totalOperatingExpenses": 2415530000, "operatingIncome": -93790000, "totalOtherIncomeExpenseNet": -163710000, "ebit": -93790000, "interestExpense": -83950000, "incomeBeforeTax": -257500000, "incomeTaxExpense": 0, "minorityInterest": {}, "netIncomeFromContinuingOps": -257500000, "discontinuedOperations": {}, "extraordinaryItems": {}, "effectOfAccountingCharges": {}, "otherItems": {}, "netIncome": -257500000, "netIncomeApplicableToCommonShares": -257500000}], "maxAge": 86400}, "cashflowStatementHistoryQuarterly": {"cashflowStatements": [{"maxAge": 1, "endDate": "2020-12-31", "netIncome": 333380000, "changeToLiabilities": 0}, {"maxAge": 1, "endDate": "2020-09-30", "netIncome": 62560000, "changeToLiabilities": 0}, {"maxAge": 1, "endDate": "2020-06-30", "netIncome": -293530000, "changeToLiabilities": 0}, {"maxAge": 1, "endDate": "2020-03-31", "netIncome": -257500000, "changeToLiabilities": 0}], "maxAge": 86400}, "earnings": {"maxAge": 86400, "earningsChart": {"quarterly": [], "earningsDate": []}, "financialsChart": {"yearly": [{"date": 2017, "revenue": 12630930000, "earnings": -1759060000}, {"date": 2018, "revenue": 13139720000, "earnings": -646720000}, {"date": 2019, "revenue": 13903140000, "earnings": -243660000}, {"date": 2020, "revenue": 13844100000, "earnings": -295750000}], "quarterly": [{"date": "1Q2020", "revenue": 2321740000, "earnings": -257500000}, {"date": "2Q2020", "revenue": 2080300000, "earnings": -293530000}, {"date": "3Q2020", "revenue": 3696170000, "earnings": 62560000}, {"date": "4Q2020", "revenue": 4723050000, "earnings": 333380000}]}, "financialCurrency": "INR"}, "financialData": {"maxAge": 86400, "currentPrice": 90.65, "targetHighPrice": 117.0, "targetLowPrice": 117.0, "targetMeanPrice": 117.0, "targetMedianPrice": 117.0, "recommendationMean": 1.0, "recommendationKey": "strong_buy", "numberOfAnalystOpinions": 1, "totalCash": 205560000, "totalCashPerShare": 0.857, "ebitda": 519624992, "totalDebt": 5540559872, "totalRevenue": 12810349568, "revenuePerShare": 53.729, "grossProfits": 3860310000, "earningsGrowth": 0.103, "revenueGrowth": -0.017, "grossMargins": 0.29569, "ebitdaMargins": 0.040560003, "operatingMargins": 0.03237, "profitMargins": -0.01211, "financialCurrency": "INR"}}}