{"SCI.NS": {"assetProfile": {"address1": "Shipping House", "address2": "245, Madame Cama Road", "city": "Mumbai", "zip": "400021", "country": "India", "phone": "91 22 2202 6666", "fax": "91 22 2202 6905", "website": "http://www.shipindia.com", "industry": "Marine Shipping", "sector": "Industrials", "longBusinessSummary": "The Shipping Corporation of India Limited provides shipping services in India, Singapore, and internationally. It operates through Liner, Bulk, Tanker, Technical & Offshore, and Others segments. The company's fleet comprises bulk carriers, crude oil tankers, product tankers, container vessels, passenger-cum-cargo vessels, LPG carriers, and offshore supply vessels. Its bulk carriers transport cargos, including iron ore, coal, coke, grain, fertilizer, steel, plywood, bauxite products, etc.; tankers are used for feeding crude oil to various oil refineries; and passenger-cum-cargo vessels offer transportation services between the Mainland, and Andaman and Nicobar group of islands. The company is also involved in chartering various ships, as well as in lighterage operations. In addition, it provides offshore services comprising towing and anchor handling, carriage of men and materials, standby and rescue, routine surveillance, and firefighting services, as well as operations, manning, maintenance, and management services for vessels. Further, the company offers shipbuilding consultancy assistance services for new building vessels, including project viability and feasibility, design consultancy, project management, and site supervision; and for the acquisition of second-hand ships, such as identifying the type and size of vessels, receipt and evaluation of offers, inspection of class records, physical inspection of vessels, processing specific proposals for owners/government approval, taking delivery of the vessels, etc., as well as provides liner break-bulk and container services. As of July 01, 2020, it operated a fleet of 59 vessels with deadweight tonnage of 5.311 million. The Shipping Corporation of India Limited was incorporated in 1950 and is based in Mumbai, India.", "fullTimeEmployees": 625, "companyOfficers": [{"maxAge": 1, "name": "Ms. Harjeet Kaur Joshi", "age": 58, "title": "Chairman, MD & Director of Fin.", "yearBorn": 1962, "fiscalYear": 2020, "totalPay": 5695129, "exercisedValue": 0, "unexercisedValue": 0}, {"maxAge": 1, "name": "Mr. Lawrence Cajetan Serrao", "title": "Chief Financial Officer", "fiscalYear": 2020, "totalPay": 4424139, "exercisedValue": 0, "unexercisedValue": 0}, {"maxAge": 1, "name": "Mr. Rajesh  Sood", "age": 59, "title": "Director of Technical & Offshore Services", "yearBorn": 1961, "fiscalYear": 2020, "totalPay": 5110405, "exercisedValue": 0, "unexercisedValue": 0}, {"maxAge": 1, "name": "Mr. Atul Laxman Ubale", "age": 55, "title": "Director of Personnel & Admin., Bulk Carriers & Tankers and Whole-Time Director", "yearBorn": 1965, "fiscalYear": 2020, "totalPay": 4068698, "exercisedValue": 0, "unexercisedValue": 0}, {"maxAge": 1, "name": "Mr. Dipankar  Haldar", "title": "Exec. Director of Legal Affairs & Company Sec.", "fiscalYear": 2020, "totalPay": 4603547, "exercisedValue": 0, "unexercisedValue": 0}, {"maxAge": 1, "name": "Captain Binesh Kumar Tyagi", "title": "GM of Bulk Carrier & Tanker and Director of Liner and Passenger Services and Director", "exercisedValue": 0, "unexercisedValue": 0}, {"maxAge": 1, "name": "Mr. Naishad R. Saraiya", "title": "Exec. Director of Personnel & Admin.", "exercisedValue": 0, "unexercisedValue": 0}, {"maxAge": 1, "name": "Mr. Ashwin V. Patel", "title": "Gen. Mang. of Fin. & Accounts", "exercisedValue": 0, "unexercisedValue": 0}, {"maxAge": 1, "name": "Ms. Sumathi  Sunderajan", "title": "Gen. Mang. of Fin. & Accounts", "exercisedValue": 0, "unexercisedValue": 0}], "compensationAsOfEpochDate": "2020-12-31 05:30:00", "maxAge": 86400}, "recommendationTrend": {"trend": [{"period": "0m", "strongBuy": 0, "buy": 0, "hold": 0, "sell": 0, "strongSell": 0}, {"period": "-1m", "strongBuy": 1, "buy": 0, "hold": 0, "sell": 1, "strongSell": 0}, {"period": "-2m", "strongBuy": 0, "buy": 0, "hold": 0, "sell": 1, "strongSell": 0}, {"period": "-3m", "strongBuy": 0, "buy": 0, "hold": 0, "sell": 1, "strongSell": 0}], "maxAge": 86400}, "cashflowStatementHistory": {"cashflowStatements": [{"maxAge": 1, "endDate": "2020-03-31", "netIncome": 3364800000, "depreciation": 6701800000, "changeToNetincome": 1603708000, "changeToAccountReceivables": -756500000, "changeToLiabilities": -1861200000, "changeToInventory": 284100000, "totalCashFromOperatingActivities": 9447200000, "capitalExpenditures": -1045000000, "investments": 2094800000, "otherCashflowsFromInvestingActivities": 957700000, "totalCashflowsFromInvestingActivities": 3191900000, "netBorrowings": -8962800000, "otherCashflowsFromFinancingActivities": -2234100000, "totalCashFromFinancingActivities": -11196900000, "effectOfExchangeRate": 26100000, "changeInCash": 1494000000}, {"maxAge": 1, "endDate": "2019-03-31", "netIncome": -626600000, "depreciation": 6576000000, "changeToNetincome": 1059182000, "changeToAccountReceivables": -1787600000, "changeToLiabilities": 2219300000, "changeToInventory": -432600000, "totalCashFromOperatingActivities": 7125000000, "capitalExpenditures": -2786600000, "investments": 251000000, "otherCashflowsFromInvestingActivities": 1054900000, "totalCashflowsFromInvestingActivities": 124300000, "netBorrowings": -6268900000, "otherCashflowsFromFinancingActivities": -2390300000, "totalCashFromFinancingActivities": -8659200000, "effectOfExchangeRate": -31800000, "changeInCash": -1464000000}, {"maxAge": 1, "endDate": "2018-03-31", "netIncome": 3065000000, "depreciation": 6101400000, "changeToNetincome": -3798119000, "changeToAccountReceivables": -1898800000, "changeToLiabilities": -1299800000, "changeToInventory": -13200000, "totalCashFromOperatingActivities": 2283500000, "capitalExpenditures": -6477700000, "investments": -1212700000, "otherCashflowsFromInvestingActivities": 1201900000, "totalCashflowsFromInvestingActivities": -4707800000, "netBorrowings": 930800000, "otherCashflowsFromFinancingActivities": -1802000000, "totalCashFromFinancingActivities": -871200000, "effectOfExchangeRate": -31800000, "changeInCash": -3294800000}, {"maxAge": 1, "endDate": "2017-03-31", "netIncome": 1823800000, "depreciation": 5656700000, "changeToNetincome": -201500000, "changeToAccountReceivables": 140000000, "changeToLiabilities": -301500000, "changeToInventory": -296300000, "totalCashFromOperatingActivities": 6825200000, "capitalExpenditures": -1933600000, "investments": -252300000, "otherCashflowsFromInvestingActivities": 1143800000, "totalCashflowsFromInvestingActivities": -858400000, "netBorrowings": -3524700000, "otherCashflowsFromFinancingActivities": -1699500000, "totalCashFromFinancingActivities": -5224200000, "effectOfExchangeRate": -31800000, "changeInCash": 744500000}], "maxAge": 86400}, "indexTrend": {"maxAge": 1, "symbol": "SP5", "peRatio": 19.7411, "pegRatio": 1.34172, "estimates": [{"period": "0q", "growth": 0.549}, {"period": "+1q", "growth": 0.431}, {"period": "0y", "growth": 0.305}, {"period": "+1y", "growth": 0.109}, {"period": "+5y", "growth": 0.120865}, {"period": "-5y"}]}, "defaultKeyStatistics": {"maxAge": 1, "priceHint": 2, "enterpriseValue": 79392546816, "profitMargins": 0.17417, "floatShares": 166907276, "sharesOutstanding": 465799008, "heldPercentInsiders": 0.63797003, "heldPercentInstitutions": 0.09810001, "beta": 1.109182, "category": null, "bookValue": 170.321, "priceToBook": 0.6132538, "fundFamily": null, "legalType": null, "lastFiscalYearEnd": "2020-03-31 05:30:00", "nextFiscalYearEnd": "2022-03-31 05:30:00", "mostRecentQuarter": "2020-12-30 05:30:00", "earningsQuarterlyGrowth": -0.554, "netIncomeToCommon": 7213799936, "trailingEps": 15.48, "forwardEps": 8.05, "lastSplitFactor": "3:2", "lastSplitDate": "2008-10-29 05:30:00", "enterpriseToRevenue": 1.917, "enterpriseToEbitda": 5.579}, "industryTrend": {"maxAge": 1, "symbol": null, "estimates": []}, "quoteType": {"exchange": "NSI", "quoteType": "EQUITY", "symbol": "SCI.NS", "underlyingSymbol": "SCI.NS", "shortName": "SHIPPING CP INDIA", "longName": "The Shipping Corporation of India Limited", "firstTradeDateEpochUtc": "2002-07-01 09:15:00", "timeZoneFullName": "Asia/Kolkata", "timeZoneShortName": "IST", "uuid": "161a8e36-824e-342c-8d2a-eb2a8bf0a70b", "gmtOffSetMilliseconds": 19800000, "maxAge": 1}, "incomeStatementHistory": {"incomeStatementHistory": [{"maxAge": 1, "endDate": "2020-03-31", "totalRevenue": 44254400000, "costOfRevenue": 30347900000, "grossProfit": 13906500000, "researchDevelopment": {}, "sellingGeneralAdministrative": 6700000, "nonRecurring": {}, "otherOperatingExpenses": 858200000, "totalOperatingExpenses": 37925500000, "operatingIncome": 6328900000, "totalOtherIncomeExpenseNet": -2512500000, "ebit": 6328900000, "interestExpense": -3631992000, "incomeBeforeTax": 3816400000, "incomeTaxExpense": 451600000, "minorityInterest": {}, "netIncomeFromContinuingOps": 3364800000, "discontinuedOperations": {}, "extraordinaryItems": {}, "effectOfAccountingCharges": {}, "otherItems": {}, "netIncome": 3364800000, "netIncomeApplicableToCommonShares": 3364800000}, {"maxAge": 1, "endDate": "2019-03-31", "totalRevenue": 38728500000, "costOfRevenue": 29805300000, "grossProfit": 8923200000, "researchDevelopment": {}, "sellingGeneralAdministrative": 35700000, "nonRecurring": {}, "otherOperatingExpenses": 1113900000, "totalOperatingExpenses": 37539500000, "operatingIncome": 1189000000, "totalOtherIncomeExpenseNet": -1344200000, "ebit": 1189000000, "interestExpense": -3575318000, "incomeBeforeTax": -155200000, "incomeTaxExpense": 471400000, "minorityInterest": {}, "netIncomeFromContinuingOps": -626600000, "discontinuedOperations": {}, "extraordinaryItems": {}, "effectOfAccountingCharges": {}, "otherItems": {}, "netIncome": -626600000, "netIncomeApplicableToCommonShares": -626600000}, {"maxAge": 1, "endDate": "2018-03-31", "totalRevenue": 34694700000, "costOfRevenue": 27097300000, "grossProfit": 7597400000, "researchDevelopment": {}, "sellingGeneralAdministrative": 36600000, "nonRecurring": {}, "otherOperatingExpenses": 778000000, "totalOperatingExpenses": 34014400000, "operatingIncome": 680300000, "totalOtherIncomeExpenseNet": 142000000, "ebit": 680300000, "interestExpense": -1657100000, "incomeBeforeTax": 822300000, "incomeTaxExpense": -2242700000, "minorityInterest": {}, "netIncomeFromContinuingOps": 3065000000, "discontinuedOperations": {}, "extraordinaryItems": {}, "effectOfAccountingCharges": {}, "otherItems": {}, "netIncome": 3065000000, "netIncomeApplicableToCommonShares": 3065000000}, {"maxAge": 1, "endDate": "2017-03-31", "totalRevenue": 34473500000, "costOfRevenue": 25961300000, "grossProfit": 8512200000, "researchDevelopment": {}, "sellingGeneralAdministrative": 71000000, "nonRecurring": {}, "otherOperatingExpenses": 646300000, "totalOperatingExpenses": 32339300000, "operatingIncome": 2134200000, "totalOtherIncomeExpenseNet": 124400000, "ebit": 2134200000, "interestExpense": -1706300000, "incomeBeforeTax": 2258600000, "incomeTaxExpense": 434800000, "minorityInterest": {}, "netIncomeFromContinuingOps": 1823800000, "discontinuedOperations": {}, "extraordinaryItems": {}, "effectOfAccountingCharges": {}, "otherItems": {}, "netIncome": 1823800000, "netIncomeApplicableToCommonShares": 1823800000}], "maxAge": 86400}, "fundOwnership": {"ownershipList": [{"maxAge": 1, "reportDate": "2021-01-31", "organization": "DFA Emerging Markets Core Equity Portfolio", "pctHeld": 0.0023, "position": 1093926, "value": 93257191}, {"maxAge": 1, "reportDate": "2021-01-31", "organization": "DFA Investment Dimensions-DFA Emerging Mkts Value", "pctHeld": 0.0018000001, "position": 822610, "value": 70127502}, {"maxAge": 1, "reportDate": "2021-01-31", "organization": "DFA Emerging Markets Small Cap Series", "pctHeld": 0.0013, "position": 601620, "value": 51288105}, {"maxAge": 1, "reportDate": "2021-02-28", "organization": "WisdomTree Tr-WisdomTree India Earnings Fd", "pctHeld": 0.001, "position": 455640, "value": 45564000}, {"maxAge": 1, "reportDate": "2021-03-31", "organization": "SPDR (R) Idx Shares-SPDR (R) Emerging Markets Small Cap ETF", "pctHeld": 0.0001, "position": 67368, "value": 7457637}, {"maxAge": 1, "reportDate": "2021-01-31", "organization": "DFA Investment Dimensions-World Ex U.S. Core Equity Port", "pctHeld": 0.0001, "position": 59327, "value": 5057626}, {"maxAge": 1, "reportDate": "2021-01-31", "organization": "DFA Investment Dimensions-Emerging Markets Social Core Equity", "pctHeld": 0.0001, "position": 49571, "value": 4225927}, {"maxAge": 1, "reportDate": "2021-01-31", "organization": "DFA T.A. World Ex U.S. Core Equity Portfolio", "pctHeld": 0.0001, "position": 48621, "value": 4144940}, {"maxAge": 1, "reportDate": "2021-02-28", "organization": "Avantis Emerging Markets Equity ETF", "pctHeld": 0.0001, "position": 30482, "value": 3048200}], "maxAge": 1}, "summaryDetail": {"maxAge": 1, "priceHint": 2, "previousClose": 103.6, "open": 103.25, "dayLow": 102.4, "dayHigh": 107.35, "regularMarketPreviousClose": 103.6, "regularMarketOpen": 103.25, "regularMarketDayLow": 102.4, "regularMarketDayHigh": 107.35, "dividendRate": 0.75, "dividendYield": 0.0072000003, "exDividendDate": "2020-09-09 05:30:00", "payoutRatio": 0.0484, "beta": 1.109182, "trailingPE": 6.747416, "forwardPE": 12.975155, "volume": 2240785, "regularMarketVolume": 2240785, "averageVolume": 5155250, "averageVolume10days": 1982442, "averageDailyVolume10Day": 1982442, "bid": 104.45, "ask": 0.0, "bidSize": 0, "askSize": 0, "marketCap": 48676204544, "fiftyTwoWeekLow": 36.8, "fiftyTwoWeekHigh": 134.65, "priceToSalesTrailing12Months": 1.1752654, "fiftyDayAverage": 111.32206, "twoHundredDayAverage": 78.7149, "trailingAnnualDividendRate": 0.75, "trailingAnnualDividendYield": 0.0072393822, "currency": "INR", "fromCurrency": null, "lastMarket": null, "algorithm": null, "tradeable": false}, "insiderHolders": {"holders": [{"maxAge": 1, "name": "Life Insurance Corporation of India", "relation": "Institution- Corporation", "url": "", "transactionDescription": "Sale", "latestTransDate": "2020-10-21", "positionDirect": 46822738, "positionDirectDate": "2020-10-21"}], "maxAge": 1}, "calendarEvents": {"maxAge": 1, "earnings": {"earningsDate": []}, "exDividendDate": "2020-09-09 05:30:00"}, "upgradeDowngradeHistory": {"history": [], "maxAge": 86400}, "price": {"maxAge": 1, "regularMarketChangePercent": 0.0082046185, "regularMarketChange": 0.8499985, "regularMarketTime": "2021-04-30 15:29:57", "priceHint": 2, "regularMarketPrice": 104.45, "regularMarketDayHigh": 107.35, "regularMarketDayLow": 102.4, "regularMarketVolume": 2240785, "averageDailyVolume10Day": 1982442, "averageDailyVolume3Month": 5155250, "regularMarketPreviousClose": 103.6, "regularMarketSource": "FREE_REALTIME", "regularMarketOpen": 103.25, "exchange": "NSI", "exchangeName": "NSE", "exchangeDataDelayedBy": 15, "marketState": "CLOSED", "quoteType": "EQUITY", "symbol": "SCI.NS", "underlyingSymbol": null, "shortName": "SHIPPING CP INDIA", "longName": "The Shipping Corporation of India Limited", "currency": "INR", "quoteSourceName": "Delayed Quote", "currencySymbol": "\u20b9", "fromCurrency": null, "lastMarket": null, "marketCap": 48676204544}, "balanceSheetHistory": {"balanceSheetStatements": [{"maxAge": 1, "endDate": "2020-03-31", "cash": 2447800000, "shortTermInvestments": 100000, "netReceivables": 12752600000, "inventory": 1313800000, "otherCurrentAssets": 7855400000, "totalCurrentAssets": 24420000000, "longTermInvestments": 2984200000, "propertyPlantEquipment": 106545100000, "intangibleAssets": 14600000, "otherAssets": 5222100000, "totalAssets": 139186000000, "accountsPayable": 9556000000, "shortLongTermDebt": 10773900000, "otherCurrentLiab": 3364000000, "longTermDebt": 16773800000, "otherLiab": 1405300000, "totalCurrentLiabilities": 45930800000, "totalLiab": 64349400000, "commonStock": 4658000000, "retainedEarnings": 64067000000, "treasuryStock": 893900000, "capitalSurplus": 5217700000, "otherStockholderEquity": 893900000, "totalStockholderEquity": 74836600000, "netTangibleAssets": 74822000000}, {"maxAge": 1, "endDate": "2019-03-31", "cash": 953800000, "shortTermInvestments": 100000, "netReceivables": 14127000000, "inventory": 1597900000, "otherCurrentAssets": 10186300000, "totalCurrentAssets": 26929100000, "longTermInvestments": 2792800000, "propertyPlantEquipment": 111241900000, "intangibleAssets": 25300000, "otherAssets": 2577800000, "totalAssets": 143566900000, "accountsPayable": 12727000000, "shortLongTermDebt": 11633100000, "otherCurrentLiab": 3072600000, "longTermDebt": 25266600000, "otherLiab": 1555000000, "totalCurrentLiabilities": 44913000000, "totalLiab": 71734600000, "commonStock": 4658000000, "retainedEarnings": 60556000000, "treasuryStock": 1400600000, "capitalSurplus": 5217700000, "otherStockholderEquity": 1400600000, "totalStockholderEquity": 71832300000, "netTangibleAssets": 71807000000}, {"maxAge": 1, "endDate": "2018-03-31", "cash": 2417900000, "shortTermInvestments": 100000, "netReceivables": 13398100000, "inventory": 1165300000, "otherCurrentAssets": 9321900000, "totalCurrentAssets": 26901000000, "longTermInvestments": 2134800000, "propertyPlantEquipment": 113552900000, "intangibleAssets": 5200000, "otherAssets": 2468500000, "totalAssets": 145062400000, "accountsPayable": 9836600000, "shortLongTermDebt": 10043900000, "otherCurrentLiab": 3827100000, "longTermDebt": 33065700000, "otherLiab": 1949300000, "totalCurrentLiabilities": 37694900000, "totalLiab": 72709900000, "commonStock": 4658000000, "retainedEarnings": 61126100000, "treasuryStock": 1350700000, "capitalSurplus": 5217700000, "otherStockholderEquity": 1350700000, "totalStockholderEquity": 72352500000, "netTangibleAssets": 72347300000}, {"maxAge": 1, "endDate": "2017-03-31", "cash": 5712700000, "netReceivables": 11382900000, "inventory": 1152100000, "otherCurrentAssets": 9069300000, "totalCurrentAssets": 27357300000, "longTermInvestments": 1363400000, "propertyPlantEquipment": 114379500000, "intangibleAssets": 600000, "otherAssets": 2384700000, "totalAssets": 145485500000, "accountsPayable": 11515600000, "shortLongTermDebt": 14404600000, "otherCurrentLiab": 3940700000, "longTermDebt": 30776300000, "otherLiab": 4743400000, "totalCurrentLiabilities": 41024700000, "totalLiab": 76544400000, "commonStock": 4658000000, "retainedEarnings": 58041500000, "treasuryStock": 1023900000, "capitalSurplus": 5217700000, "otherStockholderEquity": 1023900000, "totalStockholderEquity": 68941100000, "netTangibleAssets": 68940500000}], "maxAge": 86400}, "earningsTrend": {"trend": [{"maxAge": 1, "period": "0q", "endDate": null, "growth": {}, "earningsEstimate": {"avg": 0.0, "low": 0.0, "high": 0.0, "yearAgoEps": {}, "numberOfAnalysts": 0, "growth": {}}, "revenueEstimate": {"avg": 0, "low": 0, "high": 0, "numberOfAnalysts": 0, "yearAgoRevenue": {}, "growth": {}}, "epsTrend": {"current": 0.0, "7daysAgo": 0.0, "30daysAgo": 0.0, "60daysAgo": 0.0, "90daysAgo": 0.0}, "epsRevisions": {"upLast7days": 0, "upLast30days": 0, "downLast30days": 0, "downLast90days": {}}}, {"maxAge": 1, "period": "+1q", "endDate": null, "growth": {}, "earningsEstimate": {"avg": 0.0, "low": 0.0, "high": 0.0, "yearAgoEps": {}, "numberOfAnalysts": 0, "growth": {}}, "revenueEstimate": {"avg": 0, "low": 0, "high": 0, "numberOfAnalysts": 0, "yearAgoRevenue": {}, "growth": {}}, "epsTrend": {"current": 0.0, "7daysAgo": 0.0, "30daysAgo": 0.0, "60daysAgo": 0.0, "90daysAgo": 0.0}, "epsRevisions": {"upLast7days": 0, "upLast30days": 0, "downLast30days": 0, "downLast90days": {}}}, {"maxAge": 1, "period": "0y", "endDate": null, "growth": {}, "earningsEstimate": {"avg": 0.0, "low": 0.0, "high": 0.0, "yearAgoEps": {}, "numberOfAnalysts": 0, "growth": {}}, "revenueEstimate": {"avg": 0, "low": 0, "high": 0, "numberOfAnalysts": 0, "yearAgoRevenue": {}, "growth": {}}, "epsTrend": {"current": 0.0, "7daysAgo": 0.0, "30daysAgo": 0.0, "60daysAgo": 0.0, "90daysAgo": 0.0}, "epsRevisions": {"upLast7days": 0, "upLast30days": 0, "downLast30days": 0, "downLast90days": {}}}, {"maxAge": 1, "period": "+1y", "endDate": null, "growth": {}, "earningsEstimate": {"avg": 0.0, "low": 0.0, "high": 0.0, "yearAgoEps": {}, "numberOfAnalysts": 0, "growth": {}}, "revenueEstimate": {"avg": 0, "low": 0, "high": 0, "numberOfAnalysts": 0, "yearAgoRevenue": {}, "growth": {}}, "epsTrend": {"current": 0.0, "7daysAgo": 0.0, "30daysAgo": 0.0, "60daysAgo": 0.0, "90daysAgo": 0.0}, "epsRevisions": {"upLast7days": 0, "upLast30days": 0, "downLast30days": 0, "downLast90days": {}}}, {"maxAge": 1, "period": "+5y", "endDate": null, "growth": {}, "earningsEstimate": {"avg": {}, "low": {}, "high": {}, "yearAgoEps": {}, "numberOfAnalysts": {}, "growth": {}}, "revenueEstimate": {"avg": {}, "low": {}, "high": {}, "numberOfAnalysts": {}, "yearAgoRevenue": {}, "growth": {}}, "epsTrend": {"current": {}, "7daysAgo": {}, "30daysAgo": {}, "60daysAgo": {}, "90daysAgo": {}}, "epsRevisions": {"upLast7days": {}, "upLast30days": {}, "downLast30days": {}, "downLast90days": {}}}, {"maxAge": 1, "period": "-5y", "endDate": null, "growth": 0.01977, "earningsEstimate": {"avg": {}, "low": {}, "high": {}, "yearAgoEps": {}, "numberOfAnalysts": {}, "growth": {}}, "revenueEstimate": {"avg": {}, "low": {}, "high": {}, "numberOfAnalysts": {}, "yearAgoRevenue": {}, "growth": {}}, "epsTrend": {"current": {}, "7daysAgo": {}, "30daysAgo": {}, "60daysAgo": {}, "90daysAgo": {}}, "epsRevisions": {"upLast7days": {}, "upLast30days": {}, "downLast30days": {}, "downLast90days": {}}}], "maxAge": 1}, "institutionOwnership": {"ownershipList": [], "maxAge": 1}, "majorHoldersBreakdown": {"maxAge": 1, "insidersPercentHeld": 0.63797003, "institutionsPercentHeld": 0.09810001, "institutionsFloatPercentHeld": 0.27098, "institutionsCount": 11}, "balanceSheetHistoryQuarterly": {"balanceSheetStatements": [{"maxAge": 1, "endDate": "2020-12-30", "totalStockholderEquity": 79235600000, "netTangibleAssets": 79226300000}, {"maxAge": 1, "endDate": "2020-09-30", "cash": 9564200000, "shortTermInvestments": 2528300000, "netReceivables": 7389700000, "inventory": 1216600000, "otherCurrentAssets": 1808900000, "totalCurrentAssets": 22507700000, "longTermInvestments": 3009500000, "propertyPlantEquipment": 104023300000, "intangibleAssets": 9300000, "otherAssets": 5485100000, "totalAssets": 135034900000, "accountsPayable": 7757100000, "shortLongTermDebt": 8041400000, "otherCurrentLiab": 3603200000, "longTermDebt": 17253700000, "otherLiab": 1289600000, "totalCurrentLiabilities": 37023900000, "totalLiab": 55799300000, "commonStock": 4658000000, "treasuryStock": 74577600000, "otherStockholderEquity": 74577600000, "totalStockholderEquity": 79235600000, "netTangibleAssets": 79226300000}, {"maxAge": 1, "endDate": "2020-06-30", "totalStockholderEquity": 74836600000, "netTangibleAssets": 74822000000}, {"maxAge": 1, "endDate": "2020-03-31", "cash": 2447800000, "shortTermInvestments": 100000, "netReceivables": 12752600000, "inventory": 1313800000, "otherCurrentAssets": 7855400000, "totalCurrentAssets": 24420000000, "longTermInvestments": 2984200000, "propertyPlantEquipment": 106545100000, "intangibleAssets": 14600000, "otherAssets": 5222100000, "totalAssets": 139186000000, "accountsPayable": 9556000000, "shortLongTermDebt": 10773900000, "otherCurrentLiab": 3364000000, "longTermDebt": 16773800000, "otherLiab": 1405300000, "totalCurrentLiabilities": 45930800000, "totalLiab": 64349400000, "commonStock": 4658000000, "retainedEarnings": 64067000000, "treasuryStock": 893900000, "capitalSurplus": 5217700000, "otherStockholderEquity": 893900000, "totalStockholderEquity": 74836600000, "netTangibleAssets": 74822000000}], "maxAge": 86400}, "earningsHistory": {"history": [{"maxAge": 1, "epsActual": {}, "epsEstimate": {}, "epsDifference": {}, "surprisePercent": {}, "quarter": {}, "period": "-4q"}, {"maxAge": 1, "epsActual": {}, "epsEstimate": {}, "epsDifference": {}, "surprisePercent": {}, "quarter": {}, "period": "-3q"}, {"maxAge": 1, "epsActual": {}, "epsEstimate": {}, "epsDifference": {}, "surprisePercent": {}, "quarter": {}, "period": "-2q"}, {"maxAge": 1, "epsActual": {}, "epsEstimate": {}, "epsDifference": {}, "surprisePercent": {}, "quarter": {}, "period": "-1q"}], "maxAge": 86400}, "summaryProfile": {"address1": "Shipping House", "address2": "245, Madame Cama Road", "city": "Mumbai", "zip": "400021", "country": "India", "phone": "91 22 2202 6666", "fax": "91 22 2202 6905", "website": "http://www.shipindia.com", "industry": "Marine Shipping", "sector": "Industrials", "longBusinessSummary": "The Shipping Corporation of India Limited provides shipping services in India, Singapore, and internationally. It operates through Liner, Bulk, Tanker, Technical & Offshore, and Others segments. The company's fleet comprises bulk carriers, crude oil tankers, product tankers, container vessels, passenger-cum-cargo vessels, LPG carriers, and offshore supply vessels. Its bulk carriers transport cargos, including iron ore, coal, coke, grain, fertilizer, steel, plywood, bauxite products, etc.; tankers are used for feeding crude oil to various oil refineries; and passenger-cum-cargo vessels offer transportation services between the Mainland, and Andaman and Nicobar group of islands. The company is also involved in chartering various ships, as well as in lighterage operations. In addition, it provides offshore services comprising towing and anchor handling, carriage of men and materials, standby and rescue, routine surveillance, and firefighting services, as well as operations, manning, maintenance, and management services for vessels. Further, the company offers shipbuilding consultancy assistance services for new building vessels, including project viability and feasibility, design consultancy, project management, and site supervision; and for the acquisition of second-hand ships, such as identifying the type and size of vessels, receipt and evaluation of offers, inspection of class records, physical inspection of vessels, processing specific proposals for owners/government approval, taking delivery of the vessels, etc., as well as provides liner break-bulk and container services. As of July 01, 2020, it operated a fleet of 59 vessels with deadweight tonnage of 5.311 million. The Shipping Corporation of India Limited was incorporated in 1950 and is based in Mumbai, India.", "fullTimeEmployees": 625, "companyOfficers": [], "maxAge": 86400}, "netSharePurchaseActivity": {"maxAge": 1, "period": "6m", "buyInfoCount": 0, "buyInfoShares": 0, "sellInfoCount": 0, "netInfoCount": 0, "netInfoShares": 0, "netPercentInsiderShares": 0.0, "totalInsiderShares": 297651488}, "insiderTransactions": {"transactions": [{"maxAge": 1, "shares": 19004782, "filerUrl": "", "transactionText": "", "filerName": "Life Insurance Corporation of India", "filerRelation": "Institution- Corporation", "moneyText": "", "startDate": "2020-10-21", "ownership": "D"}, {"maxAge": 1, "shares": 24019590, "filerUrl": "", "transactionText": "", "filerName": "Life Insurance Corporation of India", "filerRelation": "Institution- Corporation", "moneyText": "", "startDate": "2010-12-14", "ownership": "D"}, {"maxAge": 1, "shares": 8488012, "filerUrl": "", "transactionText": "", "filerName": "Life Insurance Corporation of India", "filerRelation": "Institution- Corporation", "moneyText": "", "startDate": "2010-03-15", "ownership": "D"}], "maxAge": 1}, "sectorTrend": {"maxAge": 1, "symbol": null, "estimates": []}, "incomeStatementHistoryQuarterly": {"incomeStatementHistory": [{"maxAge": 1, "endDate": "2020-12-30", "totalRevenue": 8412300000, "costOfRevenue": 6098000000, "grossProfit": 2314300000, "researchDevelopment": {}, "sellingGeneralAdministrative": {}, "nonRecurring": {}, "otherOperatingExpenses": 57800000, "totalOperatingExpenses": 7720000000, "operatingIncome": 692300000, "totalOtherIncomeExpenseNet": 664400000, "ebit": 692300000, "interestExpense": -243300000, "incomeBeforeTax": 1356700000, "incomeTaxExpense": 41000000, "minorityInterest": {}, "netIncomeFromContinuingOps": 1315700000, "discontinuedOperations": {}, "extraordinaryItems": {}, "effectOfAccountingCharges": {}, "otherItems": {}, "netIncome": 1315700000, "netIncomeApplicableToCommonShares": 1315700000}, {"maxAge": 1, "endDate": "2020-09-30", "totalRevenue": 8432100000, "costOfRevenue": 6285900000, "grossProfit": 2146200000, "researchDevelopment": {}, "sellingGeneralAdministrative": {}, "nonRecurring": {}, "otherOperatingExpenses": 107100000, "totalOperatingExpenses": 7982700000, "operatingIncome": 449400000, "totalOtherIncomeExpenseNet": 992000000, "ebit": 449400000, "interestExpense": -217600000, "incomeBeforeTax": 1441400000, "incomeTaxExpense": 22500000, "minorityInterest": {}, "netIncomeFromContinuingOps": 1418900000, "discontinuedOperations": {}, "extraordinaryItems": {}, "effectOfAccountingCharges": {}, "otherItems": {}, "netIncome": 1418900000, "netIncomeApplicableToCommonShares": 1418900000}, {"maxAge": 1, "endDate": "2020-06-30", "totalRevenue": 11434600000, "costOfRevenue": 6105500000, "grossProfit": 5329100000, "researchDevelopment": {}, "sellingGeneralAdministrative": {}, "nonRecurring": {}, "otherOperatingExpenses": 276900000, "totalOperatingExpenses": 7970300000, "operatingIncome": 3464300000, "totalOtherIncomeExpenseNet": 45400000, "ebit": 3464300000, "interestExpense": -498200000, "incomeBeforeTax": 3509700000, "incomeTaxExpense": 141000000, "minorityInterest": {}, "netIncomeFromContinuingOps": 3368700000, "discontinuedOperations": {}, "extraordinaryItems": {}, "effectOfAccountingCharges": {}, "otherItems": {}, "netIncome": 3368700000, "netIncomeApplicableToCommonShares": 3368700000}, {"maxAge": 1, "endDate": "2020-03-31", "totalRevenue": 12365300000, "costOfRevenue": 8197700000, "grossProfit": 4167600000, "researchDevelopment": {}, "sellingGeneralAdministrative": 6700000, "nonRecurring": {}, "otherOperatingExpenses": 166700000, "totalOperatingExpenses": 10011700000, "operatingIncome": 2353600000, "totalOtherIncomeExpenseNet": -1305600000, "ebit": 2353600000, "interestExpense": -1997292000, "incomeBeforeTax": 1048000000, "incomeTaxExpense": -62400000, "minorityInterest": {}, "netIncomeFromContinuingOps": 1110400000, "discontinuedOperations": {}, "extraordinaryItems": {}, "effectOfAccountingCharges": {}, "otherItems": {}, "netIncome": 1110400000, "netIncomeApplicableToCommonShares": 1110400000}], "maxAge": 86400}, "cashflowStatementHistoryQuarterly": {"cashflowStatements": [{"maxAge": 1, "endDate": "2020-12-30", "netIncome": 1315700000, "changeToLiabilities": 0}, {"maxAge": 1, "endDate": "2020-09-30", "netIncome": 1418900000, "changeToLiabilities": 0}, {"maxAge": 1, "endDate": "2020-06-30", "netIncome": 3368700000, "changeToLiabilities": 0}, {"maxAge": 1, "endDate": "2020-03-31", "netIncome": 1110400000, "changeToLiabilities": 0}], "maxAge": 86400}, "earnings": {"maxAge": 86400, "earningsChart": {"quarterly": [], "earningsDate": []}, "financialsChart": {"yearly": [{"date": 2017, "revenue": 34473500000, "earnings": 1823800000}, {"date": 2018, "revenue": 34694700000, "earnings": 3065000000}, {"date": 2019, "revenue": 38728500000, "earnings": -626600000}, {"date": 2020, "revenue": 44254400000, "earnings": 3364800000}], "quarterly": [{"date": "1Q2020", "revenue": 12365300000, "earnings": 1110400000}, {"date": "2Q2020", "revenue": 11434600000, "earnings": 3368700000}, {"date": "3Q2020", "revenue": 8432100000, "earnings": 1418900000}, {"date": "4Q2020", "revenue": 8412300000, "earnings": 1315700000}]}, "financialCurrency": "INR"}, "financialData": {"maxAge": 86400, "currentPrice": 104.45, "targetHighPrice": 100.0, "targetLowPrice": 100.0, "targetMeanPrice": 100.0, "targetMedianPrice": 100.0, "recommendationMean": 1.0, "recommendationKey": "strong_buy", "numberOfAnalystOpinions": 1, "totalCash": 12092499968, "totalCashPerShare": 25.918, "ebitda": 14231674880, "totalDebt": 43149398016, "totalRevenue": 41417199616, "debtToEquity": 54.457, "revenuePerShare": 88.897, "grossProfits": 13906500000, "earningsGrowth": -0.555, "revenueGrowth": -0.331, "grossMargins": 0.3489, "ebitdaMargins": 0.34362, "operatingMargins": 0.18077, "profitMargins": 0.17417, "financialCurrency": "INR"}}}