{"SCI.BO": {"recommendationTrend": {"trend": [{"period": "0m", "strongBuy": 0, "buy": 0, "hold": 0, "sell": 0, "strongSell": 0}, {"period": "-1m", "strongBuy": 0, "buy": 0, "hold": 0, "sell": 0, "strongSell": 0}, {"period": "-2m", "strongBuy": 0, "buy": 0, "hold": 0, "sell": 0, "strongSell": 0}, {"period": "-3m", "strongBuy": 0, "buy": 0, "hold": 0, "sell": 0, "strongSell": 0}], "maxAge": 86400}, "cashflowStatementHistory": {"cashflowStatements": [{"maxAge": 1, "endDate": "2020-03-31", "netIncome": 3364800000, "depreciation": 6701800000, "changeToNetincome": 1603708000, "changeToAccountReceivables": -756500000, "changeToLiabilities": -1861200000, "changeToInventory": 284100000, "totalCashFromOperatingActivities": 9447200000, "capitalExpenditures": -1045000000, "investments": 22600000, "otherCashflowsFromInvestingActivities": 3029900000, "totalCashflowsFromInvestingActivities": 3191900000, "netBorrowings": -8962800000, "otherCashflowsFromFinancingActivities": -2234100000, "totalCashFromFinancingActivities": -11196900000, "effectOfExchangeRate": 26100000, "changeInCash": 1494000000}, {"maxAge": 1, "endDate": "2019-03-31", "netIncome": -626600000, "depreciation": 6576000000, "changeToNetincome": 1059182000, "changeToAccountReceivables": -1787600000, "changeToLiabilities": 2219300000, "changeToInventory": -432600000, "totalCashFromOperatingActivities": 7125000000, "capitalExpenditures": -2786600000, "investments": 560500000, "otherCashflowsFromInvestingActivities": 745400000, "totalCashflowsFromInvestingActivities": 124300000, "netBorrowings": -6268900000, "otherCashflowsFromFinancingActivities": -2390300000, "totalCashFromFinancingActivities": -8659200000, "effectOfExchangeRate": -31800000, "changeInCash": -1464000000}, {"maxAge": 1, "endDate": "2018-03-31", "netIncome": 3065000000, "depreciation": 6101400000, "changeToNetincome": -3798119000, "changeToAccountReceivables": -1898800000, "changeToLiabilities": -1299800000, "changeToInventory": -13200000, "totalCashFromOperatingActivities": 2283500000, "capitalExpenditures": -6477700000, "investments": -1212700000, "otherCashflowsFromInvestingActivities": 1201900000, "totalCashflowsFromInvestingActivities": -4707800000, "netBorrowings": 930800000, "otherCashflowsFromFinancingActivities": -1802000000, "totalCashFromFinancingActivities": -871200000, "effectOfExchangeRate": -31800000, "changeInCash": -3294800000}, {"maxAge": 1, "endDate": "2017-03-31", "netIncome": 1823800000, "depreciation": 5656700000, "changeToNetincome": -201500000, "changeToAccountReceivables": 140000000, "changeToLiabilities": -301500000, "changeToInventory": -296300000, "totalCashFromOperatingActivities": 6825200000, "capitalExpenditures": -1933600000, "investments": -252300000, "otherCashflowsFromInvestingActivities": 1143800000, "totalCashflowsFromInvestingActivities": -858400000, "netBorrowings": -3524700000, "otherCashflowsFromFinancingActivities": -1699500000, "totalCashFromFinancingActivities": -5224200000, "effectOfExchangeRate": -31800000, "changeInCash": 744500000}], "maxAge": 86400}, "institutionOwnership": {"ownershipList": [], "maxAge": 1}, "balanceSheetHistoryQuarterly": {"balanceSheetStatements": [{"maxAge": 1, "endDate": "2020-06-30", "totalStockholderEquity": 74836600000, "netTangibleAssets": 74822000000}, {"maxAge": 1, "endDate": "2020-03-31", "cash": 2447800000, "shortTermInvestments": 100000, "netReceivables": 12752600000, "inventory": 1313800000, "otherCurrentAssets": 7855400000, "totalCurrentAssets": 24420000000, "longTermInvestments": 2984200000, "propertyPlantEquipment": 106545100000, "intangibleAssets": 14600000, "otherAssets": 5222100000, "totalAssets": 139186000000, "accountsPayable": 9556000000, "shortLongTermDebt": 10773900000, "otherCurrentLiab": 3364000000, "longTermDebt": 16773800000, "otherLiab": 1405300000, "totalCurrentLiabilities": 45930800000, "totalLiab": 64349400000, "commonStock": 4658000000, "retainedEarnings": 64067000000, "treasuryStock": 893900000, "capitalSurplus": 5217700000, "otherStockholderEquity": 893900000, "totalStockholderEquity": 74836600000, "netTangibleAssets": 74822000000}, {"maxAge": 1, "endDate": "2019-12-31", "totalStockholderEquity": 70908000000, "netTangibleAssets": 70887900000}, {"maxAge": 1, "endDate": "2019-09-30", "cash": 10767300000, "shortTermInvestments": 4442800000, "netReceivables": 8049800000, "inventory": 1106900000, "otherCurrentAssets": 2618500000, "totalCurrentAssets": 26985300000, "longTermInvestments": 2799200000, "propertyPlantEquipment": 108973200000, "intangibleAssets": 20100000, "otherAssets": 2257800000, "totalAssets": 141035600000, "accountsPayable": 13460000000, "shortLongTermDebt": 11548100000, "otherCurrentLiab": 3416200000, "longTermDebt": 20144700000, "otherLiab": 1872800000, "totalCurrentLiabilities": 47908100000, "totalLiab": 70127600000, "commonStock": 4658000000, "treasuryStock": 66250000000, "otherStockholderEquity": 66250000000, "totalStockholderEquity": 70908000000, "netTangibleAssets": 70887900000}], "maxAge": 86400}, "earningsHistory": {"history": [{"maxAge": 1, "epsActual": {}, "epsEstimate": {}, "epsDifference": {}, "surprisePercent": {}, "quarter": {}, "period": "-4q"}, {"maxAge": 1, "epsActual": {}, "epsEstimate": {}, "epsDifference": {}, "surprisePercent": {}, "quarter": {}, "period": "-3q"}, {"maxAge": 1, "epsActual": {}, "epsEstimate": {}, "epsDifference": {}, "surprisePercent": {}, "quarter": {}, "period": "-2q"}, {"maxAge": 1, "epsActual": {}, "epsEstimate": {}, "epsDifference": {}, "surprisePercent": {}, "quarter": {}, "period": "-1q"}], "maxAge": 86400}, "indexTrend": {"maxAge": 1, "symbol": "SP5", "peRatio": 19.7411, "pegRatio": 1.34172, "estimates": [{"period": "0q", "growth": 0.549}, {"period": "+1q", "growth": 0.431}, {"period": "0y", "growth": 0.305}, {"period": "+1y", "growth": 0.109}, {"period": "+5y", "growth": 0.120865}, {"period": "-5y"}]}, "industryTrend": {"maxAge": 1, "symbol": null, "estimates": []}, "insiderTransactions": {"transactions": [{"maxAge": 1, "shares": 19004782, "filerUrl": "", "transactionText": "", "filerName": "Life Insurance Corporation of India", "filerRelation": "Institution- Corporation", "moneyText": "", "startDate": "2020-10-21", "ownership": "D"}, {"maxAge": 1, "shares": 24019590, "filerUrl": "", "transactionText": "", "filerName": "Life Insurance Corporation of India", "filerRelation": "Institution- Corporation", "moneyText": "", "startDate": "2010-12-14", "ownership": "D"}, {"maxAge": 1, "shares": 8488012, "filerUrl": "", "transactionText": "", "filerName": "Life Insurance Corporation of India", "filerRelation": "Institution- Corporation", "moneyText": "", "startDate": "2010-03-15", "ownership": "D"}], "maxAge": 1}, "quoteType": {"exchange": "BSE", "quoteType": "EQUITY", "symbol": "SCI.BO", "underlyingSymbol": "SCI.BO", "shortName": "SHIPPING CORPORATION OF INDIA", "longName": "The Shipping Corporation of India Limited", "firstTradeDateEpochUtc": "2000-01-03 09:15:00", "timeZoneFullName": "Asia/Kolkata", "timeZoneShortName": "IST", "uuid": "8540a64f-5b91-35f2-a961-0a24ab794658", "gmtOffSetMilliseconds": 19800000, "maxAge": 1}, "incomeStatementHistory": {"incomeStatementHistory": [{"maxAge": 1, "endDate": "2020-03-31", "totalRevenue": 44254400000, "costOfRevenue": 30347900000, "grossProfit": 13906500000, "researchDevelopment": {}, "sellingGeneralAdministrative": 6700000, "nonRecurring": {}, "otherOperatingExpenses": 858200000, "totalOperatingExpenses": 37925500000, "operatingIncome": 6328900000, "totalOtherIncomeExpenseNet": -2512500000, "ebit": 6328900000, "interestExpense": -3631992000, "incomeBeforeTax": 3816400000, "incomeTaxExpense": 451600000, "minorityInterest": {}, "netIncomeFromContinuingOps": 3364800000, "discontinuedOperations": {}, "extraordinaryItems": {}, "effectOfAccountingCharges": {}, "otherItems": {}, "netIncome": 3364800000, "netIncomeApplicableToCommonShares": 3364800000}, {"maxAge": 1, "endDate": "2019-03-31", "totalRevenue": 38728500000, "costOfRevenue": 29805300000, "grossProfit": 8923200000, "researchDevelopment": {}, "sellingGeneralAdministrative": 35700000, "nonRecurring": {}, "otherOperatingExpenses": 1113900000, "totalOperatingExpenses": 37539500000, "operatingIncome": 1189000000, "totalOtherIncomeExpenseNet": -1344200000, "ebit": 1189000000, "interestExpense": -3575318000, "incomeBeforeTax": -155200000, "incomeTaxExpense": 471400000, "minorityInterest": {}, "netIncomeFromContinuingOps": -626600000, "discontinuedOperations": {}, "extraordinaryItems": {}, "effectOfAccountingCharges": {}, "otherItems": {}, "netIncome": -626600000, "netIncomeApplicableToCommonShares": -626600000}, {"maxAge": 1, "endDate": "2018-03-31", "totalRevenue": 34694700000, "costOfRevenue": 27097300000, "grossProfit": 7597400000, "researchDevelopment": {}, "sellingGeneralAdministrative": 36600000, "nonRecurring": {}, "otherOperatingExpenses": 778000000, "totalOperatingExpenses": 34014400000, "operatingIncome": 680300000, "totalOtherIncomeExpenseNet": 142000000, "ebit": 680300000, "interestExpense": -1657100000, "incomeBeforeTax": 822300000, "incomeTaxExpense": -2242700000, "minorityInterest": {}, "netIncomeFromContinuingOps": 3065000000, "discontinuedOperations": {}, "extraordinaryItems": {}, "effectOfAccountingCharges": {}, "otherItems": {}, "netIncome": 3065000000, "netIncomeApplicableToCommonShares": 3065000000}, {"maxAge": 1, "endDate": "2017-03-31", "totalRevenue": 34473500000, "costOfRevenue": 25961300000, "grossProfit": 8512200000, "researchDevelopment": {}, "sellingGeneralAdministrative": 71000000, "nonRecurring": {}, "otherOperatingExpenses": 646300000, "totalOperatingExpenses": 32339300000, "operatingIncome": 2134200000, "totalOtherIncomeExpenseNet": 124400000, "ebit": 2134200000, "interestExpense": -1706300000, "incomeBeforeTax": 2258600000, "incomeTaxExpense": 434800000, "minorityInterest": {}, "netIncomeFromContinuingOps": 1823800000, "discontinuedOperations": {}, "extraordinaryItems": {}, "effectOfAccountingCharges": {}, "otherItems": {}, "netIncome": 1823800000, "netIncomeApplicableToCommonShares": 1823800000}], "maxAge": 86400}, "fundOwnership": {"ownershipList": [{"maxAge": 1, "reportDate": "2020-07-31", "organization": "DFA Emerging Markets Core Equity Portfolio", "pctHeld": 0.0027, "position": 1269001, "value": 68462603}, {"maxAge": 1, "reportDate": "2020-07-31", "organization": "DFA Investment Dimensions-DFA Emerging Mkts Value", "pctHeld": 0.0022, "position": 1037380, "value": 55966651}, {"maxAge": 1, "reportDate": "2020-07-31", "organization": "DFA Emerging Markets Small Cap Series", "pctHeld": 0.0015, "position": 706692, "value": 38126033}, {"maxAge": 1, "reportDate": "2020-07-31", "organization": "DFA Investment Dimensions-World Ex U.S. Core Equity Port", "pctHeld": 0.0001, "position": 59327, "value": 3200691}, {"maxAge": 1, "reportDate": "2020-07-31", "organization": "DFA Investment Dimensions-Emerging Markets Social Core Equity", "pctHeld": 0.0001, "position": 49571, "value": 2674355}, {"maxAge": 1, "reportDate": "2020-07-31", "organization": "DFA T.A. World Ex U.S. Core Equity Portfolio", "pctHeld": 0.0001, "position": 48621, "value": 2623102}], "maxAge": 1}, "summaryDetail": {"maxAge": 1, "priceHint": 2, "previousClose": 103.65, "open": 103.1, "dayLow": 102.5, "dayHigh": 107.2, "regularMarketPreviousClose": 103.65, "regularMarketOpen": 103.1, "regularMarketDayLow": 102.5, "regularMarketDayHigh": 107.2, "trailingPE": 6.937625, "forwardPE": 12.987577, "volume": 253525, "regularMarketVolume": 253525, "averageVolume": 343702, "averageVolume10days": 160973, "averageDailyVolume10Day": 160973, "bid": 104.45, "ask": 104.55, "bidSize": 0, "askSize": 0, "marketCap": 48699289600, "fiftyTwoWeekLow": 31.65, "fiftyTwoWeekHigh": 107.2, "fiftyDayAverage": 86.643936, "twoHundredDayAverage": 64.26728, "trailingAnnualDividendRate": 0.75, "trailingAnnualDividendYield": 0.00723589, "currency": "INR", "fromCurrency": null, "lastMarket": null, "algorithm": null, "tradeable": false}, "sectorTrend": {"maxAge": 1, "symbol": null, "estimates": []}, "incomeStatementHistoryQuarterly": {"incomeStatementHistory": [{"maxAge": 1, "endDate": "2020-06-30", "totalRevenue": 11434600000, "costOfRevenue": 6105500000, "grossProfit": 5329100000, "researchDevelopment": {}, "sellingGeneralAdministrative": {}, "nonRecurring": {}, "otherOperatingExpenses": 276900000, "totalOperatingExpenses": 7970300000, "operatingIncome": 3464300000, "totalOtherIncomeExpenseNet": 45400000, "ebit": 3464300000, "interestExpense": -498200000, "incomeBeforeTax": 3509700000, "incomeTaxExpense": 141000000, "minorityInterest": {}, "netIncomeFromContinuingOps": 3368700000, "discontinuedOperations": {}, "extraordinaryItems": {}, "effectOfAccountingCharges": {}, "otherItems": {}, "netIncome": 3368700000, "netIncomeApplicableToCommonShares": 3368700000}, {"maxAge": 1, "endDate": "2020-03-31", "totalRevenue": 12365300000, "costOfRevenue": 8197700000, "grossProfit": 4167600000, "researchDevelopment": {}, "sellingGeneralAdministrative": 6700000, "nonRecurring": {}, "otherOperatingExpenses": 166700000, "totalOperatingExpenses": 10011700000, "operatingIncome": 2353600000, "totalOtherIncomeExpenseNet": -1305600000, "ebit": 2353600000, "interestExpense": -1997292000, "incomeBeforeTax": 1048000000, "incomeTaxExpense": -62400000, "minorityInterest": {}, "netIncomeFromContinuingOps": 1110400000, "discontinuedOperations": {}, "extraordinaryItems": {}, "effectOfAccountingCharges": {}, "otherItems": {}, "netIncome": 1110400000, "netIncomeApplicableToCommonShares": 1110400000}, {"maxAge": 1, "endDate": "2019-12-31", "totalRevenue": 12576100000, "costOfRevenue": 7209300000, "grossProfit": 5366800000, "researchDevelopment": {}, "sellingGeneralAdministrative": 6700000, "nonRecurring": {}, "otherOperatingExpenses": 166400000, "totalOperatingExpenses": 9074300000, "operatingIncome": 3501800000, "totalOtherIncomeExpenseNet": -365300000, "ebit": 3501800000, "interestExpense": -484800000, "incomeBeforeTax": 3136500000, "incomeTaxExpense": 184000000, "minorityInterest": {}, "netIncomeFromContinuingOps": 2952500000, "discontinuedOperations": {}, "extraordinaryItems": {}, "effectOfAccountingCharges": {}, "otherItems": {}, "netIncome": 2952500000, "netIncomeApplicableToCommonShares": 2952500000}, {"maxAge": 1, "endDate": "2019-09-30", "totalRevenue": 9983100000, "costOfRevenue": 7632300000, "grossProfit": 2350800000, "researchDevelopment": {}, "sellingGeneralAdministrative": 6700000, "nonRecurring": {}, "otherOperatingExpenses": 215000000, "totalOperatingExpenses": 9526200000, "operatingIncome": 456900000, "totalOtherIncomeExpenseNet": -706000000, "ebit": 456900000, "interestExpense": -557300000, "incomeBeforeTax": -249100000, "incomeTaxExpense": 160000000, "minorityInterest": {}, "netIncomeFromContinuingOps": -409100000, "discontinuedOperations": {}, "extraordinaryItems": {}, "effectOfAccountingCharges": {}, "otherItems": {}, "netIncome": -409100000, "netIncomeApplicableToCommonShares": -409100000}], "maxAge": 86400}, "cashflowStatementHistoryQuarterly": {"cashflowStatements": [{"maxAge": 1, "endDate": "2020-06-30", "netIncome": 3368700000, "changeToLiabilities": 0}, {"maxAge": 1, "endDate": "2020-03-31", "netIncome": 1110400000, "changeToLiabilities": 0}, {"maxAge": 1, "endDate": "2019-12-31", "netIncome": 2952500000, "changeToLiabilities": 0}, {"maxAge": 1, "endDate": "2019-09-30", "netIncome": -409100000, "changeToLiabilities": 0}], "maxAge": 86400}, "insiderHolders": {"holders": [{"maxAge": 1, "name": "Life Insurance Corporation of India", "relation": "Institution- Corporation", "url": "", "transactionDescription": "Sale", "latestTransDate": "2020-10-21", "positionDirect": 46822738, "positionDirectDate": "2020-10-21"}], "maxAge": 1}, "earnings": {"maxAge": 86400, "earningsChart": {"quarterly": [], "earningsDate": ["2020-02-04 05:30:S"]}, "financialsChart": {"yearly": [{"date": 2017, "revenue": 34473500000, "earnings": 1823800000}, {"date": 2018, "revenue": 34694700000, "earnings": 3065000000}, {"date": 2019, "revenue": 38728500000, "earnings": -626600000}, {"date": 2020, "revenue": 44254400000, "earnings": 3364800000}], "quarterly": [{"date": "3Q2019", "revenue": 9983100000, "earnings": -409100000}, {"date": "4Q2019", "revenue": 12576100000, "earnings": 2952500000}, {"date": "1Q2020", "revenue": 12365300000, "earnings": 1110400000}, {"date": "2Q2020", "revenue": 11434600000, "earnings": 3368700000}]}, "financialCurrency": "INR"}, "calendarEvents": {"maxAge": 1, "earnings": {"earningsDate": ["2020-02-04 05:30:S"]}}, "upgradeDowngradeHistory": {"history": [], "maxAge": 86400}, "price": {"maxAge": 1, "regularMarketChangePercent": 0.008683083, "regularMarketChange": 0.9000015, "regularMarketTime": "2021-04-30 15:52:14", "priceHint": 2, "regularMarketPrice": 104.55, "regularMarketDayHigh": 107.2, "regularMarketDayLow": 102.5, "regularMarketVolume": 253525, "averageDailyVolume10Day": 160973, "averageDailyVolume3Month": 343702, "regularMarketPreviousClose": 103.65, "regularMarketSource": "FREE_REALTIME", "regularMarketOpen": 103.1, "exchange": "BSE", "exchangeName": "BSE", "exchangeDataDelayedBy": 0, "marketState": "CLOSED", "quoteType": "EQUITY", "symbol": "SCI.BO", "underlyingSymbol": null, "shortName": "SHIPPING CORPORATION OF INDIA", "longName": "The Shipping Corporation of India Limited", "currency": "INR", "quoteSourceName": "Delayed Quote", "currencySymbol": "\u20b9", "fromCurrency": null, "lastMarket": null, "marketCap": 48699289600}, "balanceSheetHistory": {"balanceSheetStatements": [{"maxAge": 1, "endDate": "2020-03-31", "cash": 2447800000, "shortTermInvestments": 100000, "netReceivables": 12752600000, "inventory": 1313800000, "otherCurrentAssets": 7855400000, "totalCurrentAssets": 24420000000, "longTermInvestments": 2984200000, "propertyPlantEquipment": 106545100000, "intangibleAssets": 14600000, "otherAssets": 5222100000, "totalAssets": 139186000000, "accountsPayable": 9556000000, "shortLongTermDebt": 10773900000, "otherCurrentLiab": 3364000000, "longTermDebt": 16773800000, "otherLiab": 1405300000, "totalCurrentLiabilities": 45930800000, "totalLiab": 64349400000, "commonStock": 4658000000, "retainedEarnings": 64067000000, "treasuryStock": 893900000, "capitalSurplus": 5217700000, "otherStockholderEquity": 893900000, "totalStockholderEquity": 74836600000, "netTangibleAssets": 74822000000}, {"maxAge": 1, "endDate": "2019-03-31", "cash": 953800000, "shortTermInvestments": 100000, "netReceivables": 14127000000, "inventory": 1597900000, "otherCurrentAssets": 10186300000, "totalCurrentAssets": 26929100000, "longTermInvestments": 2792800000, "propertyPlantEquipment": 111241900000, "intangibleAssets": 25300000, "otherAssets": 2577800000, "totalAssets": 143566900000, "accountsPayable": 12727000000, "shortLongTermDebt": 11633100000, "otherCurrentLiab": 3072600000, "longTermDebt": 25266600000, "otherLiab": 1555000000, "totalCurrentLiabilities": 44913000000, "totalLiab": 71734600000, "commonStock": 4658000000, "retainedEarnings": 60556000000, "treasuryStock": 1400600000, "capitalSurplus": 5217700000, "otherStockholderEquity": 1400600000, "totalStockholderEquity": 71832300000, "netTangibleAssets": 71807000000}, {"maxAge": 1, "endDate": "2018-03-31", "cash": 2417900000, "shortTermInvestments": 100000, "netReceivables": 13398100000, "inventory": 1165300000, "otherCurrentAssets": 9321900000, "totalCurrentAssets": 26901000000, "longTermInvestments": 2134800000, "propertyPlantEquipment": 113552900000, "intangibleAssets": 5200000, "otherAssets": 2468500000, "totalAssets": 145062400000, "accountsPayable": 9836600000, "shortLongTermDebt": 10043900000, "otherCurrentLiab": 3827100000, "longTermDebt": 33065700000, "otherLiab": 1949300000, "totalCurrentLiabilities": 37694900000, "totalLiab": 72709900000, "commonStock": 4658000000, "retainedEarnings": 61126100000, "treasuryStock": 1350700000, "capitalSurplus": 5217700000, "otherStockholderEquity": 1350700000, "totalStockholderEquity": 72352500000, "netTangibleAssets": 72347300000}, {"maxAge": 1, "endDate": "2017-03-31", "cash": 5712700000, "netReceivables": 11382900000, "inventory": 1152100000, "otherCurrentAssets": 9069300000, "totalCurrentAssets": 27357300000, "longTermInvestments": 1363400000, "propertyPlantEquipment": 114379500000, "intangibleAssets": 600000, "otherAssets": 2384700000, "totalAssets": 145485500000, "accountsPayable": 11515600000, "shortLongTermDebt": 14404600000, "otherCurrentLiab": 3940700000, "longTermDebt": 30776300000, "otherLiab": 4743400000, "totalCurrentLiabilities": 41024700000, "totalLiab": 76544400000, "commonStock": 4658000000, "retainedEarnings": 58041500000, "treasuryStock": 1023900000, "capitalSurplus": 5217700000, "otherStockholderEquity": 1023900000, "totalStockholderEquity": 68941100000, "netTangibleAssets": 68940500000}], "maxAge": 86400}, "earningsTrend": {"trend": [{"maxAge": 1, "period": "0q", "endDate": null, "growth": {}, "earningsEstimate": {"avg": 0.0, "low": 0.0, "high": 0.0, "yearAgoEps": {}, "numberOfAnalysts": 0, "growth": {}}, "revenueEstimate": {"avg": 0, "low": 0, "high": 0, "numberOfAnalysts": 0, "yearAgoRevenue": {}, "growth": {}}, "epsTrend": {"current": 0.0, "7daysAgo": 0.0, "30daysAgo": 0.0, "60daysAgo": 0.0, "90daysAgo": 0.0}, "epsRevisions": {"upLast7days": 0, "upLast30days": 0, "downLast30days": 0, "downLast90days": {}}}, {"maxAge": 1, "period": "+1q", "endDate": null, "growth": {}, "earningsEstimate": {"avg": 0.0, "low": 0.0, "high": 0.0, "yearAgoEps": {}, "numberOfAnalysts": 0, "growth": {}}, "revenueEstimate": {"avg": 0, "low": 0, "high": 0, "numberOfAnalysts": 0, "yearAgoRevenue": {}, "growth": {}}, "epsTrend": {"current": 0.0, "7daysAgo": 0.0, "30daysAgo": 0.0, "60daysAgo": 0.0, "90daysAgo": 0.0}, "epsRevisions": {"upLast7days": 0, "upLast30days": 0, "downLast30days": 0, "downLast90days": {}}}, {"maxAge": 1, "period": "0y", "endDate": null, "growth": {}, "earningsEstimate": {"avg": 0.0, "low": 0.0, "high": 0.0, "yearAgoEps": {}, "numberOfAnalysts": 0, "growth": {}}, "revenueEstimate": {"avg": 0, "low": 0, "high": 0, "numberOfAnalysts": 0, "yearAgoRevenue": {}, "growth": {}}, "epsTrend": {"current": 0.0, "7daysAgo": 0.0, "30daysAgo": 0.0, "60daysAgo": 0.0, "90daysAgo": 0.0}, "epsRevisions": {"upLast7days": 0, "upLast30days": 0, "downLast30days": 0, "downLast90days": {}}}, {"maxAge": 1, "period": "+1y", "endDate": null, "growth": {}, "earningsEstimate": {"avg": 0.0, "low": 0.0, "high": 0.0, "yearAgoEps": {}, "numberOfAnalysts": 0, "growth": {}}, "revenueEstimate": {"avg": 0, "low": 0, "high": 0, "numberOfAnalysts": 0, "yearAgoRevenue": {}, "growth": {}}, "epsTrend": {"current": 0.0, "7daysAgo": 0.0, "30daysAgo": 0.0, "60daysAgo": 0.0, "90daysAgo": 0.0}, "epsRevisions": {"upLast7days": 0, "upLast30days": 0, "downLast30days": 0, "downLast90days": {}}}, {"maxAge": 1, "period": "+5y", "endDate": null, "growth": {}, "earningsEstimate": {"avg": {}, "low": {}, "high": {}, "yearAgoEps": {}, "numberOfAnalysts": {}, "growth": {}}, "revenueEstimate": {"avg": {}, "low": {}, "high": {}, "numberOfAnalysts": {}, "yearAgoRevenue": {}, "growth": {}}, "epsTrend": {"current": {}, "7daysAgo": {}, "30daysAgo": {}, "60daysAgo": {}, "90daysAgo": {}}, "epsRevisions": {"upLast7days": {}, "upLast30days": {}, "downLast30days": {}, "downLast90days": {}}}, {"maxAge": 1, "period": "-5y", "endDate": null, "growth": {}, "earningsEstimate": {"avg": {}, "low": {}, "high": {}, "yearAgoEps": {}, "numberOfAnalysts": {}, "growth": {}}, "revenueEstimate": {"avg": {}, "low": {}, "high": {}, "numberOfAnalysts": {}, "yearAgoRevenue": {}, "growth": {}}, "epsTrend": {"current": {}, "7daysAgo": {}, "30daysAgo": {}, "60daysAgo": {}, "90daysAgo": {}}, "epsRevisions": {"upLast7days": {}, "upLast30days": {}, "downLast30days": {}, "downLast90days": {}}}], "maxAge": 1}, "financialData": {"maxAge": 86400, "currentPrice": 104.55, "targetHighPrice": 80.0, "targetLowPrice": 80.0, "targetMeanPrice": 80.0, "targetMedianPrice": 80.0, "recommendationKey": "none", "numberOfAnalystOpinions": 1, "grossProfits": 13906500000, "financialCurrency": "INR"}}}