{"SCOOTER.BO": {"recommendationTrend": {"trend": [{"period": "0m", "strongBuy": 0, "buy": 0, "hold": 0, "sell": 0, "strongSell": 0}, {"period": "-1m", "strongBuy": 0, "buy": 0, "hold": 0, "sell": 0, "strongSell": 0}, {"period": "-2m", "strongBuy": 0, "buy": 0, "hold": 0, "sell": 0, "strongSell": 0}, {"period": "-3m", "strongBuy": 0, "buy": 0, "hold": 0, "sell": 0, "strongSell": 0}], "maxAge": 86400}, "cashflowStatementHistory": {"cashflowStatements": [{"maxAge": 1, "endDate": "2020-03-31", "netIncome": -157251000, "depreciation": 20697000, "changeToNetincome": -18070000, "changeToAccountReceivables": 3818000, "changeToLiabilities": -52612000, "changeToInventory": 230689000, "changeToOperatingActivities": -3711000, "totalCashFromOperatingActivities": 23560000, "investments": -64389000, "otherCashflowsFromInvestingActivities": 19484000, "totalCashflowsFromInvestingActivities": -41869000, "changeInCash": -18308000}, {"maxAge": 1, "endDate": "2019-03-31", "netIncome": -46326000, "depreciation": 19330000, "changeToNetincome": -25724000, "changeToAccountReceivables": -615000, "changeToLiabilities": 26693000, "changeToInventory": -62564000, "changeToOperatingActivities": -1843000, "totalCashFromOperatingActivities": -91049000, "capitalExpenditures": -7240000, "investments": -15604000, "otherCashflowsFromInvestingActivities": 20944000, "totalCashflowsFromInvestingActivities": -1859000, "netBorrowings": -18900000, "changeInCash": -92908000, "issuanceOfStock": 18900000}, {"maxAge": 1, "endDate": "2018-03-31", "netIncome": -186222000, "depreciation": 17516000, "changeToNetincome": -49865000, "changeToAccountReceivables": -4360000, "changeToLiabilities": -67008000, "changeToInventory": 192563000, "changeToOperatingActivities": 87551000, "totalCashFromOperatingActivities": -9825000, "capitalExpenditures": -136975000, "investments": 186003000, "otherCashflowsFromInvestingActivities": 16936000, "totalCashflowsFromInvestingActivities": 65964000, "netBorrowings": -127575000, "otherCashflowsFromFinancingActivities": -5917000, "totalCashFromFinancingActivities": -133492000, "changeInCash": -77353000, "issuanceOfStock": 18900000}, {"maxAge": 1, "endDate": "2017-03-31", "netIncome": -90521000, "depreciation": 16428000, "changeToNetincome": -28162000, "changeToAccountReceivables": 1082000, "changeToLiabilities": -55545000, "changeToInventory": 145248000, "changeToOperatingActivities": -50012000, "totalCashFromOperatingActivities": -61482000, "capitalExpenditures": -2829000, "investments": -23888000, "otherCashflowsFromInvestingActivities": 37622000, "totalCashflowsFromInvestingActivities": 10905000, "netBorrowings": -1027000, "otherCashflowsFromFinancingActivities": -5586000, "totalCashFromFinancingActivities": -6613000, "changeInCash": -57190000, "issuanceOfStock": 18900000}], "maxAge": 86400}, "institutionOwnership": {"maxAge": 1, "ownershipList": []}, "balanceSheetHistoryQuarterly": {"balanceSheetStatements": [{"maxAge": 1, "endDate": "2020-06-30", "totalStockholderEquity": 500229000, "netTangibleAssets": 500229000}, {"maxAge": 1, "endDate": "2020-03-31", "cash": 9850000, "shortTermInvestments": 223428000, "netReceivables": 10318000, "inventory": 299051000, "otherCurrentAssets": 88731000, "totalCurrentAssets": 631378000, "propertyPlantEquipment": 196630000, "otherAssets": 21442000, "totalAssets": 849450000, "accountsPayable": 62859000, "shortLongTermDebt": 40000000, "otherCurrentLiab": 70534000, "longTermDebt": 120000000, "otherLiab": 50543000, "totalCurrentLiabilities": 178414000, "totalLiab": 349221000, "commonStock": 872723000, "retainedEarnings": -373000000, "treasuryStock": 506000, "otherStockholderEquity": 506000, "totalStockholderEquity": 500229000, "netTangibleAssets": 500229000}, {"maxAge": 1, "endDate": "2019-12-31", "totalStockholderEquity": 558563000, "netTangibleAssets": 558563000}, {"maxAge": 1, "endDate": "2019-09-30", "cash": 184419000, "netReceivables": 3924000, "inventory": 411839000, "otherCurrentAssets": 105821000, "totalCurrentAssets": 706003000, "propertyPlantEquipment": 207504000, "otherAssets": 19467000, "totalAssets": 932974000, "accountsPayable": 74242000, "shortLongTermDebt": 40000000, "otherCurrentLiab": 90675000, "longTermDebt": 120000000, "otherLiab": 49494000, "totalCurrentLiabilities": 204917000, "totalLiab": 374411000, "commonStock": 872739000, "retainedEarnings": -314666000, "treasuryStock": 490000, "otherStockholderEquity": 490000, "totalStockholderEquity": 558563000, "netTangibleAssets": 558563000}], "maxAge": 86400}, "earningsHistory": {"history": [{"maxAge": 1, "epsActual": {}, "epsEstimate": {}, "epsDifference": {}, "surprisePercent": {}, "quarter": {}, "period": "-4q"}, {"maxAge": 1, "epsActual": {}, "epsEstimate": {}, "epsDifference": {}, "surprisePercent": {}, "quarter": {}, "period": "-3q"}, {"maxAge": 1, "epsActual": {}, "epsEstimate": {}, "epsDifference": {}, "surprisePercent": {}, "quarter": {}, "period": "-2q"}, {"maxAge": 1, "epsActual": {}, "epsEstimate": {}, "epsDifference": {}, "surprisePercent": {}, "quarter": {}, "period": "-1q"}], "maxAge": 86400}, "indexTrend": {"maxAge": 1, "symbol": "SP5", "peRatio": 19.7411, "pegRatio": 1.34172, "estimates": [{"period": "0q", "growth": 0.549}, {"period": "+1q", "growth": 0.431}, {"period": "0y", "growth": 0.305}, {"period": "+1y", "growth": 0.109}, {"period": "+5y", "growth": 0.120859005}, {"period": "-5y"}]}, "industryTrend": {"maxAge": 1, "symbol": null, "estimates": []}, "quoteType": {"exchange": "BSE", "quoteType": "EQUITY", "symbol": "SCOOTER.BO", "underlyingSymbol": "SCOOTER.BO", "shortName": "SCOOTERS INDIA LTD.", "longName": "Scooters India Limited", "firstTradeDateEpochUtc": "2000-01-03 09:15:00", "timeZoneFullName": "Asia/Kolkata", "timeZoneShortName": "IST", "uuid": "867e19c7-5f38-3d49-9b46-6bbcefd6e5b1", "messageBoardId": null, "gmtOffSetMilliseconds": 19800000, "maxAge": 1}, "incomeStatementHistory": {"incomeStatementHistory": [{"maxAge": 1, "endDate": "2020-03-31", "totalRevenue": 720065000, "costOfRevenue": 559746000, "grossProfit": 160319000, "researchDevelopment": {}, "sellingGeneralAdministrative": 225400000, "nonRecurring": {}, "otherOperatingExpenses": 84166000, "totalOperatingExpenses": 890009000, "operatingIncome": -169944000, "totalOtherIncomeExpenseNet": 12693000, "ebit": -169944000, "interestExpense": {}, "incomeBeforeTax": -157251000, "incomeTaxExpense": 0, "minorityInterest": {}, "netIncomeFromContinuingOps": -157251000, "discontinuedOperations": {}, "extraordinaryItems": {}, "effectOfAccountingCharges": {}, "otherItems": {}, "netIncome": -157251000, "netIncomeApplicableToCommonShares": -157251000}, {"maxAge": 1, "endDate": "2019-03-31", "totalRevenue": 638520000, "costOfRevenue": 394009000, "grossProfit": 244511000, "researchDevelopment": {}, "sellingGeneralAdministrative": 226241000, "nonRecurring": {}, "otherOperatingExpenses": 61316000, "totalOperatingExpenses": 700896000, "operatingIncome": -62376000, "totalOtherIncomeExpenseNet": 16050000, "ebit": -62376000, "interestExpense": {}, "incomeBeforeTax": -46326000, "incomeTaxExpense": 0, "minorityInterest": {}, "netIncomeFromContinuingOps": -46326000, "discontinuedOperations": {}, "extraordinaryItems": {}, "effectOfAccountingCharges": {}, "otherItems": {}, "netIncome": -46326000, "netIncomeApplicableToCommonShares": -46326000}, {"maxAge": 1, "endDate": "2018-03-31", "totalRevenue": 504595000, "costOfRevenue": 451416000, "grossProfit": 53179000, "researchDevelopment": {}, "sellingGeneralAdministrative": 235996000, "nonRecurring": {}, "otherOperatingExpenses": -3092000, "totalOperatingExpenses": 701836000, "operatingIncome": -197241000, "totalOtherIncomeExpenseNet": 11019000, "ebit": -197241000, "interestExpense": -5917000, "incomeBeforeTax": -186222000, "incomeTaxExpense": 0, "minorityInterest": {}, "netIncomeFromContinuingOps": -186222000, "discontinuedOperations": {}, "extraordinaryItems": {}, "effectOfAccountingCharges": {}, "otherItems": {}, "netIncome": -186222000, "netIncomeApplicableToCommonShares": -186222000}, {"maxAge": 1, "endDate": "2017-03-31", "totalRevenue": 964433000, "costOfRevenue": 662923000, "grossProfit": 301510000, "researchDevelopment": {}, "sellingGeneralAdministrative": 313850000, "nonRecurring": {}, "otherOperatingExpenses": 88690000, "totalOperatingExpenses": 1081891000, "operatingIncome": -117458000, "totalOtherIncomeExpenseNet": 29536000, "ebit": -117458000, "interestExpense": -8086000, "incomeBeforeTax": -87922000, "incomeTaxExpense": 2599000, "minorityInterest": {}, "netIncomeFromContinuingOps": -90521000, "discontinuedOperations": {}, "extraordinaryItems": {}, "effectOfAccountingCharges": {}, "otherItems": {}, "netIncome": -90521000, "netIncomeApplicableToCommonShares": -90521000}], "maxAge": 86400}, "fundOwnership": {"maxAge": 1, "ownershipList": []}, "summaryDetail": {"maxAge": 1, "priceHint": 2, "previousClose": 34.2, "open": 34.9, "dayLow": 33.75, "dayHigh": 34.9, "regularMarketPreviousClose": 34.2, "regularMarketOpen": 34.9, "regularMarketDayLow": 33.75, "regularMarketDayHigh": 34.9, "volume": 693, "regularMarketVolume": 693, "averageVolume": 6613, "averageVolume10days": 6911, "averageDailyVolume10Day": 6911, "bid": 34.0, "ask": 34.6, "bidSize": 0, "askSize": 0, "marketCap": 2967258368, "fiftyTwoWeekLow": 14.25, "fiftyTwoWeekHigh": 48.7, "fiftyDayAverage": 32.374287, "twoHundredDayAverage": 32.78905, "currency": "INR", "fromCurrency": null, "toCurrency": null, "lastMarket": null, "algorithm": null, "tradeable": false}, "sectorTrend": {"maxAge": 1, "symbol": null, "estimates": []}, "incomeStatementHistoryQuarterly": {"incomeStatementHistory": [{"maxAge": 1, "endDate": "2020-06-30", "totalRevenue": 4375000, "costOfRevenue": 13261000, "grossProfit": -8886000, "researchDevelopment": {}, "sellingGeneralAdministrative": 38924000, "nonRecurring": {}, "otherOperatingExpenses": 7516000, "totalOperatingExpenses": 65124000, "operatingIncome": -60749000, "totalOtherIncomeExpenseNet": 3759000, "ebit": -60749000, "interestExpense": {}, "incomeBeforeTax": -56990000, "incomeTaxExpense": 0, "minorityInterest": {}, "netIncomeFromContinuingOps": -56990000, "discontinuedOperations": {}, "extraordinaryItems": {}, "effectOfAccountingCharges": {}, "otherItems": {}, "netIncome": -56990000, "netIncomeApplicableToCommonShares": -56990000}, {"maxAge": 1, "endDate": "2020-03-31", "totalRevenue": 206264000, "costOfRevenue": 162794000, "grossProfit": 43470000, "researchDevelopment": {}, "sellingGeneralAdministrative": 77192000, "nonRecurring": {}, "otherOperatingExpenses": -1405000, "totalOperatingExpenses": 244734000, "operatingIncome": -38470000, "totalOtherIncomeExpenseNet": 3197000, "ebit": -38470000, "interestExpense": {}, "incomeBeforeTax": -35273000, "incomeTaxExpense": 0, "minorityInterest": {}, "netIncomeFromContinuingOps": -35273000, "discontinuedOperations": {}, "extraordinaryItems": {}, "effectOfAccountingCharges": {}, "otherItems": {}, "netIncome": -35273000, "netIncomeApplicableToCommonShares": -35273000}, {"maxAge": 1, "endDate": "2019-12-31", "totalRevenue": 200160000, "costOfRevenue": 132580000, "grossProfit": 67580000, "researchDevelopment": {}, "sellingGeneralAdministrative": 48660000, "nonRecurring": {}, "otherOperatingExpenses": 38730000, "totalOperatingExpenses": 224820000, "operatingIncome": -24660000, "totalOtherIncomeExpenseNet": 3310000, "ebit": -24660000, "interestExpense": {}, "incomeBeforeTax": -21350000, "incomeTaxExpense": 0, "minorityInterest": {}, "netIncomeFromContinuingOps": -21350000, "discontinuedOperations": {}, "extraordinaryItems": {}, "effectOfAccountingCharges": {}, "otherItems": {}, "netIncome": -21350000, "netIncomeApplicableToCommonShares": -21350000}, {"maxAge": 1, "endDate": "2019-09-30", "totalRevenue": 176721000, "costOfRevenue": 145605000, "grossProfit": 31116000, "researchDevelopment": {}, "sellingGeneralAdministrative": 48160000, "nonRecurring": {}, "otherOperatingExpenses": 15455000, "totalOperatingExpenses": 214067000, "operatingIncome": -37346000, "totalOtherIncomeExpenseNet": 3203000, "ebit": -37346000, "interestExpense": {}, "incomeBeforeTax": -34143000, "incomeTaxExpense": 0, "minorityInterest": {}, "netIncomeFromContinuingOps": -34143000, "discontinuedOperations": {}, "extraordinaryItems": {}, "effectOfAccountingCharges": {}, "otherItems": {}, "netIncome": -34143000, "netIncomeApplicableToCommonShares": -34143000}], "maxAge": 86400}, "cashflowStatementHistoryQuarterly": {"cashflowStatements": [{"maxAge": 1, "endDate": "2020-06-30", "netIncome": -56990000, "changeToLiabilities": 0}, {"maxAge": 1, "endDate": "2020-03-31", "netIncome": -35273000, "changeToLiabilities": 0}, {"maxAge": 1, "endDate": "2019-12-31", "netIncome": -21350000, "changeToLiabilities": 0}, {"maxAge": 1, "endDate": "2019-09-30", "netIncome": -34143000, "changeToLiabilities": 0}], "maxAge": 86400}, "insiderHolders": {"holders": [], "maxAge": 1}, "earnings": {"maxAge": 86400, "earningsChart": {"quarterly": [], "earningsDate": ["2020-08-24 05:30:S"]}, "financialsChart": {"yearly": [{"date": 2017, "revenue": 964433000, "earnings": -90521000}, {"date": 2018, "revenue": 504595000, "earnings": -186222000}, {"date": 2019, "revenue": 638520000, "earnings": -46326000}, {"date": 2020, "revenue": 720065000, "earnings": -157251000}], "quarterly": [{"date": "3Q2019", "revenue": 176721000, "earnings": -34143000}, {"date": "4Q2019", "revenue": 200160000, "earnings": -21350000}, {"date": "1Q2020", "revenue": 206264000, "earnings": -35273000}, {"date": "2Q2020", "revenue": 4375000, "earnings": -56990000}]}, "financialCurrency": "INR"}, "calendarEvents": {"maxAge": 1, "earnings": {"earningsDate": ["2020-08-24 05:30:S"]}}, "price": {"maxAge": 1, "regularMarketChangePercent": -0.0058479756, "regularMarketChange": -0.20000076, "regularMarketTime": "2021-04-30 15:29:58", "priceHint": 2, "regularMarketPrice": 34.0, "regularMarketDayHigh": 34.9, "regularMarketDayLow": 33.75, "regularMarketVolume": 693, "averageDailyVolume10Day": 6911, "averageDailyVolume3Month": 6613, "regularMarketPreviousClose": 34.2, "regularMarketSource": "FREE_REALTIME", "regularMarketOpen": 34.9, "exchange": "BSE", "exchangeName": "BSE", "exchangeDataDelayedBy": 0, "marketState": "CLOSED", "quoteType": "EQUITY", "symbol": "SCOOTER.BO", "underlyingSymbol": null, "shortName": "SCOOTERS INDIA LTD.", "longName": "Scooters India Limited", "currency": "INR", "quoteSourceName": "Delayed Quote", "currencySymbol": "\u20b9", "fromCurrency": null, "toCurrency": null, "lastMarket": null, "marketCap": 2967258368}, "balanceSheetHistory": {"balanceSheetStatements": [{"maxAge": 1, "endDate": "2020-03-31", "cash": 9850000, "shortTermInvestments": 223428000, "netReceivables": 10318000, "inventory": 299051000, "otherCurrentAssets": 88731000, "totalCurrentAssets": 631378000, "propertyPlantEquipment": 196630000, "otherAssets": 21442000, "totalAssets": 849450000, "accountsPayable": 62859000, "shortLongTermDebt": 40000000, "otherCurrentLiab": 70534000, "longTermDebt": 120000000, "otherLiab": 50543000, "totalCurrentLiabilities": 178414000, "totalLiab": 349221000, "commonStock": 872723000, "retainedEarnings": -373000000, "treasuryStock": 506000, "otherStockholderEquity": 506000, "totalStockholderEquity": 500229000, "netTangibleAssets": 500229000}, {"maxAge": 1, "endDate": "2019-03-31", "cash": 28158000, "shortTermInvestments": 159239000, "netReceivables": 10938000, "inventory": 530165000, "otherCurrentAssets": 100794000, "totalCurrentAssets": 829294000, "propertyPlantEquipment": 220363000, "otherAssets": 23270000, "totalAssets": 1072927000, "accountsPayable": 115471000, "shortLongTermDebt": 40000000, "otherCurrentLiab": 80746000, "longTermDebt": 120000000, "otherLiab": 48760000, "totalCurrentLiabilities": 243173000, "totalLiab": 412433000, "commonStock": 872723000, "retainedEarnings": -212735000, "treasuryStock": 506000, "otherStockholderEquity": 506000, "totalStockholderEquity": 660494000, "netTangibleAssets": 660494000}, {"maxAge": 1, "endDate": "2018-03-31", "cash": 121066000, "shortTermInvestments": 82244000, "netReceivables": 4721000, "inventory": 467607000, "otherCurrentAssets": 173050000, "totalCurrentAssets": 848688000, "propertyPlantEquipment": 232526000, "otherAssets": 29083000, "totalAssets": 1110297000, "accountsPayable": 88910000, "shortLongTermDebt": 80000000, "otherCurrentLiab": 88725000, "longTermDebt": 98900000, "otherLiab": 43984000, "totalCurrentLiabilities": 269934000, "totalLiab": 413317000, "commonStock": 853823000, "retainedEarnings": -157349000, "treasuryStock": 506000, "otherStockholderEquity": 506000, "totalStockholderEquity": 696980000, "netTangibleAssets": 696980000}, {"maxAge": 1, "endDate": "2017-03-31", "cash": 198419000, "shortTermInvestments": 3729000, "netReceivables": 26950000, "inventory": 660548000, "otherCurrentAssets": 564760000, "totalCurrentAssets": 1454406000, "propertyPlantEquipment": 113067000, "otherAssets": 10764000, "totalAssets": 1578237000, "accountsPayable": 196090000, "shortLongTermDebt": 40000000, "otherCurrentLiab": 126335000, "longTermDebt": 138900000, "otherLiab": 46575000, "totalCurrentLiabilities": 508273000, "totalLiab": 694246000, "commonStock": 853823000, "retainedEarnings": 29662000, "treasuryStock": 506000, "otherStockholderEquity": 506000, "totalStockholderEquity": 883991000, "netTangibleAssets": 883991000}], "maxAge": 86400}, "earningsTrend": {"trend": [{"maxAge": 1, "period": "0q", "endDate": null, "growth": {}, "earningsEstimate": {"avg": 0.0, "low": 0.0, "high": 0.0, "yearAgoEps": {}, "numberOfAnalysts": 0, "growth": {}}, "revenueEstimate": {"avg": 0, "low": 0, "high": 0, "numberOfAnalysts": 0, "yearAgoRevenue": {}, "growth": {}}, "epsTrend": {"current": 0.0, "7daysAgo": 0.0, "30daysAgo": 0.0, "60daysAgo": 0.0, "90daysAgo": 0.0}, "epsRevisions": {"upLast7days": 0, "upLast30days": 0, "downLast30days": 0, "downLast90days": {}}}, {"maxAge": 1, "period": "+1q", "endDate": null, "growth": {}, "earningsEstimate": {"avg": 0.0, "low": 0.0, "high": 0.0, "yearAgoEps": {}, "numberOfAnalysts": 0, "growth": {}}, "revenueEstimate": {"avg": 0, "low": 0, "high": 0, "numberOfAnalysts": 0, "yearAgoRevenue": {}, "growth": {}}, "epsTrend": {"current": 0.0, "7daysAgo": 0.0, "30daysAgo": 0.0, "60daysAgo": 0.0, "90daysAgo": 0.0}, "epsRevisions": {"upLast7days": 0, "upLast30days": 0, "downLast30days": 0, "downLast90days": {}}}, {"maxAge": 1, "period": "0y", "endDate": null, "growth": {}, "earningsEstimate": {"avg": 0.0, "low": 0.0, "high": 0.0, "yearAgoEps": {}, "numberOfAnalysts": 0, "growth": {}}, "revenueEstimate": {"avg": 0, "low": 0, "high": 0, "numberOfAnalysts": 0, "yearAgoRevenue": {}, "growth": {}}, "epsTrend": {"current": 0.0, "7daysAgo": 0.0, "30daysAgo": 0.0, "60daysAgo": 0.0, "90daysAgo": 0.0}, "epsRevisions": {"upLast7days": 0, "upLast30days": 0, "downLast30days": 0, "downLast90days": {}}}, {"maxAge": 1, "period": "+1y", "endDate": null, "growth": {}, "earningsEstimate": {"avg": 0.0, "low": 0.0, "high": 0.0, "yearAgoEps": {}, "numberOfAnalysts": 0, "growth": {}}, "revenueEstimate": {"avg": 0, "low": 0, "high": 0, "numberOfAnalysts": 0, "yearAgoRevenue": {}, "growth": {}}, "epsTrend": {"current": 0.0, "7daysAgo": 0.0, "30daysAgo": 0.0, "60daysAgo": 0.0, "90daysAgo": 0.0}, "epsRevisions": {"upLast7days": 0, "upLast30days": 0, "downLast30days": 0, "downLast90days": {}}}, {"maxAge": 1, "period": "+5y", "endDate": null, "growth": {}, "earningsEstimate": {"avg": {}, "low": {}, "high": {}, "yearAgoEps": {}, "numberOfAnalysts": {}, "growth": {}}, "revenueEstimate": {"avg": {}, "low": {}, "high": {}, "numberOfAnalysts": {}, "yearAgoRevenue": {}, "growth": {}}, "epsTrend": {"current": {}, "7daysAgo": {}, "30daysAgo": {}, "60daysAgo": {}, "90daysAgo": {}}, "epsRevisions": {"upLast7days": {}, "upLast30days": {}, "downLast30days": {}, "downLast90days": {}}}, {"maxAge": 1, "period": "-5y", "endDate": null, "growth": {}, "earningsEstimate": {"avg": {}, "low": {}, "high": {}, "yearAgoEps": {}, "numberOfAnalysts": {}, "growth": {}}, "revenueEstimate": {"avg": {}, "low": {}, "high": {}, "numberOfAnalysts": {}, "yearAgoRevenue": {}, "growth": {}}, "epsTrend": {"current": {}, "7daysAgo": {}, "30daysAgo": {}, "60daysAgo": {}, "90daysAgo": {}}, "epsRevisions": {"upLast7days": {}, "upLast30days": {}, "downLast30days": {}, "downLast90days": {}}}], "maxAge": 1}, "financialData": {"maxAge": 86400, "currentPrice": 34.0, "recommendationKey": "none", "grossProfits": 160319000, "financialCurrency": "INR"}}}