{"SCPL.BO": {"cashflowStatementHistory": {"cashflowStatements": [{"maxAge": 1, "endDate": "2020-03-31", "netIncome": 98095000, "depreciation": 158630000, "changeToNetincome": 55928000, "changeToAccountReceivables": -157067000, "changeToLiabilities": 50453000, "changeToInventory": -117566000, "changeToOperatingActivities": 124779000, "totalCashFromOperatingActivities": 213252000, "capitalExpenditures": -270708000, "otherCashflowsFromInvestingActivities": -2017000, "totalCashflowsFromInvestingActivities": -251287000, "netBorrowings": 59773000, "otherCashflowsFromFinancingActivities": -46716000, "totalCashFromFinancingActivities": 13057000, "changeInCash": -24978000}, {"maxAge": 1, "endDate": "2019-03-31", "netIncome": 20683235, "depreciation": 104432387, "changeToNetincome": 5255610, "changeToAccountReceivables": -65268664, "changeToLiabilities": 31894726, "changeToInventory": -25909206, "changeToOperatingActivities": 121448382, "totalCashFromOperatingActivities": 192749162, "capitalExpenditures": -563615715, "otherCashflowsFromInvestingActivities": 478835, "totalCashflowsFromInvestingActivities": -421134827, "netBorrowings": 284923057, "otherCashflowsFromFinancingActivities": -34395920, "totalCashFromFinancingActivities": 250527137, "changeInCash": 22141471}, {"maxAge": 1, "endDate": "2018-03-31", "netIncome": 41077159, "depreciation": 69725902, "changeToNetincome": 21883632, "changeToAccountReceivables": -5708677, "changeToLiabilities": 130517823, "changeToInventory": -266074507, "changeToOperatingActivities": 5411582, "totalCashFromOperatingActivities": -3167086, "capitalExpenditures": -260215704, "otherCashflowsFromInvestingActivities": -6079720, "totalCashflowsFromInvestingActivities": -263568424, "netBorrowings": 36207244, "otherCashflowsFromFinancingActivities": -13588920, "totalCashFromFinancingActivities": 262618324, "changeInCash": -4117186, "issuanceOfStock": 240000000}, {"maxAge": 1, "endDate": "2017-03-31", "netIncome": 25210838, "depreciation": 37022584, "changeToNetincome": 8858402, "changeToAccountReceivables": -15352307, "changeToLiabilities": 128986861, "changeToInventory": -53806373, "changeToOperatingActivities": 8898525, "totalCashFromOperatingActivities": 139818529, "capitalExpenditures": -196298520, "otherCashflowsFromInvestingActivities": -257878, "totalCashflowsFromInvestingActivities": -196556398, "netBorrowings": 71766319, "otherCashflowsFromFinancingActivities": -5082268, "totalCashFromFinancingActivities": 66684051, "changeInCash": 9946183, "issuanceOfStock": 240000000}], "maxAge": 86400}, "institutionOwnership": {"ownershipList": [], "maxAge": 1}, "balanceSheetHistoryQuarterly": {"balanceSheetStatements": [{"maxAge": 1, "endDate": "2020-03-31", "cash": 5591000, "netReceivables": 277893000, "inventory": 508753000, "otherCurrentAssets": 411000, "totalCurrentAssets": 792648000, "longTermInvestments": 11645000, "propertyPlantEquipment": 920482000, "intangibleAssets": 1866000, "otherAssets": 5678000, "totalAssets": 1732319000, "accountsPayable": 355321000, "otherCurrentLiab": 32586000, "longTermDebt": 421228000, "otherLiab": 339430000, "totalCurrentLiabilities": 484662000, "totalLiab": 1245320000, "commonStock": 105000000, "treasuryStock": 381999000, "otherStockholderEquity": 381999000, "totalStockholderEquity": 486999000, "netTangibleAssets": 485133000}, {"maxAge": 1, "endDate": "2019-12-31", "cash": 5591000, "netReceivables": 277893000, "inventory": 508753000, "otherCurrentAssets": 411000, "totalCurrentAssets": 792648000, "longTermInvestments": 11645000, "propertyPlantEquipment": 920482000, "intangibleAssets": 1866000, "otherAssets": 5678000, "totalAssets": 1732319000, "accountsPayable": 355321000, "otherCurrentLiab": 32586000, "longTermDebt": 421228000, "otherLiab": 339430000, "totalCurrentLiabilities": 484662000, "totalLiab": 1245320000, "commonStock": 105000000, "treasuryStock": 381999000, "otherStockholderEquity": 381999000, "totalStockholderEquity": 486999000, "netTangibleAssets": 485133000}, {"maxAge": 1, "endDate": "2019-09-30", "cash": 26349000, "netReceivables": 116276000, "inventory": 443914000, "otherCurrentAssets": 338000, "totalCurrentAssets": 586877000, "longTermInvestments": 13695000, "propertyPlantEquipment": 862658000, "intangibleAssets": 1176000, "otherAssets": 5433000, "totalAssets": 1469839000, "accountsPayable": 242080000, "otherCurrentLiab": 125496000, "longTermDebt": 328435000, "otherLiab": 281636000, "totalCurrentLiabilities": 424214000, "totalLiab": 1034285000, "commonStock": 105000000, "treasuryStock": 330554000, "otherStockholderEquity": 330554000, "totalStockholderEquity": 435554000, "netTangibleAssets": 434378000}, {"maxAge": 1, "endDate": "2019-06-30", "cash": 26349000, "netReceivables": 116276000, "inventory": 443914000, "otherCurrentAssets": 338000, "totalCurrentAssets": 586877000, "longTermInvestments": 13695000, "propertyPlantEquipment": 862658000, "intangibleAssets": 1176000, "otherAssets": 5433000, "totalAssets": 1469839000, "accountsPayable": 242080000, "otherCurrentLiab": 125496000, "longTermDebt": 328435000, "otherLiab": 281636000, "totalCurrentLiabilities": 424214000, "totalLiab": 1034285000, "commonStock": 105000000, "treasuryStock": 330554000, "otherStockholderEquity": 330554000, "totalStockholderEquity": 435554000, "netTangibleAssets": 434378000}], "maxAge": 86400}, "indexTrend": {"maxAge": 1, "symbol": "SP5", "peRatio": 19.7411, "pegRatio": 1.34172, "estimates": [{"period": "0q", "growth": 0.549}, {"period": "+1q", "growth": 0.431}, {"period": "0y", "growth": 0.305}, {"period": "+1y", "growth": 0.109}, {"period": "+5y", "growth": 0.120859005}, {"period": "-5y"}]}, "insiderTransactions": {"transactions": [{"maxAge": 1, "shares": 8000, "filerUrl": "", "transactionText": "", "filerName": "Bhuva (Bhupatbhai Dakubhai)", "filerRelation": "Promoter", "moneyText": "", "startDate": "2020-03-17", "ownership": "D"}, {"maxAge": 1, "shares": 1600, "filerUrl": "", "transactionText": "", "filerName": "Dineshbhai (Hardik Bhuva)", "filerRelation": "Promoter", "moneyText": "", "startDate": "2020-03-13", "ownership": "D"}, {"maxAge": 1, "shares": 13600, "filerUrl": "", "transactionText": "", "filerName": "Bhuva (Bhupatbhai Dakubhai)", "filerRelation": "Promoter", "moneyText": "", "startDate": "2020-03-13", "ownership": "D"}, {"maxAge": 1, "shares": 8800, "filerUrl": "", "transactionText": "", "filerName": "Dineshbhai (Hardik Bhuva)", "filerRelation": "Promoter", "moneyText": "", "startDate": "2020-03-11", "ownership": "D"}, {"maxAge": 1, "shares": 4000, "filerUrl": "", "transactionText": "", "filerName": "Dineshbhai (Hardik Bhuva)", "filerRelation": "Promoter", "moneyText": "", "startDate": "2020-03-04", "ownership": "D"}, {"maxAge": 1, "shares": 187500, "filerUrl": "", "transactionText": "", "filerName": "Bhuva (Shantaben Dakubai)", "filerRelation": "Promoter", "moneyText": "", "startDate": "2019-12-18", "ownership": "D"}, {"maxAge": 1, "shares": 3200, "filerUrl": "", "transactionText": "", "filerName": "Bhuva (Nayanaben Bhupatbhai)", "filerRelation": "Promoter", "moneyText": "", "startDate": "2019-01-09", "ownership": "D"}, {"maxAge": 1, "shares": 2400, "filerUrl": "", "transactionText": "", "filerName": "Bhuva (Nayanaben Bhupatbhai)", "filerRelation": "Promoter", "moneyText": "", "startDate": "2019-01-07", "ownership": "D"}, {"maxAge": 1, "shares": 2400, "filerUrl": "", "transactionText": "", "filerName": "Bhuva (Nayanaben Bhupatbhai)", "filerRelation": "Promoter", "moneyText": "", "startDate": "2019-01-04", "ownership": "D"}, {"maxAge": 1, "shares": 7200, "filerUrl": "", "transactionText": "", "filerName": "Bhuva (Nayanaben Bhupatbhai)", "filerRelation": "Promoter", "moneyText": "", "startDate": "2019-01-03", "ownership": "D"}, {"maxAge": 1, "shares": 1600, "filerUrl": "", "transactionText": "", "filerName": "Bhuva (kajalben Dineshbhai)", "filerRelation": "Promoter", "moneyText": "", "startDate": "2019-01-02", "ownership": "D"}, {"maxAge": 1, "shares": 800, "filerUrl": "", "transactionText": "", "filerName": "Bhuva (Nayanaben Bhupatbhai)", "filerRelation": "Promoter", "moneyText": "", "startDate": "2019-01-01", "ownership": "D"}, {"maxAge": 1, "shares": 3200, "filerUrl": "", "transactionText": "", "filerName": "Bhuva (Nayanaben Bhupatbhai)", "filerRelation": "Promoter", "moneyText": "", "startDate": "2018-12-31", "ownership": "D"}, {"maxAge": 1, "shares": 4000, "filerUrl": "", "transactionText": "", "filerName": "Bhuva (kajalben Dineshbhai)", "filerRelation": "Promoter", "moneyText": "", "startDate": "2018-12-28", "ownership": "D"}, {"maxAge": 1, "shares": 4800, "filerUrl": "", "transactionText": "", "filerName": "Bhuva (Nayanaben Bhupatbhai)", "filerRelation": "Promoter", "moneyText": "", "startDate": "2018-12-28", "ownership": "D"}, {"maxAge": 1, "shares": 3200, "filerUrl": "", "transactionText": "", "filerName": "Bhuva (Nayanaben Bhupatbhai)", "filerRelation": "Promoter", "moneyText": "", "startDate": "2018-12-27", "ownership": "D"}, {"maxAge": 1, "shares": 4000, "filerUrl": "", "transactionText": "", "filerName": "Bhuva (Nayanaben Bhupatbhai)", "filerRelation": "Promoter", "moneyText": "", "startDate": "2018-12-26", "ownership": "D"}, {"maxAge": 1, "shares": 1600, "filerUrl": "", "transactionText": "", "filerName": "Bhuva (kajalben Dineshbhai)", "filerRelation": "Promoter", "moneyText": "", "startDate": "2018-12-24", "ownership": "D"}, {"maxAge": 1, "shares": 4800, "filerUrl": "", "transactionText": "", "filerName": "Bhuva (Nayanaben Bhupatbhai)", "filerRelation": "Promoter", "moneyText": "", "startDate": "2018-12-24", "ownership": "D"}, {"maxAge": 1, "shares": 0, "filerUrl": "", "transactionText": "", "filerName": "Bhuva (kajalben Dineshbhai)", "filerRelation": "Promoter", "moneyText": "", "startDate": "2018-11-12", "ownership": "I"}, {"maxAge": 1, "shares": 270000, "filerUrl": "", "transactionText": "", "filerName": "Bhuva (kajalben Dineshbhai)", "filerRelation": "Promoter", "moneyText": "", "startDate": "2018-11-12", "ownership": "D"}], "maxAge": 1}, "quoteType": {"exchange": "BSE", "quoteType": "EQUITY", "symbol": "SCPL.BO", "underlyingSymbol": "SCPL.BO", "shortName": "SHEETAL COOL PRODUCTS LIMITED", "longName": "Sheetal Cool Products Limited", "firstTradeDateEpochUtc": "2017-10-30 09:15:00", "timeZoneFullName": "Asia/Kolkata", "timeZoneShortName": "IST", "uuid": "c53e5587-2d7e-3d15-89c3-847fc2e5597d", "gmtOffSetMilliseconds": 19800000, "maxAge": 1}, "incomeStatementHistory": {"incomeStatementHistory": [{"maxAge": 1, "endDate": "2020-03-31", "totalRevenue": 2589292000, "costOfRevenue": 1766261000, "grossProfit": 823031000, "researchDevelopment": {}, "sellingGeneralAdministrative": 162300000, "nonRecurring": {}, "otherOperatingExpenses": 336973000, "totalOperatingExpenses": 2424164000, "operatingIncome": 165128000, "totalOtherIncomeExpenseNet": -36632000, "ebit": 165128000, "interestExpense": -46716000, "incomeBeforeTax": 128496000, "incomeTaxExpense": 30401000, "minorityInterest": {}, "netIncomeFromContinuingOps": 98095000, "discontinuedOperations": {}, "extraordinaryItems": {}, "effectOfAccountingCharges": {}, "otherItems": {}, "netIncome": 98095000, "netIncomeApplicableToCommonShares": 98095000}, {"maxAge": 1, "endDate": "2019-03-31", "totalRevenue": 2336253806, "costOfRevenue": 1710188468, "grossProfit": 626065338, "researchDevelopment": {}, "sellingGeneralAdministrative": 187195197, "nonRecurring": {}, "otherOperatingExpenses": 251282652, "totalOperatingExpenses": 2253311396, "operatingIncome": 82942410, "totalOtherIncomeExpenseNet": -42041681, "ebit": 82942410, "interestExpense": -31672247, "incomeBeforeTax": 40900729, "incomeTaxExpense": 20217494, "minorityInterest": {}, "netIncomeFromContinuingOps": 20683235, "discontinuedOperations": {}, "extraordinaryItems": {}, "effectOfAccountingCharges": {}, "otherItems": {}, "netIncome": 20683235, "netIncomeApplicableToCommonShares": 20683235}, {"maxAge": 1, "endDate": "2018-03-31", "totalRevenue": 2069708208, "costOfRevenue": 1595255810, "grossProfit": 474452398, "researchDevelopment": {}, "sellingGeneralAdministrative": 82266702, "nonRecurring": {}, "otherOperatingExpenses": 250744175, "totalOperatingExpenses": 1997992589, "operatingIncome": 71715619, "totalOtherIncomeExpenseNet": -8169616, "ebit": 71715619, "interestExpense": -13319659, "incomeBeforeTax": 63546003, "incomeTaxExpense": 22468844, "minorityInterest": {}, "netIncomeFromContinuingOps": 41077159, "discontinuedOperations": {}, "extraordinaryItems": {}, "effectOfAccountingCharges": {}, "otherItems": {}, "netIncome": 41077159, "netIncomeApplicableToCommonShares": 41077159}, {"maxAge": 1, "endDate": "2017-03-31", "totalRevenue": 1545073800, "costOfRevenue": 1261019348, "grossProfit": 284054452, "researchDevelopment": {}, "sellingGeneralAdministrative": 30843338, "nonRecurring": {}, "otherOperatingExpenses": 177687769, "totalOperatingExpenses": 1506573039, "operatingIncome": 38500761, "totalOtherIncomeExpenseNet": -4558249, "ebit": 38500761, "interestExpense": -4876900, "incomeBeforeTax": 33942512, "incomeTaxExpense": 8731674, "minorityInterest": {}, "netIncomeFromContinuingOps": 25210838, "discontinuedOperations": {}, "extraordinaryItems": {}, "effectOfAccountingCharges": {}, "otherItems": {}, "netIncome": 25210838, "netIncomeApplicableToCommonShares": 25210838}], "maxAge": 86400}, "fundOwnership": {"ownershipList": [], "maxAge": 1}, "summaryDetail": {"maxAge": 1, "priceHint": 2, "previousClose": 149.0, "open": 142.0, "dayLow": 142.0, "dayHigh": 146.0, "regularMarketPreviousClose": 149.0, "regularMarketOpen": 142.0, "regularMarketDayLow": 142.0, "regularMarketDayHigh": 146.0, "trailingPE": 15.631691, "volume": 1600, "regularMarketVolume": 1600, "averageVolume": 7055, "averageVolume10days": 960, "averageDailyVolume10Day": 960, "bid": 143.0, "ask": 149.75, "bidSize": 0, "askSize": 0, "marketCap": 1532999936, "fiftyTwoWeekLow": 84.05, "fiftyTwoWeekHigh": 196.95, "fiftyDayAverage": 170.31061, "twoHundredDayAverage": 157.67868, "currency": "INR", "fromCurrency": null, "lastMarket": null, "algorithm": null, "tradeable": false}, "incomeStatementHistoryQuarterly": {"incomeStatementHistory": [{"maxAge": 1, "endDate": "2020-03-31", "totalRevenue": 589047500, "costOfRevenue": 396330500, "grossProfit": 192717000, "researchDevelopment": {}, "sellingGeneralAdministrative": 38479000, "nonRecurring": {}, "otherOperatingExpenses": 74517000, "totalOperatingExpenses": 549977500, "operatingIncome": 39070000, "totalOtherIncomeExpenseNet": -7522500, "ebit": 39070000, "interestExpense": -11794500, "incomeBeforeTax": 31547500, "incomeTaxExpense": 5825000, "minorityInterest": {}, "netIncomeFromContinuingOps": 25722500, "discontinuedOperations": {}, "extraordinaryItems": {}, "effectOfAccountingCharges": {}, "otherItems": {}, "netIncome": 25722500, "netIncomeApplicableToCommonShares": 25722500}, {"maxAge": 1, "endDate": "2019-12-31", "totalRevenue": 589047500, "costOfRevenue": 396330500, "grossProfit": 192717000, "researchDevelopment": {}, "sellingGeneralAdministrative": 38479000, "nonRecurring": {}, "otherOperatingExpenses": 74517000, "totalOperatingExpenses": 549977500, "operatingIncome": 39070000, "totalOtherIncomeExpenseNet": -7522500, "ebit": 39070000, "interestExpense": -11794500, "incomeBeforeTax": 31547500, "incomeTaxExpense": 5825000, "minorityInterest": {}, "netIncomeFromContinuingOps": 25722500, "discontinuedOperations": {}, "extraordinaryItems": {}, "effectOfAccountingCharges": {}, "otherItems": {}, "netIncome": 25722500, "netIncomeApplicableToCommonShares": 25722500}, {"maxAge": 1, "endDate": "2019-09-30", "totalRevenue": 705598500, "costOfRevenue": 486800000, "grossProfit": 218798500, "researchDevelopment": {}, "sellingGeneralAdministrative": 42671000, "nonRecurring": {}, "otherOperatingExpenses": 93969500, "totalOperatingExpenses": 662104500, "operatingIncome": 43494000, "totalOtherIncomeExpenseNet": -10793500, "ebit": 43494000, "interestExpense": -11563500, "incomeBeforeTax": 32700500, "incomeTaxExpense": 9375500, "minorityInterest": {}, "netIncomeFromContinuingOps": 23325000, "discontinuedOperations": {}, "extraordinaryItems": {}, "effectOfAccountingCharges": {}, "otherItems": {}, "netIncome": 23325000, "netIncomeApplicableToCommonShares": 23325000}, {"maxAge": 1, "endDate": "2019-06-30", "totalRevenue": 705598500, "costOfRevenue": 486800000, "grossProfit": 218798500, "researchDevelopment": {}, "sellingGeneralAdministrative": 42671000, "nonRecurring": {}, "otherOperatingExpenses": 93969500, "totalOperatingExpenses": 662104500, "operatingIncome": 43494000, "totalOtherIncomeExpenseNet": -10793500, "ebit": 43494000, "interestExpense": -11563500, "incomeBeforeTax": 32700500, "incomeTaxExpense": 9375500, "minorityInterest": {}, "netIncomeFromContinuingOps": 23325000, "discontinuedOperations": {}, "extraordinaryItems": {}, "effectOfAccountingCharges": {}, "otherItems": {}, "netIncome": 23325000, "netIncomeApplicableToCommonShares": 23325000}], "maxAge": 86400}, "cashflowStatementHistoryQuarterly": {"cashflowStatements": [{"maxAge": 1, "endDate": "2020-03-31", "netIncome": 25722500, "depreciation": 40651000, "changeToNetincome": 6492500, "changeToAccountReceivables": -96035000, "changeToLiabilities": 56621000, "changeToInventory": -32419500, "changeToOperatingActivities": 29855500, "totalCashFromOperatingActivities": 30888000, "capitalExpenditures": -68189500, "otherCashflowsFromInvestingActivities": 1235500, "totalCashflowsFromInvestingActivities": -67213500, "netBorrowings": 37741500, "otherCashflowsFromFinancingActivities": -11794500, "totalCashFromFinancingActivities": 25947000, "changeInCash": -10378500}, {"maxAge": 1, "endDate": "2019-12-31", "netIncome": 25722500, "depreciation": 40651000, "changeToNetincome": 6492500, "changeToAccountReceivables": -96035000, "changeToLiabilities": 56621000, "changeToInventory": -32419500, "changeToOperatingActivities": 29855500, "totalCashFromOperatingActivities": 30888000, "capitalExpenditures": -68189500, "otherCashflowsFromInvestingActivities": 1235500, "totalCashflowsFromInvestingActivities": -67213500, "netBorrowings": 37741500, "otherCashflowsFromFinancingActivities": -11794500, "totalCashFromFinancingActivities": 25947000, "changeInCash": -10378500}, {"maxAge": 1, "endDate": "2019-09-30", "netIncome": 23325000, "depreciation": 38664000, "changeToNetincome": 21471500, "changeToAccountReceivables": 17501500, "changeToLiabilities": -31394500, "changeToInventory": -26363500, "changeToOperatingActivities": 32534000, "totalCashFromOperatingActivities": 75738000, "capitalExpenditures": -67164500, "otherCashflowsFromInvestingActivities": -2244000, "totalCashflowsFromInvestingActivities": -58430000, "netBorrowings": -7855000, "otherCashflowsFromFinancingActivities": -11563500, "totalCashFromFinancingActivities": -19418500, "changeInCash": -2110500}, {"maxAge": 1, "endDate": "2019-06-30", "netIncome": 23325000, "depreciation": 38664000, "changeToNetincome": 21471500, "changeToAccountReceivables": 17501500, "changeToLiabilities": -31394500, "changeToInventory": -26363500, "changeToOperatingActivities": 32534000, "totalCashFromOperatingActivities": 75738000, "capitalExpenditures": -67164500, "otherCashflowsFromInvestingActivities": -2244000, "totalCashflowsFromInvestingActivities": -58430000, "netBorrowings": -7855000, "otherCashflowsFromFinancingActivities": -11563500, "totalCashFromFinancingActivities": -19418500, "changeInCash": -2110500}], "maxAge": 86400}, "insiderHolders": {"holders": [{"maxAge": 1, "name": "Bhuva (Bhupatbhai Dakubhai)", "relation": "Promoter", "url": "", "transactionDescription": "Acquisition", "latestTransDate": "2020-03-17", "positionDirect": 238800, "positionDirectDate": "2020-03-17"}, {"maxAge": 1, "name": "Bhuva (Nayanaben Bhupatbhai)", "relation": "Promoter", "url": "", "transactionDescription": "Acquisition", "latestTransDate": "2019-01-09", "positionDirect": 704250, "positionDirectDate": "2019-01-09"}, {"maxAge": 1, "name": "Bhuva (Shantaben Dakubai)", "relation": "Promoter", "url": "", "transactionDescription": "Gift", "latestTransDate": "2019-12-18", "positionDirect": 187500, "positionDirectDate": "2019-12-18"}, {"maxAge": 1, "name": "Bhuva (kajalben Dineshbhai)", "relation": "Promoter", "url": "", "transactionDescription": "Acquisition", "latestTransDate": "2019-01-02", "positionDirect": 1018050, "positionDirectDate": "2019-01-02"}, {"maxAge": 1, "name": "Dineshbhai (Hardik Bhuva)", "relation": "Promoter", "url": "", "transactionDescription": "Acquisition", "latestTransDate": "2020-03-13", "positionDirect": 14400, "positionDirectDate": "2020-03-13"}], "maxAge": 1}, "calendarEvents": {"maxAge": 1, "earnings": {"earningsDate": ["2020-06-26 05:30:S"]}}, "upgradeDowngradeHistory": {"history": [], "maxAge": 86400}, "price": {"maxAge": 1, "regularMarketChangePercent": -0.020134227, "regularMarketChange": -3.0, "regularMarketTime": "2021-04-30 12:30:56", "priceHint": 2, "regularMarketPrice": 146.0, "regularMarketDayHigh": 146.0, "regularMarketDayLow": 142.0, "regularMarketVolume": 1600, "averageDailyVolume10Day": 960, "averageDailyVolume3Month": 7055, "regularMarketPreviousClose": 149.0, "regularMarketSource": "FREE_REALTIME", "regularMarketOpen": 142.0, "exchange": "BSE", "exchangeName": "BSE", "exchangeDataDelayedBy": 0, "marketState": "CLOSED", "quoteType": "EQUITY", "symbol": "SCPL.BO", "underlyingSymbol": null, "shortName": "SHEETAL COOL PRODUCTS LIMITED", "longName": "Sheetal Cool Products Limited", "currency": "INR", "quoteSourceName": "Delayed Quote", "currencySymbol": "\u20b9", "fromCurrency": null, "lastMarket": null, "marketCap": 1532999936}, "balanceSheetHistory": {"balanceSheetStatements": [{"maxAge": 1, "endDate": "2020-03-31", "cash": 5591000, "netReceivables": 277893000, "inventory": 508753000, "otherCurrentAssets": 411000, "totalCurrentAssets": 792648000, "longTermInvestments": 11645000, "propertyPlantEquipment": 920482000, "intangibleAssets": 1866000, "otherAssets": 5678000, "totalAssets": 1732319000, "accountsPayable": 355321000, "otherCurrentLiab": 32586000, "longTermDebt": 421228000, "otherLiab": 339430000, "totalCurrentLiabilities": 484662000, "totalLiab": 1245320000, "commonStock": 105000000, "treasuryStock": 381999000, "otherStockholderEquity": 381999000, "totalStockholderEquity": 486999000, "netTangibleAssets": 485133000}, {"maxAge": 1, "endDate": "2019-03-31", "cash": 30569892, "netReceivables": 95622455, "inventory": 391187095, "otherCurrentAssets": 97256931, "totalCurrentAssets": 616041220, "longTermInvestments": 11900683, "propertyPlantEquipment": 820572518, "intangibleAssets": 1573228, "totalAssets": 1450087649, "accountsPayable": 304868623, "shortLongTermDebt": 56660665, "otherCurrentLiab": 4360604, "longTermDebt": 353428132, "otherLiab": 246917945, "totalCurrentLiabilities": 460837186, "totalLiab": 1061183263, "commonStock": 105000000, "retainedEarnings": 73904386, "capitalSurplus": 210000000, "totalStockholderEquity": 388904386, "netTangibleAssets": 387331158}, {"maxAge": 1, "endDate": "2018-03-31", "cash": 8428421, "netReceivables": 30734758, "inventory": 365277889, "otherCurrentAssets": 69351298, "totalCurrentAssets": 474548729, "longTermInvestments": 11319992, "propertyPlantEquipment": 489838432, "totalAssets": 975707153, "accountsPayable": 272973898, "shortLongTermDebt": 33169032, "otherCurrentLiab": 20576461, "longTermDebt": 82574367, "otherLiab": 133038815, "totalCurrentLiabilities": 391872820, "totalLiab": 607486002, "commonStock": 105000000, "retainedEarnings": 53221151, "capitalSurplus": 210000000, "totalStockholderEquity": 368221151, "netTangibleAssets": 368221151}, {"maxAge": 1, "endDate": "2017-03-31", "cash": 12545606, "netReceivables": 26366336, "inventory": 99203369, "otherCurrentAssets": 18507244, "totalCurrentAssets": 156798851, "propertyPlantEquipment": 302075624, "totalAssets": 458874475, "accountsPayable": 142456074, "shortLongTermDebt": 39842087, "otherCurrentLiab": 5689628, "longTermDebt": 97236922, "otherLiab": 85722096, "totalCurrentLiabilities": 188771486, "totalLiab": 371730504, "commonStock": 50000000, "retainedEarnings": 37143991, "totalStockholderEquity": 87143991, "netTangibleAssets": 87143991}], "maxAge": 86400}, "financialData": {"maxAge": 86400, "currentPrice": 146.0, "recommendationKey": "none", "grossProfits": 823031000, "financialCurrency": "INR"}}}