{"SCTL.BO": {"cashflowStatementHistory": {"cashflowStatements": [{"maxAge": 1, "endDate": "2020-03-31", "netIncome": -11437000, "depreciation": 121000, "changeToNetincome": -6447000, "changeToAccountReceivables": -185000, "changeToLiabilities": 2983000, "changeToInventory": 2572000, "changeToOperatingActivities": -1497000, "totalCashFromOperatingActivities": -13890000, "capitalExpenditures": -15000, "investments": 14111000, "otherCashflowsFromInvestingActivities": 7564000, "totalCashflowsFromInvestingActivities": 14453000, "netBorrowings": 2622000, "otherCashflowsFromFinancingActivities": -2812000, "totalCashFromFinancingActivities": -190000, "changeInCash": 373000}, {"maxAge": 1, "endDate": "2019-03-31", "netIncome": 1700931, "depreciation": 189747, "changeToNetincome": -2314454, "changeToAccountReceivables": 2730458, "changeToLiabilities": 1221766, "changeToInventory": -2157074, "changeToOperatingActivities": -1071269, "totalCashFromOperatingActivities": 300104, "capitalExpenditures": -40256, "investments": -2324931, "otherCashflowsFromInvestingActivities": 5531583, "totalCashflowsFromInvestingActivities": 3219794, "netBorrowings": -324294, "otherCashflowsFromFinancingActivities": -3577906, "totalCashFromFinancingActivities": -3902200, "changeInCash": -382303}, {"maxAge": 1, "endDate": "2018-03-31", "netIncome": 2403119, "depreciation": 190939, "changeToNetincome": -3769562, "changeToAccountReceivables": 3680924, "changeToLiabilities": -4904586, "changeToInventory": 2890925, "changeToOperatingActivities": -904427, "totalCashFromOperatingActivities": -412670, "capitalExpenditures": -50718, "investments": -23747620, "otherCashflowsFromInvestingActivities": 5440203, "totalCashflowsFromInvestingActivities": -26344947, "netBorrowings": 26886808, "otherCashflowsFromFinancingActivities": -1538453, "totalCashFromFinancingActivities": 25348355, "changeInCash": -1409262}, {"maxAge": 1, "endDate": "2017-03-31", "netIncome": 1639143, "depreciation": 186897, "changeToNetincome": -3823941, "changeToAccountReceivables": 3149480, "changeToLiabilities": -1612342, "changeToInventory": 2632919, "changeToOperatingActivities": 3371745, "totalCashFromOperatingActivities": 5543901, "capitalExpenditures": -50718, "investments": -6026032, "otherCashflowsFromInvestingActivities": 5014053, "totalCashflowsFromInvestingActivities": -4229655, "netBorrowings": 122837, "otherCashflowsFromFinancingActivities": -1437083, "totalCashFromFinancingActivities": -1314246, "changeInCash": -1409262}], "maxAge": 86400}, "institutionOwnership": {"ownershipList": [], "maxAge": 1}, "balanceSheetHistoryQuarterly": {"balanceSheetStatements": [{"maxAge": 1, "endDate": "2020-06-30", "totalStockholderEquity": 381625000, "netTangibleAssets": 381625000}, {"maxAge": 1, "endDate": "2020-03-31", "cash": 701000, "netReceivables": 12403000, "inventory": 11323000, "totalCurrentAssets": 25885000, "longTermInvestments": 326837000, "propertyPlantEquipment": 279000, "otherAssets": 77552000, "totalAssets": 430553000, "accountsPayable": 8418000, "otherCurrentLiab": 1586000, "longTermDebt": 32946000, "totalCurrentLiabilities": 15982000, "totalLiab": 48928000, "commonStock": 336660000, "treasuryStock": 44965000, "otherStockholderEquity": 44965000, "totalStockholderEquity": 381625000, "netTangibleAssets": 381625000}, {"maxAge": 1, "endDate": "2019-12-31"}, {"maxAge": 1, "endDate": "2019-06-30"}], "maxAge": 86400}, "indexTrend": {"maxAge": 1, "symbol": "SP5", "peRatio": 19.7411, "pegRatio": 1.34172, "estimates": [{"period": "0q", "growth": 0.549}, {"period": "+1q", "growth": 0.431}, {"period": "0y", "growth": 0.305}, {"period": "+1y", "growth": 0.109}, {"period": "+5y", "growth": 0.120859005}, {"period": "-5y"}]}, "insiderTransactions": {"transactions": [{"maxAge": 1, "shares": 962500, "filerUrl": "", "transactionText": "", "filerName": "Synergy Cosmetics Exim, Ltd.", "filerRelation": "Promoter", "moneyText": "", "startDate": "2019-04-11", "ownership": "D"}], "maxAge": 1}, "quoteType": {"exchange": "BSE", "quoteType": "EQUITY", "symbol": "SCTL.BO", "underlyingSymbol": "SCTL.BO", "shortName": "Suncare Traders Limited", "longName": "Suncare Traders Limited", "firstTradeDateEpochUtc": "2015-12-29 09:15:00", "timeZoneFullName": "Asia/Kolkata", "timeZoneShortName": "IST", "uuid": "6eea82e9-9f35-3bc4-9bfd-436430169a1f", "gmtOffSetMilliseconds": 19800000, "maxAge": 1}, "incomeStatementHistory": {"incomeStatementHistory": [{"maxAge": 1, "endDate": "2020-03-31", "totalRevenue": 43150000, "costOfRevenue": 39654000, "grossProfit": 3496000, "researchDevelopment": {}, "sellingGeneralAdministrative": 2320000, "nonRecurring": {}, "otherOperatingExpenses": 8870000, "totalOperatingExpenses": 50965000, "operatingIncome": -7815000, "totalOtherIncomeExpenseNet": -2331000, "ebit": -7815000, "interestExpense": -1164000, "incomeBeforeTax": -10146000, "incomeTaxExpense": 1291000, "minorityInterest": {}, "netIncomeFromContinuingOps": -11437000, "discontinuedOperations": {}, "extraordinaryItems": {}, "effectOfAccountingCharges": {}, "otherItems": {}, "netIncome": -11437000, "netIncomeApplicableToCommonShares": -11437000}, {"maxAge": 1, "endDate": "2019-03-31", "totalRevenue": 50770176, "costOfRevenue": 45589375, "grossProfit": 5180801, "researchDevelopment": {}, "sellingGeneralAdministrative": 3250172, "nonRecurring": {}, "otherOperatingExpenses": 3154042, "totalOperatingExpenses": 52183336, "operatingIncome": -1413160, "totalOtherIncomeExpenseNet": 3306471, "ebit": -1413160, "interestExpense": -3546844, "incomeBeforeTax": 1893311, "incomeTaxExpense": 192380, "minorityInterest": {}, "netIncomeFromContinuingOps": 1700931, "discontinuedOperations": {}, "extraordinaryItems": {}, "effectOfAccountingCharges": {}, "otherItems": {}, "netIncome": 1700931, "netIncomeApplicableToCommonShares": 1700931}, {"maxAge": 1, "endDate": "2018-03-31", "totalRevenue": 51526021, "costOfRevenue": 45795759, "grossProfit": 5730262, "researchDevelopment": {}, "sellingGeneralAdministrative": 4470289, "nonRecurring": {}, "otherOperatingExpenses": 2472988, "totalOperatingExpenses": 52929975, "operatingIncome": -1403954, "totalOtherIncomeExpenseNet": 4482972, "ebit": -1403954, "interestExpense": -1512824, "incomeBeforeTax": 3079018, "incomeTaxExpense": 675899, "minorityInterest": {}, "netIncomeFromContinuingOps": 2403119, "discontinuedOperations": {}, "extraordinaryItems": {}, "effectOfAccountingCharges": {}, "otherItems": {}, "netIncome": 2403119, "netIncomeApplicableToCommonShares": 2403119}, {"maxAge": 1, "endDate": "2017-03-31", "totalRevenue": 72782512, "costOfRevenue": 66736353, "grossProfit": 6046159, "researchDevelopment": {}, "sellingGeneralAdministrative": 3542187, "nonRecurring": {}, "otherOperatingExpenses": 3635184, "totalOperatingExpenses": 74149496, "operatingIncome": -1366984, "totalOtherIncomeExpenseNet": 3669424, "ebit": -1366984, "interestExpense": -1394464, "incomeBeforeTax": 2302440, "incomeTaxExpense": 663297, "minorityInterest": {}, "netIncomeFromContinuingOps": 1639143, "discontinuedOperations": {}, "extraordinaryItems": {}, "effectOfAccountingCharges": {}, "otherItems": {}, "netIncome": 1639143, "netIncomeApplicableToCommonShares": 1639143}], "maxAge": 86400}, "fundOwnership": {"ownershipList": [], "maxAge": 1}, "summaryDetail": {"maxAge": 1, "priceHint": 4, "previousClose": 0.47, "open": 0.48, "dayLow": 0.45, "dayHigh": 0.48, "regularMarketPreviousClose": 0.47, "regularMarketOpen": 0.48, "regularMarketDayLow": 0.45, "regularMarketDayHigh": 0.48, "volume": 537602, "regularMarketVolume": 537602, "averageVolume": 4975008, "averageVolume10days": 1791673, "averageDailyVolume10Day": 1791673, "bid": 0.46, "ask": 0.47, "bidSize": 0, "askSize": 0, "marketCap": 5162120, "fiftyTwoWeekLow": 0.45, "fiftyTwoWeekHigh": 43.0, "fiftyDayAverage": 0.8278788, "twoHundredDayAverage": 0.8536765, "currency": "INR", "fromCurrency": null, "lastMarket": null, "algorithm": null, "tradeable": false}, "incomeStatementHistoryQuarterly": {"incomeStatementHistory": [{"maxAge": 1, "endDate": "2020-06-30", "totalRevenue": 1197000, "costOfRevenue": 1292000, "grossProfit": -95000, "researchDevelopment": {}, "sellingGeneralAdministrative": 133000, "nonRecurring": {}, "otherOperatingExpenses": 1133000, "totalOperatingExpenses": 2581000, "operatingIncome": -1384000, "totalOtherIncomeExpenseNet": 6560000, "ebit": -1384000, "interestExpense": -260000, "incomeBeforeTax": 5176000, "incomeTaxExpense": 810000, "minorityInterest": {}, "netIncomeFromContinuingOps": 4366000, "discontinuedOperations": {}, "extraordinaryItems": {}, "effectOfAccountingCharges": {}, "otherItems": {}, "netIncome": 4366000, "netIncomeApplicableToCommonShares": 4366000}, {"maxAge": 1, "endDate": "2020-03-31", "totalRevenue": 14322000, "costOfRevenue": 15576000, "grossProfit": -1254000, "researchDevelopment": {}, "sellingGeneralAdministrative": 858000, "nonRecurring": {}, "otherOperatingExpenses": 6252000, "totalOperatingExpenses": 22710000, "operatingIncome": -8388000, "totalOtherIncomeExpenseNet": -7812000, "ebit": -8388000, "interestExpense": -326000, "incomeBeforeTax": -16200000, "incomeTaxExpense": -174000, "minorityInterest": {}, "netIncomeFromContinuingOps": -16026000, "discontinuedOperations": {}, "extraordinaryItems": {}, "effectOfAccountingCharges": {}, "otherItems": {}, "netIncome": -16026000, "netIncomeApplicableToCommonShares": -16026000}, {"maxAge": 1, "endDate": "2019-12-31", "totalRevenue": 8620000, "costOfRevenue": 6060000, "grossProfit": 2560000, "researchDevelopment": {}, "sellingGeneralAdministrative": 470000, "nonRecurring": {}, "otherOperatingExpenses": 630000, "totalOperatingExpenses": 7190000, "operatingIncome": 1430000, "totalOtherIncomeExpenseNet": 1790000, "ebit": 1430000, "interestExpense": -300000, "incomeBeforeTax": 3220000, "incomeTaxExpense": 830000, "minorityInterest": {}, "netIncomeFromContinuingOps": 2390000, "discontinuedOperations": {}, "extraordinaryItems": {}, "effectOfAccountingCharges": {}, "otherItems": {}, "netIncome": 2390000, "netIncomeApplicableToCommonShares": 2390000}, {"maxAge": 1, "endDate": "2019-06-30", "totalRevenue": 10467000, "costOfRevenue": 9149000, "grossProfit": 1318000, "researchDevelopment": {}, "sellingGeneralAdministrative": 377000, "nonRecurring": {}, "otherOperatingExpenses": 1025000, "totalOperatingExpenses": 10581000, "operatingIncome": -114000, "totalOtherIncomeExpenseNet": 86000, "ebit": -114000, "interestExpense": -297000, "incomeBeforeTax": -28000, "incomeTaxExpense": -6000, "minorityInterest": {}, "netIncomeFromContinuingOps": -22000, "discontinuedOperations": {}, "extraordinaryItems": {}, "effectOfAccountingCharges": {}, "otherItems": {}, "netIncome": -22000, "netIncomeApplicableToCommonShares": -22000}], "maxAge": 86400}, "cashflowStatementHistoryQuarterly": {"cashflowStatements": [{"maxAge": 1, "endDate": "2020-06-30", "netIncome": 4366000, "changeToLiabilities": 0}, {"maxAge": 1, "endDate": "2020-03-31", "netIncome": -16026000, "changeToLiabilities": 0}, {"maxAge": 1, "endDate": "2019-12-31", "netIncome": 2390000, "changeToLiabilities": 0}, {"maxAge": 1, "endDate": "2019-06-30", "netIncome": -22000, "changeToLiabilities": 0}], "maxAge": 86400}, "insiderHolders": {"holders": [{"maxAge": 1, "name": "Synergy Cosmetics Exim, Ltd.", "relation": "Promoter", "url": "", "transactionDescription": "Sale", "latestTransDate": "2019-04-11", "positionDirectDate": "2019-04-11"}], "maxAge": 1}, "calendarEvents": {"maxAge": 1, "earnings": {"earningsDate": ["2020-09-14 05:30:S"]}}, "upgradeDowngradeHistory": {"history": [], "maxAge": 86400}, "price": {"maxAge": 1, "regularMarketChangePercent": -0.021276575, "regularMarketChange": -0.00999999, "regularMarketTime": "2021-04-30 15:48:19", "priceHint": 4, "regularMarketPrice": 0.46, "regularMarketDayHigh": 0.48, "regularMarketDayLow": 0.45, "regularMarketVolume": 537602, "averageDailyVolume10Day": 1791673, "averageDailyVolume3Month": 4975008, "regularMarketPreviousClose": 0.47, "regularMarketSource": "FREE_REALTIME", "regularMarketOpen": 0.48, "exchange": "BSE", "exchangeName": "BSE", "exchangeDataDelayedBy": 0, "marketState": "CLOSED", "quoteType": "EQUITY", "symbol": "SCTL.BO", "underlyingSymbol": null, "shortName": "Suncare Traders Limited", "longName": "Suncare Traders Limited", "currency": "INR", "quoteSourceName": "Delayed Quote", "currencySymbol": "\u20b9", "fromCurrency": null, "lastMarket": null, "marketCap": 5162120}, "balanceSheetHistory": {"balanceSheetStatements": [{"maxAge": 1, "endDate": "2020-03-31", "cash": 701000, "netReceivables": 12403000, "inventory": 11323000, "totalCurrentAssets": 25885000, "longTermInvestments": 326837000, "propertyPlantEquipment": 279000, "otherAssets": 77552000, "totalAssets": 430553000, "accountsPayable": 8418000, "otherCurrentLiab": 1586000, "longTermDebt": 32946000, "totalCurrentLiabilities": 15982000, "totalLiab": 48928000, "commonStock": 336660000, "treasuryStock": 44965000, "otherStockholderEquity": 44965000, "totalStockholderEquity": 381625000, "netTangibleAssets": 381625000}, {"maxAge": 1, "endDate": "2019-03-31", "cash": 327678, "netReceivables": 12218443, "inventory": 13895702, "otherCurrentAssets": 1261246, "totalCurrentAssets": 27705261, "longTermInvestments": 340681635, "propertyPlantEquipment": 858377, "otherAssets": 69896356, "deferredLongTermAssetCharges": 61695, "totalAssets": 439141629, "accountsPayable": 5435228, "shortLongTermDebt": 22329, "otherCurrentLiab": 523845, "longTermDebt": 30322805, "totalCurrentLiabilities": 14372297, "totalLiab": 44695102, "commonStock": 112220000, "retainedEarnings": 21537066, "capitalSurplus": 260689464, "totalStockholderEquity": 394446530, "netTangibleAssets": 394446530}, {"maxAge": 1, "endDate": "2018-03-31", "cash": 709982, "netReceivables": 14948894, "inventory": 11738628, "otherCurrentAssets": 1432096, "totalCurrentAssets": 28831763, "longTermInvestments": 338356704, "propertyPlantEquipment": 1007867, "otherAssets": 69942134, "deferredLongTermAssetCharges": 54075, "totalAssets": 438138468, "accountsPayable": 4213454, "shortLongTermDebt": 230720, "otherCurrentLiab": 2000701, "longTermDebt": 30541704, "totalCurrentLiabilities": 14851166, "totalLiab": 45392870, "commonStock": 56110000, "retainedEarnings": 19836135, "capitalSurplus": 316799464, "totalStockholderEquity": 392745599, "netTangibleAssets": 392745599}, {"maxAge": 1, "endDate": "2017-03-31", "cash": 2119245, "netReceivables": 18629816, "inventory": 14629554, "otherCurrentAssets": 92340, "totalCurrentAssets": 35476449, "longTermInvestments": 306024810, "propertyPlantEquipment": 1148088, "otherAssets": 61931221, "deferredLongTermAssetCharges": 29974, "totalAssets": 404580568, "accountsPayable": 8965079, "shortLongTermDebt": 230720, "otherCurrentLiab": 1655372, "longTermDebt": 3614974, "totalCurrentLiabilities": 19207385, "totalLiab": 22822359, "commonStock": 56110000, "retainedEarnings": 2061213, "treasuryStock": 6787532, "capitalSurplus": 316799464, "otherStockholderEquity": 6787532, "totalStockholderEquity": 381758209, "netTangibleAssets": 381758209}], "maxAge": 86400}, "financialData": {"maxAge": 86400, "currentPrice": 0.46, "recommendationKey": "none", "grossProfits": 3496000, "financialCurrency": "INR"}}}