{"SDL.BO": {"recommendationTrend": {"trend": [{"period": "0m", "strongBuy": 0, "buy": 0, "hold": 0, "sell": 0, "strongSell": 0}, {"period": "-1m", "strongBuy": 0, "buy": 0, "hold": 0, "sell": 0, "strongSell": 0}, {"period": "-2m", "strongBuy": 0, "buy": 0, "hold": 0, "sell": 0, "strongSell": 0}, {"period": "-3m", "strongBuy": 0, "buy": 0, "hold": 0, "sell": 0, "strongSell": 0}], "maxAge": 86400}, "cashflowStatementHistory": {"cashflowStatements": [{"maxAge": 1, "endDate": "2020-03-31", "netIncome": -77695698, "depreciation": 33478242, "changeToNetincome": 6756455, "changeToAccountReceivables": 4450320, "changeToLiabilities": 4155513, "changeToInventory": 14906781, "changeToOperatingActivities": 12747024, "totalCashFromOperatingActivities": -1170310, "capitalExpenditures": -13401205, "investments": 68241966, "otherCashflowsFromInvestingActivities": 4072025, "totalCashflowsFromInvestingActivities": 58912786, "netBorrowings": -54458277, "otherCashflowsFromFinancingActivities": -18742786, "totalCashFromFinancingActivities": -73201063, "changeInCash": -15458587}, {"maxAge": 1, "endDate": "2019-03-31", "netIncome": -121748359, "depreciation": 35186957, "changeToNetincome": 14775432, "changeToAccountReceivables": 9224355, "changeToLiabilities": -7656661, "changeToInventory": 9490533, "changeToOperatingActivities": -10187996, "totalCashFromOperatingActivities": -70875946, "capitalExpenditures": -13401205, "investments": 93466000, "otherCashflowsFromInvestingActivities": 4692355, "totalCashflowsFromInvestingActivities": 100488119, "dividendsPaid": -151544, "netBorrowings": -12351940, "otherCashflowsFromFinancingActivities": -15736155, "totalCashFromFinancingActivities": -28239639, "changeInCash": 1372535}, {"maxAge": 1, "endDate": "2018-03-31", "netIncome": -124966226, "depreciation": 24940053, "changeToNetincome": -57293471, "changeToAccountReceivables": -23728936, "changeToLiabilities": 10480122, "changeToInventory": -21931789, "changeToOperatingActivities": 75044205, "totalCashFromOperatingActivities": -117404875, "capitalExpenditures": -42113829, "investments": 32907499, "otherCashflowsFromInvestingActivities": 9054705, "totalCashflowsFromInvestingActivities": 8057775, "dividendsPaid": -151544, "netBorrowings": 90558601, "otherCashflowsFromFinancingActivities": -16887640, "totalCashFromFinancingActivities": 73670961, "changeInCash": -35676138}, {"maxAge": 1, "endDate": "2017-03-31", "netIncome": -26119732, "depreciation": 7406415, "changeToNetincome": -26764412, "changeToAccountReceivables": 599250, "changeToLiabilities": 1767240, "changeToInventory": -13562951, "changeToOperatingActivities": 2859800, "totalCashFromOperatingActivities": -53798030, "capitalExpenditures": -160643355, "investments": 92657790, "otherCashflowsFromInvestingActivities": 12454739, "totalCashflowsFromInvestingActivities": -55530826, "dividendsPaid": -151544, "netBorrowings": 129304119, "otherCashflowsFromFinancingActivities": -1950312, "totalCashFromFinancingActivities": 127353807, "changeInCash": 18024950}], "maxAge": 86400}, "institutionOwnership": {"ownershipList": [], "maxAge": 1}, "balanceSheetHistoryQuarterly": {"balanceSheetStatements": [{"maxAge": 1, "endDate": "2020-06-30", "totalStockholderEquity": 175841645, "netTangibleAssets": 173859628}, {"maxAge": 1, "endDate": "2020-03-31", "cash": 4643307, "shortTermInvestments": 100730926, "netReceivables": 15366328, "inventory": 11097426, "otherCurrentAssets": 47279149, "totalCurrentAssets": 179345537, "longTermInvestments": 5700000, "propertyPlantEquipment": 194428380, "goodWill": 1204844, "intangibleAssets": 777173, "otherAssets": 14159929, "deferredLongTermAssetCharges": 2273891, "totalAssets": 395615863, "accountsPayable": 10462363, "shortLongTermDebt": 7267255, "otherCurrentLiab": 41181705, "longTermDebt": 80226841, "otherLiab": 7197680, "minorityInterest": -42306110, "totalCurrentLiabilities": 153657311, "totalLiab": 262080328, "commonStock": 54617470, "retainedEarnings": 98875870, "treasuryStock": 22348305, "otherStockholderEquity": 22348305, "totalStockholderEquity": 175841645, "netTangibleAssets": 173859628}, {"maxAge": 1, "endDate": "2019-12-31", "totalStockholderEquity": 162403000, "netTangibleAssets": 159848000}, {"maxAge": 1, "endDate": "2019-09-30", "cash": 8592000, "shortTermInvestments": 109090000, "netReceivables": 10322000, "inventory": 12900000, "otherCurrentAssets": 13555000, "totalCurrentAssets": 154459000, "propertyPlantEquipment": 207290000, "goodWill": 1706000, "intangibleAssets": 849000, "otherAssets": 12144000, "deferredLongTermAssetCharges": 30000, "totalAssets": 376448000, "accountsPayable": 8597000, "otherCurrentLiab": 55929000, "longTermDebt": 68308000, "otherLiab": 8344000, "minorityInterest": 559000, "totalCurrentLiabilities": 136834000, "totalLiab": 213486000, "commonStock": 54617000, "treasuryStock": 107786000, "otherStockholderEquity": 107786000, "totalStockholderEquity": 162403000, "netTangibleAssets": 159848000}], "maxAge": 86400}, "earningsHistory": {"history": [{"maxAge": 1, "epsActual": {}, "epsEstimate": {}, "epsDifference": {}, "surprisePercent": {}, "quarter": {}, "period": "-4q"}, {"maxAge": 1, "epsActual": {}, "epsEstimate": {}, "epsDifference": {}, "surprisePercent": {}, "quarter": {}, "period": "-3q"}, {"maxAge": 1, "epsActual": {}, "epsEstimate": {}, "epsDifference": {}, "surprisePercent": {}, "quarter": {}, "period": "-2q"}, {"maxAge": 1, "epsActual": {}, "epsEstimate": {}, "epsDifference": {}, "surprisePercent": {}, "quarter": {}, "period": "-1q"}], "maxAge": 86400}, "indexTrend": {"maxAge": 1, "symbol": "SP5", "peRatio": 19.7411, "pegRatio": 1.34172, "estimates": [{"period": "0q", "growth": 0.549}, {"period": "+1q", "growth": 0.431}, {"period": "0y", "growth": 0.305}, {"period": "+1y", "growth": 0.109}, {"period": "+5y", "growth": 0.120859005}, {"period": "-5y"}]}, "industryTrend": {"maxAge": 1, "symbol": null, "estimates": []}, "insiderTransactions": {"transactions": [{"maxAge": 1, "shares": 426635, "filerUrl": "", "transactionText": "", "filerName": "Desai (Viral Pradipkumar)", "filerRelation": "Promoter", "moneyText": "", "startDate": "2019-12-27", "ownership": "D"}, {"maxAge": 1, "shares": 7200, "filerUrl": "", "transactionText": "", "filerName": "Desai (Pradipkumar Keshavlal)", "filerRelation": "Promoter", "moneyText": "", "startDate": "2019-12-21", "ownership": "D"}, {"maxAge": 1, "shares": 84488, "filerUrl": "", "transactionText": "", "filerName": "Desai (Viral Pradipkumar)", "filerRelation": "Managing Director", "moneyText": "", "startDate": "2019-09-03", "ownership": "D"}, {"maxAge": 1, "shares": 95500, "filerUrl": "", "transactionText": "", "filerName": "Desai (Viral Pradipkumar)", "filerRelation": "Promoter", "moneyText": "", "startDate": "2019-08-27", "ownership": "D"}, {"maxAge": 1, "shares": 54300, "filerUrl": "", "transactionText": "", "filerName": "Desai (Viral Pradipkumar)", "filerRelation": "Promoter", "moneyText": "", "startDate": "2019-08-27", "ownership": "D"}, {"maxAge": 1, "shares": 91102, "filerUrl": "", "transactionText": "", "filerName": "Desai (Lataben P.)", "filerRelation": "Director", "moneyText": "", "startDate": "2017-10-17", "ownership": "D"}, {"maxAge": 1, "shares": 108, "filerUrl": "", "transactionText": "", "filerName": "Desai (Lataben P.)", "filerRelation": "Director", "moneyText": "", "startDate": "2017-10-17", "ownership": "D"}, {"maxAge": 1, "shares": 10, "filerUrl": "", "transactionText": "", "filerName": "Desai (Lataben P.)", "filerRelation": "Director", "moneyText": "", "startDate": "2017-10-17", "ownership": "D"}, {"maxAge": 1, "shares": 18270, "filerUrl": "", "transactionText": "", "filerName": "Desai (Lataben P.)", "filerRelation": "Director", "moneyText": "", "startDate": "2017-10-09", "ownership": "D"}, {"maxAge": 1, "shares": 14500, "filerUrl": "", "transactionText": "", "filerName": "Desai (Lataben P.)", "filerRelation": "Director", "moneyText": "", "startDate": "2017-04-06", "ownership": "D"}, {"maxAge": 1, "shares": 54000, "filerUrl": "", "transactionText": "", "filerName": "Desai (Pradipkumar Keshavlal)", "filerRelation": "Promoter", "moneyText": "", "startDate": "2017-01-12", "ownership": "D"}, {"maxAge": 1, "shares": 26095, "filerUrl": "", "transactionText": "", "filerName": "Desai (Viral Pradipkumar)", "filerRelation": "Promoter", "moneyText": "", "startDate": "2017-01-12", "ownership": "D"}, {"maxAge": 1, "shares": 554920, "filerUrl": "", "transactionText": "", "filerName": "Patel (Natwerlal Shivabhai)", "filerRelation": "UNREPORTED", "moneyText": "", "startDate": "2015-02-09", "ownership": "D"}], "maxAge": 1}, "quoteType": {"exchange": "BSE", "quoteType": "EQUITY", "symbol": "SDL.BO", "underlyingSymbol": "SDL.BO", "shortName": "Span Divergent Limited", "longName": "Span Divergent Limited", "firstTradeDateEpochUtc": "2002-07-03 09:15:00", "timeZoneFullName": "Asia/Kolkata", "timeZoneShortName": "IST", "uuid": "f09bff4e-8918-35a0-8101-3a4db429278a", "gmtOffSetMilliseconds": 19800000, "maxAge": 1}, "incomeStatementHistory": {"incomeStatementHistory": [{"maxAge": 1, "endDate": "2020-03-31", "totalRevenue": 93791674, "costOfRevenue": 48335054, "grossProfit": 45456620, "researchDevelopment": {}, "sellingGeneralAdministrative": 35106976, "nonRecurring": {}, "otherOperatingExpenses": 44418181, "totalOperatingExpenses": 161369516, "operatingIncome": -67577842, "totalOtherIncomeExpenseNet": -25036359, "ebit": -67577842, "interestExpense": -19945025, "incomeBeforeTax": -92614201, "incomeTaxExpense": -6490640, "minorityInterest": -42306110, "netIncomeFromContinuingOps": -86123561, "discontinuedOperations": {}, "extraordinaryItems": {}, "effectOfAccountingCharges": {}, "otherItems": {}, "netIncome": -77695698, "netIncomeApplicableToCommonShares": -77695698}, {"maxAge": 1, "endDate": "2019-03-31", "totalRevenue": 241398345, "costOfRevenue": 181875818, "grossProfit": 59522527, "researchDevelopment": {}, "sellingGeneralAdministrative": 60565633, "nonRecurring": {}, "otherOperatingExpenses": 60902770, "totalOperatingExpenses": 338570971, "operatingIncome": -97172626, "totalOtherIncomeExpenseNet": -37574908, "ebit": -97172626, "interestExpense": -18881903, "incomeBeforeTax": -134747534, "incomeTaxExpense": 5816181, "minorityInterest": -33887382, "netIncomeFromContinuingOps": -140563715, "discontinuedOperations": {}, "extraordinaryItems": {}, "effectOfAccountingCharges": {}, "otherItems": {}, "netIncome": -121748359, "netIncomeApplicableToCommonShares": -121748359}, {"maxAge": 1, "endDate": "2018-03-31", "totalRevenue": 145722681, "costOfRevenue": 129300897, "grossProfit": 16421784, "researchDevelopment": {}, "sellingGeneralAdministrative": 54973502, "nonRecurring": {}, "otherOperatingExpenses": 56319587, "totalOperatingExpenses": 265585206, "operatingIncome": -119862525, "totalOtherIncomeExpenseNet": -3343068, "ebit": -119862525, "interestExpense": -17018854, "incomeBeforeTax": -123205593, "incomeTaxExpense": 1760633, "minorityInterest": 653413, "netIncomeFromContinuingOps": -124966226, "discontinuedOperations": {}, "extraordinaryItems": {}, "effectOfAccountingCharges": {}, "otherItems": {}, "netIncome": -124966226, "netIncomeApplicableToCommonShares": -124966226}, {"maxAge": 1, "endDate": "2017-03-31", "totalRevenue": 28725450, "costOfRevenue": 15726234, "grossProfit": 12999216, "researchDevelopment": {}, "sellingGeneralAdministrative": 26579732, "nonRecurring": {}, "otherOperatingExpenses": 21449038, "totalOperatingExpenses": 71177779, "operatingIncome": -42452329, "totalOtherIncomeExpenseNet": 17614683, "ebit": -42452329, "interestExpense": -1952213, "incomeBeforeTax": -24837646, "incomeTaxExpense": 1282086, "minorityInterest": 1730896, "netIncomeFromContinuingOps": -26119732, "discontinuedOperations": {}, "extraordinaryItems": {}, "effectOfAccountingCharges": {}, "otherItems": {}, "netIncome": -26119732, "netIncomeApplicableToCommonShares": -26119732}], "maxAge": 86400}, "fundOwnership": {"ownershipList": [], "maxAge": 1}, "summaryDetail": {"maxAge": 1, "priceHint": 2, "previousClose": 14.0, "open": 15.29, "dayLow": 14.95, "dayHigh": 15.4, "regularMarketPreviousClose": 14.0, "regularMarketOpen": 15.29, "regularMarketDayLow": 14.95, "regularMarketDayHigh": 15.4, "volume": 15641, "regularMarketVolume": 15641, "averageVolume": 498, "averageVolume10days": 0, "averageDailyVolume10Day": 0, "bid": 13.5, "ask": 14.95, "bidSize": 0, "askSize": 0, "marketCap": 81653160, "fiftyTwoWeekLow": 8.66, "fiftyTwoWeekHigh": 17.8, "fiftyDayAverage": 15.623636, "twoHundredDayAverage": 11.755474, "currency": "INR", "fromCurrency": null, "lastMarket": null, "algorithm": null, "tradeable": false}, "sectorTrend": {"maxAge": 1, "symbol": null, "estimates": []}, "incomeStatementHistoryQuarterly": {"incomeStatementHistory": [{"maxAge": 1, "endDate": "2020-06-30", "totalRevenue": 7509000, "costOfRevenue": 2804000, "grossProfit": 4705000, "researchDevelopment": {}, "sellingGeneralAdministrative": 3362000, "nonRecurring": {}, "otherOperatingExpenses": -1118000, "totalOperatingExpenses": 13115000, "operatingIncome": -5606000, "totalOtherIncomeExpenseNet": -4455000, "ebit": -5606000, "interestExpense": -4655000, "incomeBeforeTax": -10061000, "incomeTaxExpense": 1022000, "minorityInterest": {}, "netIncomeFromContinuingOps": -11083000, "discontinuedOperations": {}, "extraordinaryItems": {}, "effectOfAccountingCharges": {}, "otherItems": {}, "netIncome": -9457000, "netIncomeApplicableToCommonShares": -9457000}, {"maxAge": 1, "endDate": "2020-03-31", "totalRevenue": 17329674, "costOfRevenue": 7509054, "grossProfit": 9820620, "researchDevelopment": {}, "sellingGeneralAdministrative": 8990976, "nonRecurring": {}, "otherOperatingExpenses": -1455819, "totalOperatingExpenses": 23410516, "operatingIncome": -6080842, "totalOtherIncomeExpenseNet": -13271359, "ebit": -6080842, "interestExpense": -739025, "incomeBeforeTax": -19352201, "incomeTaxExpense": -4608640, "minorityInterest": -42306110, "netIncomeFromContinuingOps": -14743561, "discontinuedOperations": {}, "extraordinaryItems": {}, "effectOfAccountingCharges": {}, "otherItems": {}, "netIncome": -12950698, "netIncomeApplicableToCommonShares": -12950698}, {"maxAge": 1, "endDate": "2019-12-31", "totalRevenue": 19913000, "costOfRevenue": 4240000, "grossProfit": 15673000, "researchDevelopment": {}, "sellingGeneralAdministrative": 6221000, "nonRecurring": {}, "otherOperatingExpenses": 12585000, "totalOperatingExpenses": 32985000, "operatingIncome": -13072000, "totalOtherIncomeExpenseNet": -2026000, "ebit": -13072000, "interestExpense": -8189000, "incomeBeforeTax": -15098000, "incomeTaxExpense": 492000, "minorityInterest": -42306110, "netIncomeFromContinuingOps": -15590000, "discontinuedOperations": {}, "extraordinaryItems": {}, "effectOfAccountingCharges": {}, "otherItems": {}, "netIncome": -11101000, "netIncomeApplicableToCommonShares": -11101000}, {"maxAge": 1, "endDate": "2019-09-30", "totalRevenue": 22043000, "costOfRevenue": 13695000, "grossProfit": 8348000, "researchDevelopment": {}, "sellingGeneralAdministrative": 8792000, "nonRecurring": {}, "otherOperatingExpenses": 13140000, "totalOperatingExpenses": 43286000, "operatingIncome": -21243000, "totalOtherIncomeExpenseNet": -2397000, "ebit": -21243000, "interestExpense": -5308000, "incomeBeforeTax": -23640000, "incomeTaxExpense": 402000, "minorityInterest": 559000, "netIncomeFromContinuingOps": -24042000, "discontinuedOperations": {}, "extraordinaryItems": {}, "effectOfAccountingCharges": {}, "otherItems": {}, "netIncome": -24042000, "netIncomeApplicableToCommonShares": -24042000}], "maxAge": 86400}, "cashflowStatementHistoryQuarterly": {"cashflowStatements": [{"maxAge": 1, "endDate": "2020-06-30", "netIncome": -9457000, "changeToLiabilities": 0}, {"maxAge": 1, "endDate": "2020-03-31", "netIncome": -12950698, "changeToLiabilities": 0}, {"maxAge": 1, "endDate": "2019-12-31", "netIncome": -11101000, "changeToLiabilities": 0}, {"maxAge": 1, "endDate": "2019-09-30", "netIncome": -24042000, "changeToLiabilities": 0}], "maxAge": 86400}, "insiderHolders": {"holders": [{"maxAge": 1, "name": "Desai (Lataben P.)", "relation": "Director", "url": "", "transactionDescription": "Acquisition", "latestTransDate": "2017-10-17", "positionDirect": 840932, "positionDirectDate": "2017-10-17"}, {"maxAge": 1, "name": "Desai (Pradipkumar Keshavlal)", "relation": "Promoter", "url": "", "transactionDescription": "Other", "latestTransDate": "2019-12-21", "positionDirect": 1368080, "positionDirectDate": "2019-12-21"}, {"maxAge": 1, "name": "Desai (Viral Pradipkumar)", "relation": "Promoter", "url": "", "transactionDescription": "Other", "latestTransDate": "2019-12-27", "positionDirect": 261380, "positionDirectDate": "2019-12-27"}, {"maxAge": 1, "name": "Patel (Natwerlal Shivabhai)", "relation": "UNREPORTED", "url": "", "transactionDescription": "Other", "latestTransDate": "2015-02-09", "positionDirect": 0, "positionDirectDate": "2015-02-09"}], "maxAge": 1}, "earnings": {"maxAge": 86400, "earningsChart": {"quarterly": [], "earningsDate": ["2020-09-14 05:30:S"]}, "financialsChart": {"yearly": [{"date": 2017, "revenue": 28725450, "earnings": -26119732}, {"date": 2018, "revenue": 145722681, "earnings": -124966226}, {"date": 2019, "revenue": 241398345, "earnings": -121748359}, {"date": 2020, "revenue": 93791674, "earnings": -77695698}], "quarterly": [{"date": "3Q2019", "revenue": 22043000, "earnings": -24042000}, {"date": "4Q2019", "revenue": 19913000, "earnings": -11101000}, {"date": "1Q2020", "revenue": 17329674, "earnings": -12950698}, {"date": "2Q2020", "revenue": 7509000, "earnings": -9457000}]}, "financialCurrency": "INR"}, "calendarEvents": {"maxAge": 1, "earnings": {"earningsDate": ["2020-09-14 05:30:S"]}}, "upgradeDowngradeHistory": {"history": [], "maxAge": 86400}, "price": {"maxAge": 1, "regularMarketChangePercent": 0.06785713, "regularMarketChange": 0.9499998, "regularMarketTime": "2021-04-30 15:15:00", "priceHint": 2, "regularMarketPrice": 14.95, "regularMarketDayHigh": 15.4, "regularMarketDayLow": 14.95, "regularMarketVolume": 15641, "averageDailyVolume10Day": 0, "averageDailyVolume3Month": 498, "regularMarketPreviousClose": 14.0, "regularMarketSource": "FREE_REALTIME", "regularMarketOpen": 15.29, "exchange": "BSE", "exchangeName": "BSE", "exchangeDataDelayedBy": 0, "marketState": "CLOSED", "quoteType": "EQUITY", "symbol": "SDL.BO", "underlyingSymbol": null, "shortName": "Span Divergent Limited", "longName": "Span Divergent Limited", "currency": "INR", "quoteSourceName": "Delayed Quote", "currencySymbol": "\u20b9", "fromCurrency": null, "lastMarket": null, "marketCap": 81653160}, "balanceSheetHistory": {"balanceSheetStatements": [{"maxAge": 1, "endDate": "2020-03-31", "cash": 4643307, "shortTermInvestments": 100730926, "netReceivables": 15366328, "inventory": 11097426, "otherCurrentAssets": 47279149, "totalCurrentAssets": 179345537, "longTermInvestments": 5700000, "propertyPlantEquipment": 194428380, "goodWill": 1204844, "intangibleAssets": 777173, "otherAssets": 14159929, "deferredLongTermAssetCharges": 2273891, "totalAssets": 395615863, "accountsPayable": 10462363, "shortLongTermDebt": 7267255, "otherCurrentLiab": 41181705, "longTermDebt": 80226841, "otherLiab": 7197680, "minorityInterest": -42306110, "totalCurrentLiabilities": 153657311, "totalLiab": 262080328, "commonStock": 54617470, "retainedEarnings": 98875870, "treasuryStock": 22348305, "otherStockholderEquity": 22348305, "totalStockholderEquity": 175841645, "netTangibleAssets": 173859628}, {"maxAge": 1, "endDate": "2019-03-31", "cash": 18902195, "shortTermInvestments": 163616059, "netReceivables": 17976262, "inventory": 26004207, "otherCurrentAssets": 21585583, "totalCurrentAssets": 248592319, "propertyPlantEquipment": 212609588, "goodWill": 2202518, "intangibleAssets": 873437, "otherAssets": 28422915, "deferredLongTermAssetCharges": 16783, "totalAssets": 492700777, "accountsPayable": 6212437, "shortLongTermDebt": 13619587, "otherCurrentLiab": 23841733, "longTermDebt": 73154817, "otherLiab": 11190318, "minorityInterest": -33887382, "totalCurrentLiabilities": 188915544, "totalLiab": 273260679, "commonStock": 54617470, "retainedEarnings": 176361705, "treasuryStock": 22348305, "otherStockholderEquity": 22348305, "totalStockholderEquity": 253327480, "netTangibleAssets": 250251525}, {"maxAge": 1, "endDate": "2018-03-31", "cash": 17529660, "shortTermInvestments": 254982265, "netReceivables": 29948452, "inventory": 35494740, "otherCurrentAssets": 23217028, "totalCurrentAssets": 361575587, "propertyPlantEquipment": 241594886, "goodWill": 3197468, "intangibleAssets": 691466, "otherAssets": 25663653, "totalAssets": 632723060, "accountsPayable": 13963511, "shortLongTermDebt": 9951025, "otherCurrentLiab": 9994972, "longTermDebt": 85300657, "otherLiab": 6163109, "minorityInterest": 653413, "totalCurrentLiabilities": 179867807, "totalLiab": 271331573, "commonStock": 54617470, "retainedEarnings": 283772299, "treasuryStock": 22348305, "otherStockholderEquity": 22348305, "totalStockholderEquity": 360738074, "netTangibleAssets": 356849140}, {"maxAge": 1, "endDate": "2017-03-31", "cash": 53205798, "shortTermInvestments": 278657635, "netReceivables": 9931150, "inventory": 13562951, "otherCurrentAssets": 11528549, "totalCurrentAssets": 367059515, "propertyPlantEquipment": 172382585, "goodWill": 4192419, "intangibleAssets": 808815, "otherAssets": 102044952, "totalAssets": 646488286, "accountsPayable": 3456439, "otherCurrentLiab": 14980209, "longTermDebt": 65198083, "otherLiab": 3506744, "minorityInterest": 1730896, "totalCurrentLiabilities": 90327846, "totalLiab": 159032673, "commonStock": 54617470, "retainedEarnings": 412964718, "treasuryStock": -1, "capitalSurplus": 18142530, "otherStockholderEquity": -1, "totalStockholderEquity": 485724717, "netTangibleAssets": 480723483}], "maxAge": 86400}, "earningsTrend": {"trend": [{"maxAge": 1, "period": "0q", "endDate": null, "growth": {}, "earningsEstimate": {"avg": 0.0, "low": 0.0, "high": 0.0, "yearAgoEps": {}, "numberOfAnalysts": 0, "growth": {}}, "revenueEstimate": {"avg": 0, "low": 0, "high": 0, "numberOfAnalysts": 0, "yearAgoRevenue": {}, "growth": {}}, "epsTrend": {"current": 0.0, "7daysAgo": 0.0, "30daysAgo": 0.0, "60daysAgo": 0.0, "90daysAgo": 0.0}, "epsRevisions": {"upLast7days": 0, "upLast30days": 0, "downLast30days": 0, "downLast90days": {}}}, {"maxAge": 1, "period": "+1q", "endDate": null, "growth": {}, "earningsEstimate": {"avg": 0.0, "low": 0.0, "high": 0.0, "yearAgoEps": {}, "numberOfAnalysts": 0, "growth": {}}, "revenueEstimate": {"avg": 0, "low": 0, "high": 0, "numberOfAnalysts": 0, "yearAgoRevenue": {}, "growth": {}}, "epsTrend": {"current": 0.0, "7daysAgo": 0.0, "30daysAgo": 0.0, "60daysAgo": 0.0, "90daysAgo": 0.0}, "epsRevisions": {"upLast7days": 0, "upLast30days": 0, "downLast30days": 0, "downLast90days": {}}}, {"maxAge": 1, "period": "0y", "endDate": null, "growth": {}, "earningsEstimate": {"avg": 0.0, "low": 0.0, "high": 0.0, "yearAgoEps": {}, "numberOfAnalysts": 0, "growth": {}}, "revenueEstimate": {"avg": 0, "low": 0, "high": 0, "numberOfAnalysts": 0, "yearAgoRevenue": {}, "growth": {}}, "epsTrend": {"current": 0.0, "7daysAgo": 0.0, "30daysAgo": 0.0, "60daysAgo": 0.0, "90daysAgo": 0.0}, "epsRevisions": {"upLast7days": 0, "upLast30days": 0, "downLast30days": 0, "downLast90days": {}}}, {"maxAge": 1, "period": "+1y", "endDate": null, "growth": {}, "earningsEstimate": {"avg": 0.0, "low": 0.0, "high": 0.0, "yearAgoEps": {}, "numberOfAnalysts": 0, "growth": {}}, "revenueEstimate": {"avg": 0, "low": 0, "high": 0, "numberOfAnalysts": 0, "yearAgoRevenue": {}, "growth": {}}, "epsTrend": {"current": 0.0, "7daysAgo": 0.0, "30daysAgo": 0.0, "60daysAgo": 0.0, "90daysAgo": 0.0}, "epsRevisions": {"upLast7days": 0, "upLast30days": 0, "downLast30days": 0, "downLast90days": {}}}, {"maxAge": 1, "period": "+5y", "endDate": null, "growth": {}, "earningsEstimate": {"avg": {}, "low": {}, "high": {}, "yearAgoEps": {}, "numberOfAnalysts": {}, "growth": {}}, "revenueEstimate": {"avg": {}, "low": {}, "high": {}, "numberOfAnalysts": {}, "yearAgoRevenue": {}, "growth": {}}, "epsTrend": {"current": {}, "7daysAgo": {}, "30daysAgo": {}, "60daysAgo": {}, "90daysAgo": {}}, "epsRevisions": {"upLast7days": {}, "upLast30days": {}, "downLast30days": {}, "downLast90days": {}}}, {"maxAge": 1, "period": "-5y", "endDate": null, "growth": {}, "earningsEstimate": {"avg": {}, "low": {}, "high": {}, "yearAgoEps": {}, "numberOfAnalysts": {}, "growth": {}}, "revenueEstimate": {"avg": {}, "low": {}, "high": {}, "numberOfAnalysts": {}, "yearAgoRevenue": {}, "growth": {}}, "epsTrend": {"current": {}, "7daysAgo": {}, "30daysAgo": {}, "60daysAgo": {}, "90daysAgo": {}}, "epsRevisions": {"upLast7days": {}, "upLast30days": {}, "downLast30days": {}, "downLast90days": {}}}], "maxAge": 1}, "financialData": {"maxAge": 86400, "currentPrice": 14.95, "recommendationKey": "none", "grossProfits": 45456620, "financialCurrency": "INR"}}}