{"SEAMECLTD.NS": {"assetProfile": {"address1": "A-901-905, 215 Atrium", "address2": "9th Floor Andheri Kurla Road Andheri East", "city": "Mumbai", "zip": "400093", "country": "India", "phone": "91 22 6694 1800", "fax": "91 22 6694 1818", "website": "http://www.seamec.in", "industry": "Marine Shipping", "sector": "Industrials", "longBusinessSummary": "Seamec Limited owns and operates multi support vessels for providing support services to offshore oilfields in India and internationally. Its services include vessel management, marine management, dive support, firefighting, subsea construction, ROV support, pipe laying, rescue operations, logistics, mooring and de-mooring, and carnage services. The company also operates bulk carrier vessels for providing bulk carrier services. The company was formerly known as South East Asia Marine Engineering & Construction Limited and changed its name to Seamec Limited in June 2007. Seamec Limited was incorporated in 1986 and is based in Mumbai, India. Seamec Limited is a subsidiary of HAL Offshore Limited.", "fullTimeEmployees": 446, "companyOfficers": [{"maxAge": 1, "name": "Mr. Vinay Kumar Agarwal", "title": "Chief Financial Officer", "fiscalYear": 2020, "totalPay": 4857413, "exercisedValue": 0, "unexercisedValue": 0}, {"maxAge": 1, "name": "Mr. Sachidananda N. Mohanty", "age": 63, "title": "Pres of Corp. Affairs & Legal, Company Sec. and Compliance Officer", "yearBorn": 1957, "fiscalYear": 2020, "totalPay": 6639864, "exercisedValue": 0, "unexercisedValue": 0}, {"maxAge": 1, "name": "Mr. Naveen  Mohta", "age": 47, "title": "Whole Time Director", "yearBorn": 1973, "fiscalYear": 2019, "exercisedValue": 0, "unexercisedValue": 0}], "compensationAsOfEpochDate": "2020-12-31 05:30:00", "maxAge": 86400}, "cashflowStatementHistory": {"cashflowStatements": [{"maxAge": 1, "endDate": "2020-03-31", "netIncome": 1332480000, "depreciation": 545050000, "changeToNetincome": -136600000, "changeToAccountReceivables": 90060000, "changeToLiabilities": 527320000, "changeToInventory": -23150000, "changeToOperatingActivities": -340000, "totalCashFromOperatingActivities": 2334820000, "capitalExpenditures": -590000000, "investments": -1406280000, "otherCashflowsFromInvestingActivities": 71540000, "totalCashflowsFromInvestingActivities": -1924440000, "netBorrowings": 101630000, "otherCashflowsFromFinancingActivities": -44030000, "totalCashFromFinancingActivities": 57600000, "effectOfExchangeRate": -17450000, "changeInCash": 450530000}, {"maxAge": 1, "endDate": "2019-03-31", "netIncome": 818540000, "depreciation": 517870000, "changeToNetincome": -55980000, "changeToAccountReceivables": -532850000, "changeToLiabilities": 227050000, "changeToInventory": -8920000, "changeToOperatingActivities": 1500000, "totalCashFromOperatingActivities": 968450000, "capitalExpenditures": -1191030000, "investments": -631580000, "otherCashflowsFromInvestingActivities": 78800000, "totalCashflowsFromInvestingActivities": -1692010000, "netBorrowings": 450600000, "otherCashflowsFromFinancingActivities": 34220000, "totalCashFromFinancingActivities": 484820000, "effectOfExchangeRate": 46850000, "changeInCash": -191890000}, {"maxAge": 1, "endDate": "2018-03-31", "netIncome": 10020000, "depreciation": 487940000, "changeToNetincome": -115050000, "changeToAccountReceivables": -10790000, "changeToLiabilities": -105560000, "changeToInventory": 23740000, "changeToOperatingActivities": 1640000, "totalCashFromOperatingActivities": 293200000, "capitalExpenditures": -182300000, "investments": -69510000, "otherCashflowsFromInvestingActivities": 33990000, "totalCashflowsFromInvestingActivities": -204470000, "netBorrowings": -13270000, "otherCashflowsFromFinancingActivities": -6490000, "totalCashFromFinancingActivities": -19760000, "effectOfExchangeRate": -6490000, "changeInCash": 69440000}, {"maxAge": 1, "endDate": "2017-03-31", "netIncome": -1488640000, "depreciation": 478850000, "changeToNetincome": 811400000, "changeToAccountReceivables": 184540000, "changeToLiabilities": 109790000, "changeToInventory": 29610000, "changeToOperatingActivities": -1310000, "totalCashFromOperatingActivities": 125480000, "capitalExpenditures": -784700000, "investments": 626160000, "otherCashflowsFromInvestingActivities": 114420000, "totalCashflowsFromInvestingActivities": -15190000, "netBorrowings": -101090000, "otherCashflowsFromFinancingActivities": -11500000, "totalCashFromFinancingActivities": -112590000, "effectOfExchangeRate": 5110000, "changeInCash": 2810000}], "maxAge": 86400}, "institutionOwnership": {"ownershipList": [], "maxAge": 1}, "majorHoldersBreakdown": {"maxAge": 1, "insidersPercentHeld": 0.84546, "institutionsPercentHeld": 0.0, "institutionsFloatPercentHeld": 0.0, "institutionsCount": 0}, "balanceSheetHistoryQuarterly": {"balanceSheetStatements": [{"maxAge": 1, "endDate": "2020-12-31", "totalStockholderEquity": 5712100000, "netTangibleAssets": 5711900000}, {"maxAge": 1, "endDate": "2020-09-30", "cash": 400000000, "shortTermInvestments": 1556800000, "netReceivables": 874400000, "inventory": 194500000, "otherCurrentAssets": 108100000, "totalCurrentAssets": 3133800000, "longTermInvestments": 2565800000, "propertyPlantEquipment": 2586000000, "intangibleAssets": 200000, "otherAssets": 66500000, "totalAssets": 8352300000, "accountsPayable": 1340200000, "otherCurrentLiab": 321200000, "longTermDebt": 424500000, "otherLiab": 494000000, "totalCurrentLiabilities": 1721700000, "totalLiab": 2640200000, "commonStock": 254300000, "treasuryStock": 5457800000, "otherStockholderEquity": 5457800000, "totalStockholderEquity": 5712100000, "netTangibleAssets": 5711900000}, {"maxAge": 1, "endDate": "2020-06-30", "totalStockholderEquity": 5611180000, "netTangibleAssets": 5610850000}, {"maxAge": 1, "endDate": "2020-03-31", "cash": 280320000, "shortTermInvestments": 1323220000, "netReceivables": 1637960000, "inventory": 175350000, "otherCurrentAssets": 20500000, "totalCurrentAssets": 3477130000, "longTermInvestments": 2350450000, "propertyPlantEquipment": 2492290000, "intangibleAssets": 330000, "otherAssets": 74040000, "totalAssets": 8394240000, "accountsPayable": 1503860000, "shortLongTermDebt": 140500000, "otherCurrentLiab": 36090000, "longTermDebt": 503910000, "otherLiab": 349130000, "totalCurrentLiabilities": 1869020000, "totalLiab": 2783060000, "commonStock": 254250000, "retainedEarnings": 5209750000, "treasuryStock": 147180000, "otherStockholderEquity": 147180000, "totalStockholderEquity": 5611180000, "netTangibleAssets": 5610850000}], "maxAge": 86400}, "indexTrend": {"maxAge": 1, "symbol": "SP5", "peRatio": 19.7411, "pegRatio": 1.34172, "estimates": [{"period": "0q", "growth": 0.549}, {"period": "+1q", "growth": 0.431}, {"period": "0y", "growth": 0.305}, {"period": "+1y", "growth": 0.109}, {"period": "+5y", "growth": 0.120865}, {"period": "-5y"}]}, "defaultKeyStatistics": {"maxAge": 1, "priceHint": 2, "enterpriseValue": 9039159296, "profitMargins": 0.40512002, "floatShares": 3993198, "sharesOutstanding": 25425000, "heldPercentInsiders": 0.84546, "heldPercentInstitutions": 0.0, "beta": 0.999543, "category": null, "bookValue": 224.43, "priceToBook": 1.8217262, "fundFamily": null, "legalType": null, "lastFiscalYearEnd": "2020-03-31 05:30:00", "nextFiscalYearEnd": "2022-03-31 05:30:00", "mostRecentQuarter": "2020-12-31 05:30:00", "earningsQuarterlyGrowth": 0.733, "netIncomeToCommon": 1037680000, "trailingEps": 40.807, "lastSplitFactor": null, "enterpriseToRevenue": 3.529, "enterpriseToEbitda": 12.235}, "summaryProfile": {"address1": "A-901-905, 215 Atrium", "address2": "9th Floor Andheri Kurla Road Andheri East", "city": "Mumbai", "zip": "400093", "country": "India", "phone": "91 22 6694 1800", "fax": "91 22 6694 1818", "website": "http://www.seamec.in", "industry": "Marine Shipping", "sector": "Industrials", "longBusinessSummary": "Seamec Limited owns and operates multi support vessels for providing support services to offshore oilfields in India and internationally. Its services include vessel management, marine management, dive support, firefighting, subsea construction, ROV support, pipe laying, rescue operations, logistics, mooring and de-mooring, and carnage services. The company also operates bulk carrier vessels for providing bulk carrier services. The company was formerly known as South East Asia Marine Engineering & Construction Limited and changed its name to Seamec Limited in June 2007. Seamec Limited was incorporated in 1986 and is based in Mumbai, India. Seamec Limited is a subsidiary of HAL Offshore Limited.", "fullTimeEmployees": 446, "companyOfficers": [], "maxAge": 86400}, "netSharePurchaseActivity": {"maxAge": 1, "period": "6m", "buyInfoCount": 0, "buyInfoShares": 0, "sellInfoCount": 0, "netInfoCount": 0, "netInfoShares": 0, "netPercentInsiderShares": 0.0, "totalInsiderShares": 21503750}, "insiderTransactions": {"transactions": [{"maxAge": 1, "shares": 114500, "value": 652066, "filerUrl": "", "transactionText": "Acquisition at price 5.69 per share.", "filerName": "HAL Offshore Ltd", "filerRelation": "Promoter", "moneyText": "", "startDate": "2020-09-28", "ownership": "D"}, {"maxAge": 1, "shares": 173599, "filerUrl": "", "transactionText": "", "filerName": "Agrawal (Sanjeev)", "filerRelation": "Chairman of the Board", "moneyText": "", "startDate": "2020-03-25", "ownership": "D"}, {"maxAge": 1, "shares": 3565, "filerUrl": "", "transactionText": "", "filerName": "Agrawal (Deepti)", "filerRelation": "Promoter", "moneyText": "", "startDate": "2019-11-29", "ownership": "D"}, {"maxAge": 1, "shares": 7285, "filerUrl": "", "transactionText": "", "filerName": "Agrawal (Deepti)", "filerRelation": "Promoter", "moneyText": "", "startDate": "2019-11-28", "ownership": "D"}, {"maxAge": 1, "shares": 7600, "filerUrl": "", "transactionText": "", "filerName": "Agrawal (Deepti)", "filerRelation": "UNREPORTED", "moneyText": "", "startDate": "2019-11-27", "ownership": "D"}, {"maxAge": 1, "shares": 30550, "filerUrl": "", "transactionText": "", "filerName": "Agrawal (Deepti)", "filerRelation": "UNREPORTED", "moneyText": "", "startDate": "2019-09-30", "ownership": "D"}, {"maxAge": 1, "shares": 6650, "filerUrl": "", "transactionText": "", "filerName": "Agrawal (Deepti)", "filerRelation": "UNREPORTED", "moneyText": "", "startDate": "2019-09-27", "ownership": "D"}, {"maxAge": 1, "shares": 44000, "filerUrl": "", "transactionText": "", "filerName": "Agrawal (Deepti)", "filerRelation": "UNREPORTED", "moneyText": "", "startDate": "2019-09-26", "ownership": "D"}, {"maxAge": 1, "shares": 63000, "filerUrl": "", "transactionText": "", "filerName": "Agrawal (Sanjeev)", "filerRelation": "Chairman of the Board", "moneyText": "", "startDate": "2019-09-25", "ownership": "D"}, {"maxAge": 1, "shares": 100000, "filerUrl": "", "transactionText": "", "filerName": "Agrawal (Sanjeev)", "filerRelation": "Chairman of the Board", "moneyText": "", "startDate": "2019-09-24", "ownership": "D"}, {"maxAge": 1, "shares": 25000, "filerUrl": "", "transactionText": "", "filerName": "Agrawal (Sanjeev)", "filerRelation": "Chairman of the Board", "moneyText": "", "startDate": "2019-09-19", "ownership": "D"}, {"maxAge": 1, "shares": 18000, "filerUrl": "", "transactionText": "", "filerName": "Agrawal (Sanjeev)", "filerRelation": "Chairman of the Board", "moneyText": "", "startDate": "2019-09-18", "ownership": "D"}, {"maxAge": 1, "shares": 840000, "filerUrl": "", "transactionText": "", "filerName": "HAL Offshore Ltd", "filerRelation": "Promoter", "moneyText": "", "startDate": "2017-06-30", "ownership": "D"}, {"maxAge": 1, "shares": 6897525, "filerUrl": "", "transactionText": "", "filerName": "HAL Offshore Ltd", "filerRelation": "Promoter", "moneyText": "", "startDate": "2015-11-24", "ownership": "D"}, {"maxAge": 1, "shares": 8134176, "filerUrl": "", "transactionText": "", "filerName": "Coflexip Stena Offshore Mauritius Ltd", "filerRelation": "Institution- Corporation", "moneyText": "", "startDate": "2014-09-26", "ownership": "D"}, {"maxAge": 1, "shares": 8136000, "filerUrl": "", "transactionText": "", "filerName": "HAL Offshore Ltd", "filerRelation": "Promoter", "moneyText": "", "startDate": "2014-09-26", "ownership": "D"}, {"maxAge": 1, "shares": 17289000, "filerUrl": "", "transactionText": "", "filerName": "HAL Offshore Ltd", "filerRelation": "Promoter", "moneyText": "", "startDate": "2014-06-03", "ownership": "D"}, {"maxAge": 1, "shares": 17289000, "filerUrl": "", "transactionText": "", "filerName": "Coflexip Stena Offshore Mauritius Ltd", "filerRelation": "Promoter", "moneyText": "", "startDate": "2014-06-03", "ownership": "D"}], "maxAge": 1}, "quoteType": {"exchange": "NSI", "quoteType": "EQUITY", "symbol": "SEAMECLTD.NS", "underlyingSymbol": "SEAMECLTD.NS", "shortName": "SEAMEC LTD", "longName": "Seamec Limited", "firstTradeDateEpochUtc": "2002-07-01 09:15:00", "timeZoneFullName": "Asia/Kolkata", "timeZoneShortName": "IST", "uuid": "0ea3eabd-fa5c-3a4c-8d44-e288c855f38f", "gmtOffSetMilliseconds": 19800000, "maxAge": 1}, "incomeStatementHistory": {"incomeStatementHistory": [{"maxAge": 1, "endDate": "2020-03-31", "totalRevenue": 3841030000, "costOfRevenue": 2087160000, "grossProfit": 1753870000, "researchDevelopment": {}, "sellingGeneralAdministrative": 3790000, "nonRecurring": {}, "otherOperatingExpenses": -7360000, "totalOperatingExpenses": 2634300000, "operatingIncome": 1206730000, "totalOtherIncomeExpenseNet": 180160000, "ebit": 1206730000, "interestExpense": -50660000, "incomeBeforeTax": 1386890000, "incomeTaxExpense": 54410000, "minorityInterest": {}, "netIncomeFromContinuingOps": 1332480000, "discontinuedOperations": {}, "extraordinaryItems": {}, "effectOfAccountingCharges": {}, "otherItems": {}, "netIncome": 1332480000, "netIncomeApplicableToCommonShares": 1332480000}, {"maxAge": 1, "endDate": "2019-03-31", "totalRevenue": 3136960000, "costOfRevenue": 1742750000, "grossProfit": 1394210000, "researchDevelopment": {}, "sellingGeneralAdministrative": 25280000, "nonRecurring": {}, "otherOperatingExpenses": 118600000, "totalOperatingExpenses": 2405740000, "operatingIncome": 731220000, "totalOtherIncomeExpenseNet": 125800000, "ebit": 731220000, "interestExpense": -34220000, "incomeBeforeTax": 857020000, "incomeTaxExpense": 38480000, "minorityInterest": {}, "netIncomeFromContinuingOps": 818540000, "discontinuedOperations": {}, "extraordinaryItems": {}, "effectOfAccountingCharges": {}, "otherItems": {}, "netIncome": 818540000, "netIncomeApplicableToCommonShares": 818540000}, {"maxAge": 1, "endDate": "2018-03-31", "totalRevenue": 1936010000, "costOfRevenue": 1437050000, "grossProfit": 498960000, "researchDevelopment": {}, "sellingGeneralAdministrative": 27500000, "nonRecurring": {}, "otherOperatingExpenses": -32360000, "totalOperatingExpenses": 1974900000, "operatingIncome": -38890000, "totalOtherIncomeExpenseNet": 68640000, "ebit": -38890000, "interestExpense": -7900000, "incomeBeforeTax": 29750000, "incomeTaxExpense": 19730000, "minorityInterest": {}, "netIncomeFromContinuingOps": 10020000, "discontinuedOperations": {}, "extraordinaryItems": {}, "effectOfAccountingCharges": {}, "otherItems": {}, "netIncome": 10020000, "netIncomeApplicableToCommonShares": 10020000}, {"maxAge": 1, "endDate": "2017-03-31", "totalRevenue": 2075740000, "costOfRevenue": 1702970000, "grossProfit": 372770000, "researchDevelopment": {}, "sellingGeneralAdministrative": 51930000, "nonRecurring": {}, "otherOperatingExpenses": 1448230000, "totalOperatingExpenses": 3685180000, "operatingIncome": -1609440000, "totalOtherIncomeExpenseNet": 162110000, "ebit": -1609440000, "interestExpense": -26610000, "incomeBeforeTax": -1447330000, "incomeTaxExpense": 41310000, "minorityInterest": {}, "netIncomeFromContinuingOps": -1488640000, "discontinuedOperations": {}, "extraordinaryItems": {}, "effectOfAccountingCharges": {}, "otherItems": {}, "netIncome": -1488640000, "netIncomeApplicableToCommonShares": -1488640000}], "maxAge": 86400}, "fundOwnership": {"ownershipList": [], "maxAge": 1}, "summaryDetail": {"maxAge": 1, "priceHint": 2, "previousClose": 413.6, "open": 413.6, "dayLow": 408.1, "dayHigh": 416.6, "regularMarketPreviousClose": 413.6, "regularMarketOpen": 413.6, "regularMarketDayLow": 408.1, "regularMarketDayHigh": 416.6, "dividendRate": 2.0, "dividendYield": 0.0047999998, "exDividendDate": "2021-02-18 05:30:00", "payoutRatio": 0.024500001, "beta": 0.999543, "trailingPE": 10.0191145, "volume": 2930, "regularMarketVolume": 2930, "averageVolume": 102980, "averageVolume10days": 222527, "averageDailyVolume10Day": 222527, "bid": 0.0, "ask": 0.0, "bidSize": 0, "askSize": 0, "marketCap": 10366105600, "fiftyTwoWeekLow": 284.05, "fiftyTwoWeekHigh": 520.05, "priceToSalesTrailing12Months": 4.0469995, "fiftyDayAverage": 455.60147, "twoHundredDayAverage": 436.61774, "trailingAnnualDividendRate": 1.0, "trailingAnnualDividendYield": 0.002417795, "currency": "INR", "fromCurrency": null, "lastMarket": null, "algorithm": null, "tradeable": false}, "incomeStatementHistoryQuarterly": {"incomeStatementHistory": [{"maxAge": 1, "endDate": "2020-12-31", "totalRevenue": 647300000, "costOfRevenue": 482700000, "grossProfit": 164600000, "researchDevelopment": {}, "sellingGeneralAdministrative": {}, "nonRecurring": {}, "otherOperatingExpenses": 11400000, "totalOperatingExpenses": 648600000, "operatingIncome": -1300000, "totalOtherIncomeExpenseNet": 710500000, "ebit": -1300000, "interestExpense": -13500000, "incomeBeforeTax": 709200000, "incomeTaxExpense": 21200000, "minorityInterest": {}, "netIncomeFromContinuingOps": 688000000, "discontinuedOperations": {}, "extraordinaryItems": {}, "effectOfAccountingCharges": {}, "otherItems": {}, "netIncome": 688000000, "netIncomeApplicableToCommonShares": 688000000}, {"maxAge": 1, "endDate": "2020-09-30", "totalRevenue": 582800000, "costOfRevenue": 345200000, "grossProfit": 237600000, "researchDevelopment": {}, "sellingGeneralAdministrative": {}, "nonRecurring": {}, "otherOperatingExpenses": 10800000, "totalOperatingExpenses": 473200000, "operatingIncome": 109600000, "totalOtherIncomeExpenseNet": 62900000, "ebit": 109600000, "interestExpense": -12400000, "incomeBeforeTax": 172500000, "incomeTaxExpense": 17500000, "minorityInterest": {}, "netIncomeFromContinuingOps": 155000000, "discontinuedOperations": {}, "extraordinaryItems": {}, "effectOfAccountingCharges": {}, "otherItems": {}, "netIncome": 155000000, "netIncomeApplicableToCommonShares": 155000000}, {"maxAge": 1, "endDate": "2020-06-30", "totalRevenue": 369200000, "costOfRevenue": 369100000, "grossProfit": 100000, "researchDevelopment": {}, "sellingGeneralAdministrative": {}, "nonRecurring": {}, "otherOperatingExpenses": 11500000, "totalOperatingExpenses": 498300000, "operatingIncome": -129100000, "totalOtherIncomeExpenseNet": 122900000, "ebit": -129100000, "interestExpense": -14100000, "incomeBeforeTax": -6200000, "incomeTaxExpense": 26600000, "minorityInterest": {}, "netIncomeFromContinuingOps": -32800000, "discontinuedOperations": {}, "extraordinaryItems": {}, "effectOfAccountingCharges": {}, "otherItems": {}, "netIncome": -32800000, "netIncomeApplicableToCommonShares": -32800000}, {"maxAge": 1, "endDate": "2020-03-31", "totalRevenue": 962130000, "costOfRevenue": 597760000, "grossProfit": 364370000, "researchDevelopment": {}, "sellingGeneralAdministrative": 3790000, "nonRecurring": {}, "otherOperatingExpenses": -860000, "totalOperatingExpenses": 734500000, "operatingIncome": 227630000, "totalOtherIncomeExpenseNet": 22960000, "ebit": 227630000, "interestExpense": -12360000, "incomeBeforeTax": 250590000, "incomeTaxExpense": 23110000, "minorityInterest": {}, "netIncomeFromContinuingOps": 227480000, "discontinuedOperations": {}, "extraordinaryItems": {}, "effectOfAccountingCharges": {}, "otherItems": {}, "netIncome": 227480000, "netIncomeApplicableToCommonShares": 227480000}], "maxAge": 86400}, "cashflowStatementHistoryQuarterly": {"cashflowStatements": [{"maxAge": 1, "endDate": "2020-12-31", "netIncome": 688000000, "changeToLiabilities": 0}, {"maxAge": 1, "endDate": "2020-09-30", "netIncome": 155000000, "changeToLiabilities": 0}, {"maxAge": 1, "endDate": "2020-06-30", "netIncome": -32800000, "changeToLiabilities": 0}, {"maxAge": 1, "endDate": "2020-03-31", "netIncome": 227480000, "changeToLiabilities": 0}], "maxAge": 86400}, "insiderHolders": {"holders": [{"maxAge": 1, "name": "Agrawal (Deepti)", "relation": "Promoter", "url": "", "transactionDescription": "Acquisition", "latestTransDate": "2019-11-29", "positionDirect": 99650, "positionDirectDate": "2019-11-29"}, {"maxAge": 1, "name": "Agrawal (Sanjeev)", "relation": "Chairman of the Board", "url": "", "transactionDescription": "Acquisition", "latestTransDate": "2020-03-25", "positionDirect": 395476, "positionDirectDate": "2020-03-25"}, {"maxAge": 1, "name": "Coflexip Stena Offshore Mauritius Ltd", "relation": "Institution- Corporation", "url": "", "transactionDescription": "Other", "latestTransDate": "2014-09-26", "positionDirect": 1824, "positionDirectDate": "2014-09-26"}, {"maxAge": 1, "name": "HAL Offshore Ltd", "relation": "Promoter", "url": "", "transactionDescription": "Acquisition", "latestTransDate": "2020-09-28", "positionDirect": 17801975, "positionDirectDate": "2020-09-28"}], "maxAge": 1}, "calendarEvents": {"maxAge": 1, "earnings": {"earningsDate": []}, "exDividendDate": "2021-02-18 05:30:00"}, "upgradeDowngradeHistory": {"history": [], "maxAge": 86400}, "price": {"maxAge": 1, "regularMarketChangePercent": -0.011484526, "regularMarketChange": -4.75, "regularMarketTime": "2021-04-30 15:29:06", "priceHint": 2, "regularMarketPrice": 408.85, "regularMarketDayHigh": 416.6, "regularMarketDayLow": 408.1, "regularMarketVolume": 2930, "averageDailyVolume10Day": 222527, "averageDailyVolume3Month": 102980, "regularMarketPreviousClose": 413.6, "regularMarketSource": "FREE_REALTIME", "regularMarketOpen": 413.6, "exchange": "NSI", "exchangeName": "NSE", "exchangeDataDelayedBy": 15, "marketState": "CLOSED", "quoteType": "EQUITY", "symbol": "SEAMECLTD.NS", "underlyingSymbol": null, "shortName": "SEAMEC LTD", "longName": "Seamec Limited", "currency": "INR", "quoteSourceName": "Delayed Quote", "currencySymbol": "\u20b9", "fromCurrency": null, "lastMarket": null, "marketCap": 10366105600}, "balanceSheetHistory": {"balanceSheetStatements": [{"maxAge": 1, "endDate": "2020-03-31", "cash": 280320000, "shortTermInvestments": 1323220000, "netReceivables": 1637960000, "inventory": 175350000, "otherCurrentAssets": 20500000, "totalCurrentAssets": 3477130000, "longTermInvestments": 2350450000, "propertyPlantEquipment": 2492290000, "intangibleAssets": 330000, "otherAssets": 74040000, "totalAssets": 8394240000, "accountsPayable": 1503860000, "shortLongTermDebt": 140500000, "otherCurrentLiab": 36090000, "longTermDebt": 503910000, "otherLiab": 349130000, "totalCurrentLiabilities": 1869020000, "totalLiab": 2783060000, "commonStock": 254250000, "retainedEarnings": 5209750000, "treasuryStock": 147180000, "otherStockholderEquity": 147180000, "totalStockholderEquity": 5611180000, "netTangibleAssets": 5610850000}, {"maxAge": 1, "endDate": "2019-03-31", "cash": 19960000, "shortTermInvestments": 604160000, "netReceivables": 1664650000, "inventory": 152200000, "otherCurrentAssets": 6260000, "totalCurrentAssets": 2675470000, "longTermInvestments": 1419280000, "propertyPlantEquipment": 2355660000, "intangibleAssets": 1320000, "otherAssets": 88080000, "totalAssets": 6539810000, "accountsPayable": 1232440000, "shortLongTermDebt": 71150000, "otherCurrentLiab": 32990000, "longTermDebt": 379450000, "otherLiab": 97210000, "totalCurrentLiabilities": 1766180000, "totalLiab": 2242840000, "commonStock": 254250000, "retainedEarnings": 3877270000, "treasuryStock": 165450000, "otherStockholderEquity": 165450000, "totalStockholderEquity": 4296970000, "netTangibleAssets": 4295650000}, {"maxAge": 1, "endDate": "2018-03-31", "cash": 13140000, "shortTermInvestments": 683560000, "netReceivables": 1237210000, "inventory": 143280000, "otherCurrentAssets": 57910000, "totalCurrentAssets": 2333830000, "longTermInvestments": 702460000, "propertyPlantEquipment": 1684030000, "intangibleAssets": 2420000, "otherAssets": 103410000, "totalAssets": 4826150000, "accountsPayable": 1016470000, "otherCurrentLiab": 50930000, "otherLiab": 30900000, "totalCurrentLiabilities": 1363050000, "totalLiab": 1393950000, "commonStock": 254250000, "retainedEarnings": 3058740000, "treasuryStock": 119210000, "otherStockholderEquity": 119210000, "totalStockholderEquity": 3432200000, "netTangibleAssets": 3429780000}, {"maxAge": 1, "endDate": "2017-03-31", "cash": 38410000, "shortTermInvestments": 939600000, "netReceivables": 1156430000, "inventory": 167020000, "otherCurrentAssets": 17070000, "totalCurrentAssets": 2329140000, "longTermInvestments": 347520000, "propertyPlantEquipment": 2072130000, "intangibleAssets": 2930000, "otherAssets": 276000000, "totalAssets": 5027720000, "accountsPayable": 1184850000, "otherCurrentLiab": 58450000, "otherLiab": 23120000, "totalCurrentLiabilities": 1588440000, "totalLiab": 1611560000, "commonStock": 254250000, "retainedEarnings": 3048720000, "treasuryStock": 113190000, "otherStockholderEquity": 113190000, "totalStockholderEquity": 3416160000, "netTangibleAssets": 3413230000}], "maxAge": 86400}, "financialData": {"maxAge": 86400, "currentPrice": 408.85, "recommendationKey": "none", "totalCash": 1956800000, "totalCashPerShare": 76.935, "ebitda": 738819968, "totalDebt": 476300000, "totalRevenue": 2561430016, "debtToEquity": 8.338, "revenuePerShare": 100.729, "grossProfits": 1753870000, "earningsGrowth": 0.732, "revenueGrowth": -0.389, "grossMargins": 0.29931, "ebitdaMargins": 0.28844, "operatingMargins": 0.08118, "profitMargins": 0.40512002, "financialCurrency": "INR"}}}