{"SECURKLOUD.NS": {"assetProfile": {"address1": "Srinivas Towers", "address2": "IInd Floor No. 5, Cenotaph Road Teynampet", "city": "Chennai", "zip": "600018", "country": "India", "phone": "91 44 6602 8000", "fax": "91 44 4300 9049", "website": "http://www.8kmiles.com", "industry": "Software\u2014Application", "sector": "Technology", "longBusinessSummary": "SecureKloud Technologies Limited provides information and technology services in the United States, India, the Middle East, North America, and internationally. The company's solutions include CloudEz, an enterprise cloud management solution; EzIAM, an user life cycle management platform; CloudAuth, a multi-factor authentication-as-a-service for governing enterprise applications; DataEz, a data lake management platform; CloudEzRX, an user life cycle management platform; and CloudEzSecure, a cloud framework that provides security, which surpasses stringent security regulations. Its solutions also comprise multi-domain identity services platform, an on-demand platform that extends the capabilities of existing identity management, SSO, and legacy services; Cassandra-as-a-Service, a combination of integrated consulting and operations to enhance agility; Automaton, a cloud platform to manage security, cost, and performance in cloud; HER, an end-to-end HER services; and EzMFA, a multi-factor authentication solution for enterprise applications. In addition, the company provides cloud transformation, identity access management, Big data, cloud data analytics, managed, and UI/UX services. It serves healthcare and pharma industries. The company was formerly known as 8K Miles Software Services Limited and changed its name to SecureKloud Technologies Limited in January 2021. SecureKloud Technologies Limited was incorporated in 1985 and is based in Chennai, India.", "fullTimeEmployees": 520, "companyOfficers": [{"maxAge": 1, "name": "Mr. Suresh  Venkatachari", "age": 53, "title": "Founder, CEO & Chairman", "yearBorn": 1967, "exercisedValue": 0, "unexercisedValue": 0}, {"maxAge": 1, "name": "Mr. Harish  Ganesan", "title": "Co-Founder", "exercisedValue": 0, "unexercisedValue": 0}, {"maxAge": 1, "name": "Mr. Thyagarajan  Ramachandran", "title": "Chief Financial Officer", "exercisedValue": 0, "unexercisedValue": 0}, {"maxAge": 1, "name": "Mr. Lakshmanan  Kannappan", "age": 53, "title": "COO, Head of Cloud IAM Bus. & Director", "yearBorn": 1967, "fiscalYear": 2019, "totalPay": 0, "exercisedValue": 0, "unexercisedValue": 0}, {"maxAge": 1, "name": "Mr. Raj  Srinivas", "title": "Chief Technology Officer", "exercisedValue": 0, "unexercisedValue": 0}, {"maxAge": 1, "name": "Mr. Ganesh Sri Vignesh", "title": "Company Sec. & Compliance Officer", "exercisedValue": 0, "unexercisedValue": 0}, {"maxAge": 1, "name": "Ms. Archana  Ramesh", "title": "Director of Marketing", "exercisedValue": 0, "unexercisedValue": 0}, {"maxAge": 1, "name": "Mr. Anand  KN", "title": "VP of HR", "exercisedValue": 0, "unexercisedValue": 0}, {"maxAge": 1, "name": "Mr. Srinivasan  Ravichandran", "age": 63, "title": "Exec. VP, Head of Indian Operations & Non US Territory Sales & Additional Whole-Time Director", "yearBorn": 1957, "fiscalYear": 2019, "totalPay": 0, "exercisedValue": 0, "unexercisedValue": 0}, {"maxAge": 1, "name": "Mr. Jayakumar  Karuppuswamy", "title": "Head of Big Data & Analytics", "exercisedValue": 0, "unexercisedValue": 0}], "compensationAsOfEpochDate": "2019-12-31 05:30:00", "maxAge": 86400}, "cashflowStatementHistory": {"cashflowStatements": [{"maxAge": 1, "endDate": "2020-03-31", "netIncome": -5017822000, "depreciation": 95745000, "changeToNetincome": 3963273000, "changeToAccountReceivables": 1206775000, "changeToLiabilities": -220499000, "changeToOperatingActivities": 836183000, "totalCashFromOperatingActivities": 863655000, "capitalExpenditures": -2883000, "totalCashflowsFromInvestingActivities": -2883000, "netBorrowings": -77729000, "otherCashflowsFromFinancingActivities": -130265000, "totalCashFromFinancingActivities": -207994000, "effectOfExchangeRate": -654979000, "changeInCash": -2201000}, {"maxAge": 1, "endDate": "2019-03-31", "netIncome": 687177000, "depreciation": 104965000, "changeToNetincome": -246943000, "changeToAccountReceivables": 149088000, "changeToLiabilities": 417996000, "changeToOperatingActivities": 137272000, "totalCashFromOperatingActivities": 1840573000, "capitalExpenditures": -2975080000, "investments": -2204000, "otherCashflowsFromInvestingActivities": 688339000, "totalCashflowsFromInvestingActivities": -2324363000, "netBorrowings": 358731000, "otherCashflowsFromFinancingActivities": -127437000, "totalCashFromFinancingActivities": 231294000, "effectOfExchangeRate": 231728000, "changeInCash": -20768000}, {"maxAge": 1, "endDate": "2018-03-31", "netIncome": 1716162000, "depreciation": 94261000, "changeToNetincome": 338195000, "changeToAccountReceivables": -1228147000, "changeToLiabilities": 252910000, "changeToOperatingActivities": -79980000, "totalCashFromOperatingActivities": 1251008000, "capitalExpenditures": -1895622000, "investments": -199600000, "otherCashflowsFromInvestingActivities": -356955000, "totalCashflowsFromInvestingActivities": -2303064000, "dividendsPaid": -30447000, "netBorrowings": 456937000, "otherCashflowsFromFinancingActivities": -82781000, "totalCashFromFinancingActivities": 343709000, "effectOfExchangeRate": -77664000, "changeInCash": -786011000}, {"maxAge": 1, "endDate": "2017-03-31", "netIncome": 1044708000, "depreciation": 43903000, "changeToNetincome": 336752000, "changeToAccountReceivables": -534874000, "changeToLiabilities": -15050000, "changeToOperatingActivities": -249412000, "totalCashFromOperatingActivities": 717287000, "capitalExpenditures": -377271000, "investments": -239356000, "otherCashflowsFromInvestingActivities": -3186000, "totalCashflowsFromInvestingActivities": -566719000, "dividendsPaid": -30447000, "netBorrowings": 306838000, "otherCashflowsFromFinancingActivities": -12135000, "totalCashFromFinancingActivities": 454875000, "effectOfExchangeRate": -77664000, "changeInCash": 605443000, "issuanceOfStock": 160172000}], "maxAge": 86400}, "institutionOwnership": {"ownershipList": [], "maxAge": 1}, "majorHoldersBreakdown": {"maxAge": 1, "insidersPercentHeld": 0.48133, "institutionsPercentHeld": 1.0000001e-05, "institutionsFloatPercentHeld": 1.0000001e-05, "institutionsCount": 1}, "balanceSheetHistoryQuarterly": {"balanceSheetStatements": [{"maxAge": 1, "endDate": "2020-12-31", "totalStockholderEquity": 250435000, "netTangibleAssets": -1575690000}, {"maxAge": 1, "endDate": "2020-09-30", "cash": 67152000, "shortTermInvestments": 76635000, "netReceivables": 386790000, "otherCurrentAssets": 38128000, "totalCurrentAssets": 568705000, "propertyPlantEquipment": 31167000, "goodWill": 1498323000, "intangibleAssets": 327802000, "otherAssets": 7506000, "totalAssets": 2433503000, "accountsPayable": 449382000, "otherCurrentLiab": 272435000, "longTermDebt": 708158000, "otherLiab": 95483000, "minorityInterest": 16905000, "totalCurrentLiabilities": 1362522000, "totalLiab": 2166163000, "commonStock": 152588000, "treasuryStock": 97847000, "otherStockholderEquity": 97847000, "totalStockholderEquity": 250435000, "netTangibleAssets": -1575690000}, {"maxAge": 1, "endDate": "2020-06-30", "totalStockholderEquity": 267572000, "netTangibleAssets": -1501104000}, {"maxAge": 1, "endDate": "2020-03-31", "cash": 79344000, "netReceivables": 505689000, "otherCurrentAssets": 2759000, "totalCurrentAssets": 602908000, "propertyPlantEquipment": 46992000, "goodWill": 1383009000, "intangibleAssets": 385667000, "otherAssets": 9632000, "totalAssets": 2428208000, "accountsPayable": 611659000, "shortLongTermDebt": 175897000, "otherCurrentLiab": 145030000, "longTermDebt": 471720000, "otherLiab": 96642000, "minorityInterest": 44933000, "totalCurrentLiabilities": 1547241000, "totalLiab": 2115603000, "commonStock": 152588000, "retainedEarnings": -718234000, "treasuryStock": 221350000, "capitalSurplus": 611968000, "otherStockholderEquity": 221350000, "totalStockholderEquity": 267672000, "netTangibleAssets": -1501004000}], "maxAge": 86400}, "indexTrend": {"maxAge": 1, "symbol": "SP5", "peRatio": 19.7411, "pegRatio": 1.34172, "estimates": [{"period": "0q", "growth": 0.549}, {"period": "+1q", "growth": 0.431}, {"period": "0y", "growth": 0.305}, {"period": "+1y", "growth": 0.109}, {"period": "+5y", "growth": 0.120865}, {"period": "-5y"}]}, "defaultKeyStatistics": {"maxAge": 1, "priceHint": 2, "enterpriseValue": 3965612800, "profitMargins": -0.37564, "floatShares": 16669937, "sharesOutstanding": 30517600, "heldPercentInsiders": 0.48133, "heldPercentInstitutions": 1.0000001e-05, "beta": 1.204202, "category": null, "bookValue": 8.12, "priceToBook": 10.9482765, "fundFamily": null, "legalType": null, "lastFiscalYearEnd": "2020-03-31 05:30:00", "nextFiscalYearEnd": "2022-03-31 05:30:00", "mostRecentQuarter": "2020-12-31 05:30:00", "earningsQuarterlyGrowth": -0.774, "netIncomeToCommon": -1261575040, "trailingEps": -40.871, "lastSplitFactor": null, "enterpriseToRevenue": 1.181, "enterpriseToEbitda": 19.284}, "summaryProfile": {"address1": "Srinivas Towers", "address2": "IInd Floor No. 5, Cenotaph Road Teynampet", "city": "Chennai", "zip": "600018", "country": "India", "phone": "91 44 6602 8000", "fax": "91 44 4300 9049", "website": "http://www.8kmiles.com", "industry": "Software\u2014Application", "sector": "Technology", "longBusinessSummary": "SecureKloud Technologies Limited provides information and technology services in the United States, India, the Middle East, North America, and internationally. The company's solutions include CloudEz, an enterprise cloud management solution; EzIAM, an user life cycle management platform; CloudAuth, a multi-factor authentication-as-a-service for governing enterprise applications; DataEz, a data lake management platform; CloudEzRX, an user life cycle management platform; and CloudEzSecure, a cloud framework that provides security, which surpasses stringent security regulations. Its solutions also comprise multi-domain identity services platform, an on-demand platform that extends the capabilities of existing identity management, SSO, and legacy services; Cassandra-as-a-Service, a combination of integrated consulting and operations to enhance agility; Automaton, a cloud platform to manage security, cost, and performance in cloud; HER, an end-to-end HER services; and EzMFA, a multi-factor authentication solution for enterprise applications. In addition, the company provides cloud transformation, identity access management, Big data, cloud data analytics, managed, and UI/UX services. It serves healthcare and pharma industries. The company was formerly known as 8K Miles Software Services Limited and changed its name to SecureKloud Technologies Limited in January 2021. SecureKloud Technologies Limited was incorporated in 1985 and is based in Chennai, India.", "fullTimeEmployees": 520, "companyOfficers": [], "maxAge": 86400}, "netSharePurchaseActivity": {"maxAge": 1, "period": "6m", "buyInfoCount": 0, "buyInfoShares": 0, "sellInfoCount": 0, "netInfoCount": 0, "netInfoShares": 0, "netPercentInsiderShares": 0.0, "totalInsiderShares": 14689039}, "insiderTransactions": {"transactions": [{"maxAge": 1, "shares": 11934533, "filerUrl": "", "transactionText": "", "filerName": "Venkatachari (Suresh)", "filerRelation": "Promoter", "moneyText": "", "startDate": "2018-09-17", "ownership": "D"}, {"maxAge": 1, "shares": 682506, "filerUrl": "", "transactionText": "", "filerName": "Ramani (R S)", "filerRelation": "Wholetime Director", "moneyText": "", "startDate": "2018-01-22", "ownership": "D"}, {"maxAge": 1, "shares": 25544, "filerUrl": "", "transactionText": "", "filerName": "Bhaskar (M V)", "filerRelation": "UNREPORTED", "moneyText": "", "startDate": "2017-10-24", "ownership": "D"}, {"maxAge": 1, "shares": 150000, "filerUrl": "", "transactionText": "", "filerName": "Ramani (R S)", "filerRelation": "Wholetime Director", "moneyText": "", "startDate": "2017-05-19", "ownership": "D"}, {"maxAge": 1, "shares": 850000, "filerUrl": "", "transactionText": "", "filerName": "Ramani (R S)", "filerRelation": "Chief Financial Officer", "moneyText": "", "startDate": "2017-05-16", "ownership": "D"}, {"maxAge": 1, "shares": 1762067, "filerUrl": "", "transactionText": "", "filerName": "Ramani (R S)", "filerRelation": "UNREPORTED", "moneyText": "", "startDate": "2017-02-24", "ownership": "D"}, {"maxAge": 1, "shares": 37077, "filerUrl": "", "transactionText": "", "filerName": "Bhaskar (M V)", "filerRelation": "UNREPORTED", "moneyText": "", "startDate": "2010-12-28", "ownership": "D"}, {"maxAge": 1, "shares": 395439, "filerUrl": "", "transactionText": "", "filerName": "Ramani (R S)", "filerRelation": "UNREPORTED", "moneyText": "", "startDate": "2010-12-28", "ownership": "D"}], "maxAge": 1}, "quoteType": {"exchange": "NSI", "quoteType": "EQUITY", "symbol": "SECURKLOUD.NS", "underlyingSymbol": "SECURKLOUD.NS", "shortName": "SECUREKLOUD TECH LIMITED", "longName": "SecureKloud Technologies Limited", "firstTradeDateEpochUtc": "2014-01-29 09:15:00", "timeZoneFullName": "Asia/Kolkata", "timeZoneShortName": "IST", "uuid": "374e6721-53a7-3447-9d56-cd8e725164fd", "gmtOffSetMilliseconds": 19800000, "maxAge": 1}, "incomeStatementHistory": {"incomeStatementHistory": [{"maxAge": 1, "endDate": "2020-03-31", "totalRevenue": 3820848000, "costOfRevenue": 2118430000, "grossProfit": 1702418000, "researchDevelopment": {}, "sellingGeneralAdministrative": 326999000, "nonRecurring": {}, "otherOperatingExpenses": 1493371000, "totalOperatingExpenses": 4201895000, "operatingIncome": -381047000, "totalOtherIncomeExpenseNet": -6336163000, "ebit": -381047000, "interestExpense": -130265000, "incomeBeforeTax": -6717210000, "incomeTaxExpense": 27906000, "minorityInterest": 44933000, "netIncomeFromContinuingOps": -6745116000, "discontinuedOperations": {}, "extraordinaryItems": {}, "effectOfAccountingCharges": {}, "otherItems": {}, "netIncome": -5017822000, "netIncomeApplicableToCommonShares": -5017822000}, {"maxAge": 1, "endDate": "2019-03-31", "totalRevenue": 8421915000, "costOfRevenue": 2911382000, "grossProfit": 5510533000, "researchDevelopment": {}, "sellingGeneralAdministrative": 476716000, "nonRecurring": {}, "otherOperatingExpenses": 3261358000, "totalOperatingExpenses": 7420910000, "operatingIncome": 1001005000, "totalOtherIncomeExpenseNet": -36717000, "ebit": 1001005000, "interestExpense": -111294000, "incomeBeforeTax": 964288000, "incomeTaxExpense": 166039000, "minorityInterest": 1730101000, "netIncomeFromContinuingOps": 798249000, "discontinuedOperations": {}, "extraordinaryItems": {}, "effectOfAccountingCharges": {}, "otherItems": {}, "netIncome": 687177000, "netIncomeApplicableToCommonShares": 687177000}, {"maxAge": 1, "endDate": "2018-03-31", "totalRevenue": 8492387000, "costOfRevenue": 2359796000, "grossProfit": 6132591000, "researchDevelopment": {}, "sellingGeneralAdministrative": 229767000, "nonRecurring": {}, "otherOperatingExpenses": 2978496000, "totalOperatingExpenses": 5819927000, "operatingIncome": 2672460000, "totalOtherIncomeExpenseNet": -12775000, "ebit": 2672460000, "interestExpense": -95642000, "incomeBeforeTax": 2659685000, "incomeTaxExpense": 605554000, "minorityInterest": 1472363000, "netIncomeFromContinuingOps": 2054131000, "discontinuedOperations": {}, "extraordinaryItems": {}, "effectOfAccountingCharges": {}, "otherItems": {}, "netIncome": 1716162000, "netIncomeApplicableToCommonShares": 1716162000}, {"maxAge": 1, "endDate": "2017-03-31", "totalRevenue": 5283350000, "costOfRevenue": 1768621000, "grossProfit": 3514729000, "researchDevelopment": {}, "sellingGeneralAdministrative": 119225000, "nonRecurring": {}, "otherOperatingExpenses": 1542746000, "totalOperatingExpenses": 3565755000, "operatingIncome": 1717595000, "totalOtherIncomeExpenseNet": -12124000, "ebit": 1717595000, "interestExpense": -13530000, "incomeBeforeTax": 1705471000, "incomeTaxExpense": 413618000, "minorityInterest": 1082258000, "netIncomeFromContinuingOps": 1291853000, "discontinuedOperations": {}, "extraordinaryItems": {}, "effectOfAccountingCharges": {}, "otherItems": {}, "netIncome": 1044708000, "netIncomeApplicableToCommonShares": 1044708000}], "maxAge": 86400}, "fundOwnership": {"ownershipList": [], "maxAge": 1}, "summaryDetail": {"maxAge": 1, "priceHint": 2, "previousClose": 90.3, "open": 90.55, "dayLow": 87.15, "dayHigh": 91.8, "regularMarketPreviousClose": 90.3, "regularMarketOpen": 90.55, "regularMarketDayLow": 87.15, "regularMarketDayHigh": 91.8, "exDividendDate": "2017-09-25 05:30:00", "payoutRatio": 0.0, "beta": 1.204202, "volume": 42866, "regularMarketVolume": 42866, "averageVolume": 67831, "averageVolume10days": 30347, "averageDailyVolume10Day": 30347, "bid": 0.0, "ask": 0.0, "marketCap": 2722029056, "fiftyTwoWeekLow": 20.6, "fiftyTwoWeekHigh": 122.85, "priceToSalesTrailing12Months": 0.8104912, "fiftyDayAverage": 85.04706, "twoHundredDayAverage": 84.20638, "currency": "INR", "fromCurrency": null, "lastMarket": null, "algorithm": null, "tradeable": false}, "incomeStatementHistoryQuarterly": {"incomeStatementHistory": [{"maxAge": 1, "endDate": "2020-12-31", "totalRevenue": 905068000, "costOfRevenue": 459675000, "grossProfit": 445393000, "researchDevelopment": {}, "sellingGeneralAdministrative": {}, "nonRecurring": {}, "otherOperatingExpenses": 307998000, "totalOperatingExpenses": 826440000, "operatingIncome": 78628000, "totalOtherIncomeExpenseNet": -32389000, "ebit": 78628000, "interestExpense": -28730000, "incomeBeforeTax": 46239000, "incomeTaxExpense": -5314000, "minorityInterest": {}, "netIncomeFromContinuingOps": 51553000, "discontinuedOperations": {}, "extraordinaryItems": {}, "effectOfAccountingCharges": {}, "otherItems": {}, "netIncome": 23832000, "netIncomeApplicableToCommonShares": 23832000}, {"maxAge": 1, "endDate": "2020-09-30", "totalRevenue": 890367000, "costOfRevenue": 521766000, "grossProfit": 368601000, "researchDevelopment": {}, "sellingGeneralAdministrative": {}, "nonRecurring": {}, "otherOperatingExpenses": 242267000, "totalOperatingExpenses": 817713000, "operatingIncome": 72654000, "totalOtherIncomeExpenseNet": -40095000, "ebit": 72654000, "interestExpense": -31441000, "incomeBeforeTax": 32559000, "incomeTaxExpense": -6455000, "minorityInterest": 16905000, "netIncomeFromContinuingOps": 39014000, "discontinuedOperations": {}, "extraordinaryItems": {}, "effectOfAccountingCharges": {}, "otherItems": {}, "netIncome": 31459000, "netIncomeApplicableToCommonShares": 31459000}, {"maxAge": 1, "endDate": "2020-06-30", "totalRevenue": 880738000, "costOfRevenue": 452512000, "grossProfit": 428226000, "researchDevelopment": {}, "sellingGeneralAdministrative": {}, "nonRecurring": {}, "otherOperatingExpenses": 393894000, "totalOperatingExpenses": 901243000, "operatingIncome": -20505000, "totalOtherIncomeExpenseNet": -26086000, "ebit": -20505000, "interestExpense": -30808000, "incomeBeforeTax": -46591000, "incomeTaxExpense": 17017000, "minorityInterest": 16905000, "netIncomeFromContinuingOps": -63608000, "discontinuedOperations": {}, "extraordinaryItems": {}, "effectOfAccountingCharges": {}, "otherItems": {}, "netIncome": -28025000, "netIncomeApplicableToCommonShares": -28025000}, {"maxAge": 1, "endDate": "2020-03-31", "totalRevenue": 682320000, "costOfRevenue": 377930000, "grossProfit": 304390000, "researchDevelopment": {}, "sellingGeneralAdministrative": 326999000, "nonRecurring": {}, "otherOperatingExpenses": 38031000, "totalOperatingExpenses": 696285000, "operatingIncome": -13965000, "totalOtherIncomeExpenseNet": -1388033000, "ebit": -13965000, "interestExpense": -38980000, "incomeBeforeTax": -1401998000, "incomeTaxExpense": -21140000, "minorityInterest": 44933000, "netIncomeFromContinuingOps": -1380858000, "discontinuedOperations": {}, "extraordinaryItems": {}, "effectOfAccountingCharges": {}, "otherItems": {}, "netIncome": -1288841000, "netIncomeApplicableToCommonShares": -1288841000}], "maxAge": 86400}, "cashflowStatementHistoryQuarterly": {"cashflowStatements": [{"maxAge": 1, "endDate": "2020-12-31", "netIncome": 23832000, "changeToLiabilities": 0}, {"maxAge": 1, "endDate": "2020-09-30", "netIncome": 31459000, "changeToLiabilities": 0}, {"maxAge": 1, "endDate": "2020-06-30", "netIncome": -28025000, "changeToLiabilities": 0}, {"maxAge": 1, "endDate": "2020-03-31", "netIncome": -1288841000, "changeToLiabilities": 0}], "maxAge": 86400}, "insiderHolders": {"holders": [{"maxAge": 1, "name": "Bhaskar (M V)", "relation": "UNREPORTED", "url": "", "transactionDescription": "Sale", "latestTransDate": "2017-10-24", "positionDirect": 11533, "positionDirectDate": "2017-10-24"}, {"maxAge": 1, "name": "Ramani (R S)", "relation": "Wholetime Director", "url": "", "transactionDescription": "Sale", "latestTransDate": "2018-01-22", "positionDirect": 475000, "positionDirectDate": "2018-01-22"}, {"maxAge": 1, "name": "Venkatachari (Suresh)", "relation": "Promoter", "url": "", "transactionDescription": "Sale", "latestTransDate": "2018-09-17", "positionDirect": 14459533, "positionDirectDate": "2018-09-17"}], "maxAge": 1}, "calendarEvents": {"maxAge": 1, "earnings": {"earningsDate": []}, "exDividendDate": "2017-09-25 05:30:00"}, "upgradeDowngradeHistory": {"history": [], "maxAge": 86400}, "price": {"maxAge": 1, "regularMarketChangePercent": -0.015503893, "regularMarketChange": -1.4000015, "regularMarketTime": "2021-04-30 15:29:26", "priceHint": 2, "regularMarketPrice": 88.9, "regularMarketDayHigh": 91.8, "regularMarketDayLow": 87.15, "regularMarketVolume": 42866, "averageDailyVolume10Day": 30347, "averageDailyVolume3Month": 67831, "regularMarketPreviousClose": 90.3, "regularMarketSource": "FREE_REALTIME", "regularMarketOpen": 90.55, "exchange": "NSI", "exchangeName": "NSE", "exchangeDataDelayedBy": 15, "marketState": "CLOSED", "quoteType": "EQUITY", "symbol": "SECURKLOUD.NS", "underlyingSymbol": null, "shortName": "SECUREKLOUD TECH LIMITED", "longName": "SecureKloud Technologies Limited", "currency": "INR", "quoteSourceName": "Delayed Quote", "currencySymbol": "\u20b9", "fromCurrency": null, "lastMarket": null, "marketCap": 2722029056}, "balanceSheetHistory": {"balanceSheetStatements": [{"maxAge": 1, "endDate": "2020-03-31", "cash": 79344000, "netReceivables": 505689000, "otherCurrentAssets": 2759000, "totalCurrentAssets": 602908000, "propertyPlantEquipment": 46992000, "goodWill": 1383009000, "intangibleAssets": 385667000, "otherAssets": 9632000, "totalAssets": 2428208000, "accountsPayable": 611659000, "shortLongTermDebt": 175897000, "otherCurrentLiab": 145030000, "longTermDebt": 471720000, "otherLiab": 96642000, "minorityInterest": 44933000, "totalCurrentLiabilities": 1547241000, "totalLiab": 2115603000, "commonStock": 152588000, "retainedEarnings": -718234000, "treasuryStock": 221350000, "capitalSurplus": 611968000, "otherStockholderEquity": 221350000, "totalStockholderEquity": 267672000, "netTangibleAssets": -1501004000}, {"maxAge": 1, "endDate": "2019-03-31", "cash": 81545000, "shortTermInvestments": 170489000, "netReceivables": 2864881000, "otherCurrentAssets": 166734000, "totalCurrentAssets": 3151103000, "propertyPlantEquipment": 89923000, "goodWill": 1282716000, "intangibleAssets": 4997295000, "otherAssets": 458959000, "totalAssets": 9979996000, "accountsPayable": 832158000, "shortLongTermDebt": 105816000, "otherCurrentLiab": 179578000, "longTermDebt": 547627000, "otherLiab": 74087000, "minorityInterest": 1730101000, "totalCurrentLiabilities": 1704938000, "totalLiab": 2326652000, "commonStock": 152588000, "retainedEarnings": 4298443000, "treasuryStock": 860244000, "capitalSurplus": 611968000, "otherStockholderEquity": 860244000, "totalStockholderEquity": 5923243000, "netTangibleAssets": -356768000}, {"maxAge": 1, "endDate": "2018-03-31", "cash": 102313000, "shortTermInvestments": 7600000, "netReceivables": 3518014000, "otherCurrentAssets": 183056000, "totalCurrentAssets": 3869276000, "propertyPlantEquipment": 125965000, "goodWill": 1199447000, "intangibleAssets": 2538570000, "otherAssets": 455369000, "totalAssets": 8188627000, "accountsPayable": 413641000, "shortLongTermDebt": 104883000, "otherCurrentLiab": 451013000, "longTermDebt": 500715000, "otherLiab": 38211000, "minorityInterest": 1472363000, "totalCurrentLiabilities": 1266389000, "totalLiab": 1805315000, "commonStock": 152588000, "retainedEarnings": 3580646000, "treasuryStock": 565747000, "capitalSurplus": 611968000, "otherStockholderEquity": 565747000, "totalStockholderEquity": 4910949000, "netTangibleAssets": 1172932000}, {"maxAge": 1, "endDate": "2017-03-31", "cash": 888324000, "shortTermInvestments": 9600000, "netReceivables": 1760795000, "otherCurrentAssets": 54974000, "totalCurrentAssets": 2756639000, "propertyPlantEquipment": 144994000, "goodWill": 1112078000, "intangibleAssets": 824141000, "otherAssets": 254036000, "totalAssets": 5091888000, "accountsPayable": 159805000, "shortLongTermDebt": 50063000, "otherCurrentLiab": 209569000, "longTermDebt": 200621000, "otherLiab": 21951000, "minorityInterest": 1082258000, "totalCurrentLiabilities": 587525000, "totalLiab": 810097000, "commonStock": 152588000, "retainedEarnings": 1897792000, "treasuryStock": 537185000, "capitalSurplus": 611968000, "otherStockholderEquity": 537185000, "totalStockholderEquity": 3199533000, "netTangibleAssets": 1263314000}], "maxAge": 86400}, "financialData": {"maxAge": 86400, "currentPrice": 88.9, "recommendationKey": "none", "totalCash": 143787008, "totalCashPerShare": 4.712, "ebitda": 205643008, "totalDebt": 1336754944, "totalRevenue": 3358492928, "debtToEquity": 500.021, "revenuePerShare": 108.804, "grossProfits": 1702418000, "earningsGrowth": -0.774, "revenueGrowth": -0.202, "grossMargins": 0.45943, "ebitdaMargins": 0.06123, "operatingMargins": 0.03478, "profitMargins": -0.37564, "financialCurrency": "INR"}}}