{"SEPOWER.NS": {"assetProfile": {"address1": "School Block", "address2": "S-547, 2nd Floor Main Road Shakarpur", "city": "New Delhi", "zip": "110092", "country": "India", "phone": "91 11 2248 5032", "website": "http://www.sepower.in", "industry": "Specialty Chemicals", "sector": "Basic Materials", "longBusinessSummary": "S. E. Power Limited manufactures and sells reclaimed rubber products in India. The company provides reclaimed rubber and rubber crumb for use in various areas of applications, such as automotive tires, solid tires, rubber tiles, animal mats, insulation tiles, tire treads, rubber molded compounds, rubber mats, battery containers, pedal rubber products, speed bumps, paver blocks, dock bumpers, stamped rubber products, and crumb rubber modified bitumen products. It offers its products under the Phoenix Rubber Reborn brand. The company also engages in the generation of power from wind energy source. S. E. Power Limited was incorporated in 2010 and is headquartered in New Delhi, India.", "fullTimeEmployees": 83, "companyOfficers": [{"maxAge": 1, "name": "Mr. Sachin  Agarwal", "age": 45, "title": "MD & Additional Exec. Director", "yearBorn": 1975, "fiscalYear": 2019, "totalPay": 2612000, "exercisedValue": 0, "unexercisedValue": 0}, {"maxAge": 1, "name": "Mr. Rutvij Ramchandra Khangiwale", "age": 38, "title": "Chief Financial Officer", "yearBorn": 1982, "fiscalYear": 2019, "totalPay": 1168272, "exercisedValue": 0, "unexercisedValue": 0}, {"maxAge": 1, "name": "Mr. Sanjeet Kumar Gourishankar Rath", "age": 35, "title": "GM of Operations & Exec. Director", "yearBorn": 1985, "fiscalYear": 2019, "totalPay": 1780650, "exercisedValue": 0, "unexercisedValue": 0}, {"maxAge": 1, "name": "Mr. Ambrish  Bedade", "title": "Head of HR & IR", "exercisedValue": 0, "unexercisedValue": 0}, {"maxAge": 1, "name": "Mr. Saurabh  Agrawal", "age": 31, "title": "Company Sec. & Compliance Officer", "yearBorn": 1989, "exercisedValue": 0, "unexercisedValue": 0}, {"maxAge": 1, "name": "Mr. Chirag  Shah", "title": "Marketing Mang.", "exercisedValue": 0, "unexercisedValue": 0}, {"maxAge": 1, "name": "Mr. Sunil Kumar Mishra", "title": "Head of Maintenance", "exercisedValue": 0, "unexercisedValue": 0}], "compensationAsOfEpochDate": "2019-12-31 05:30:00", "maxAge": 86400}, "cashflowStatementHistory": {"cashflowStatements": [{"maxAge": 1, "endDate": "2020-03-31", "netIncome": -85154752, "depreciation": 43986103, "changeToNetincome": 13286849, "changeToLiabilities": 0, "changeToInventory": -9765501, "changeToOperatingActivities": 23046002, "totalCashFromOperatingActivities": -14601299, "capitalExpenditures": -2815289, "investments": -52422, "otherCashflowsFromInvestingActivities": 869096, "totalCashflowsFromInvestingActivities": -1998615, "netBorrowings": 51571442, "otherCashflowsFromFinancingActivities": -35396722, "totalCashFromFinancingActivities": 16174720, "changeInCash": -425194}, {"maxAge": 1, "endDate": "2019-03-31", "netIncome": -68155061, "depreciation": 44416014, "changeToNetincome": 4802209, "changeToLiabilities": 0, "changeToInventory": -1963255, "changeToOperatingActivities": -498018, "totalCashFromOperatingActivities": -21398111, "capitalExpenditures": -17207067, "investments": -23032, "otherCashflowsFromInvestingActivities": 790026, "totalCashflowsFromInvestingActivities": -16440073, "netBorrowings": 62546727, "otherCashflowsFromFinancingActivities": -24999908, "totalCashFromFinancingActivities": 37546819, "changeInCash": -291365}, {"maxAge": 1, "endDate": "2018-03-31", "netIncome": -51439603, "depreciation": 43932088, "changeToNetincome": 4072824, "changeToLiabilities": 0, "changeToInventory": 4804441, "changeToOperatingActivities": 7930700, "totalCashFromOperatingActivities": 9300450, "capitalExpenditures": -2184391, "investments": -75653, "otherCashflowsFromInvestingActivities": 1068109, "totalCashflowsFromInvestingActivities": -397435, "netBorrowings": 17182683, "otherCashflowsFromFinancingActivities": -24569303, "totalCashFromFinancingActivities": -7386620, "changeInCash": 1516395}, {"maxAge": 1, "endDate": "2017-03-31", "netIncome": -43816639, "depreciation": 40245028, "changeToNetincome": -10098742, "changeToLiabilities": 0, "changeToInventory": -26520020, "changeToOperatingActivities": 4927488, "totalCashFromOperatingActivities": -35262885, "capitalExpenditures": -35547165, "investments": -58283, "otherCashflowsFromInvestingActivities": 717877, "totalCashflowsFromInvestingActivities": -34887571, "netBorrowings": 79738971, "otherCashflowsFromFinancingActivities": -10282152, "totalCashFromFinancingActivities": 69456819, "changeInCash": -693637}], "maxAge": 86400}, "institutionOwnership": {"ownershipList": [], "maxAge": 1}, "majorHoldersBreakdown": {"maxAge": 1, "insidersPercentHeld": 0.81132007, "institutionsPercentHeld": 0.16935, "institutionsFloatPercentHeld": 0.89755, "institutionsCount": 3}, "balanceSheetHistoryQuarterly": {"balanceSheetStatements": [{"maxAge": 1, "endDate": "2020-12-31", "cash": 2373000, "shortTermInvestments": 13239000, "netReceivables": 77489000, "inventory": 10669000, "otherCurrentAssets": 62440000, "totalCurrentAssets": 166210000, "longTermInvestments": 4749000, "propertyPlantEquipment": 645949000, "goodWill": 1126000, "otherAssets": 105594000, "deferredLongTermAssetCharges": 105295000, "totalAssets": 923628000, "accountsPayable": 30029000, "shortLongTermDebt": 89262000, "otherCurrentLiab": 6523000, "longTermDebt": 659299000, "otherLiab": 1000, "totalCurrentLiabilities": 125814000, "totalLiab": 785114000, "commonStock": 406100000, "treasuryStock": -267586000, "otherStockholderEquity": -267586000, "totalStockholderEquity": 138514000, "netTangibleAssets": 137388000}, {"maxAge": 1, "endDate": "2020-09-30", "cash": -21628000, "shortTermInvestments": 12785000, "netReceivables": 77942000, "inventory": 11845000, "otherCurrentAssets": 63617000, "totalCurrentAssets": 144561000, "longTermInvestments": 4749000, "propertyPlantEquipment": 652941000, "goodWill": 1126000, "otherAssets": 99678000, "deferredLongTermAssetCharges": 99378000, "totalAssets": 903055000, "accountsPayable": 33115000, "shortLongTermDebt": 89203000, "otherCurrentLiab": 23939000, "longTermDebt": 599586000, "totalCurrentLiabilities": 146257000, "totalLiab": 745843000, "commonStock": 406100000, "treasuryStock": -248888000, "otherStockholderEquity": -248888000, "totalStockholderEquity": 157212000, "netTangibleAssets": 156086000}, {"maxAge": 1, "endDate": "2020-06-30", "totalStockholderEquity": 180076000, "netTangibleAssets": 178950000}, {"maxAge": 1, "endDate": "2020-03-31", "cash": 1735130, "shortTermInvestments": 12758119, "netReceivables": 67561558, "inventory": 38464713, "otherCurrentAssets": 8479410, "totalCurrentAssets": 128998930, "longTermInvestments": 4748536, "propertyPlantEquipment": 678184055, "goodWill": 1125725, "otherAssets": 91538789, "deferredLongTermAssetCharges": 91242353, "totalAssets": 904596035, "accountsPayable": 37062960, "shortLongTermDebt": 35600000, "otherCurrentLiab": 2607652, "longTermDebt": 618790207, "totalCurrentLiabilities": 105729898, "totalLiab": 724520105, "commonStock": 406100000, "retainedEarnings": -226796160, "treasuryStock": 772090, "otherStockholderEquity": 772090, "totalStockholderEquity": 180075930, "netTangibleAssets": 178950205}], "maxAge": 86400}, "indexTrend": {"maxAge": 1, "symbol": "SP5", "peRatio": 19.7411, "pegRatio": 1.34172, "estimates": [{"period": "0q", "growth": 0.549}, {"period": "+1q", "growth": 0.431}, {"period": "0y", "growth": 0.305}, {"period": "+1y", "growth": 0.109}, {"period": "+5y", "growth": 0.120865}, {"period": "-5y"}]}, "defaultKeyStatistics": {"maxAge": 1, "priceHint": 4, "enterpriseValue": 893507904, "profitMargins": -0.37223, "floatShares": 8879111, "sharesOutstanding": 40610000, "heldPercentInsiders": 0.81132007, "heldPercentInstitutions": 0.16935, "beta": 1.121059, "category": null, "bookValue": 3.408, "priceToBook": 1.1590376, "fundFamily": null, "legalType": null, "lastFiscalYearEnd": "2020-03-31 05:30:00", "nextFiscalYearEnd": "2022-03-31 05:30:00", "mostRecentQuarter": "2020-12-31 05:30:00", "netIncomeToCommon": -75027752, "trailingEps": -1.866, "lastSplitFactor": null, "enterpriseToRevenue": 4.433, "enterpriseToEbitda": -57.638}, "summaryProfile": {"address1": "School Block", "address2": "S-547, 2nd Floor Main Road Shakarpur", "city": "New Delhi", "zip": "110092", "country": "India", "phone": "91 11 2248 5032", "website": "http://www.sepower.in", "industry": "Specialty Chemicals", "sector": "Basic Materials", "longBusinessSummary": "S. E. Power Limited manufactures and sells reclaimed rubber products in India. The company provides reclaimed rubber and rubber crumb for use in various areas of applications, such as automotive tires, solid tires, rubber tiles, animal mats, insulation tiles, tire treads, rubber molded compounds, rubber mats, battery containers, pedal rubber products, speed bumps, paver blocks, dock bumpers, stamped rubber products, and crumb rubber modified bitumen products. It offers its products under the Phoenix Rubber Reborn brand. The company also engages in the generation of power from wind energy source. S. E. Power Limited was incorporated in 2010 and is headquartered in New Delhi, India.", "fullTimeEmployees": 83, "companyOfficers": [], "maxAge": 86400}, "netSharePurchaseActivity": {"maxAge": 1, "period": "6m", "buyInfoCount": 0, "buyInfoShares": 0, "sellInfoCount": 0, "netInfoCount": 0, "netInfoShares": 0, "netPercentInsiderShares": 0.0, "totalInsiderShares": 32978396}, "insiderTransactions": {"transactions": [{"maxAge": 1, "shares": 1999944, "value": 79397, "filerUrl": "", "transactionText": "Acquisition at price 0.04 per share.", "filerName": "Agarwal (Aanjanayae)", "filerRelation": "UNREPORTED", "moneyText": "", "startDate": "2020-12-30", "ownership": "D"}, {"maxAge": 1, "shares": 1025000, "filerUrl": "", "transactionText": "", "filerName": "Plutus Terra Indian Fund Mauritius", "filerRelation": "Institution- Corporation", "moneyText": "", "startDate": "2020-01-10", "ownership": "D"}, {"maxAge": 1, "shares": 2006500, "filerUrl": "", "transactionText": "", "filerName": "Agarwal (Sachin)", "filerRelation": "Promoter", "moneyText": "", "startDate": "2015-08-28", "ownership": "D"}, {"maxAge": 1, "shares": 2726500, "filerUrl": "", "transactionText": "", "filerName": "Agarwal (Sunil)", "filerRelation": "Promoter", "moneyText": "", "startDate": "2015-08-28", "ownership": "D"}, {"maxAge": 1, "shares": 720000, "filerUrl": "", "transactionText": "", "filerName": "Agarwal (Shikha)", "filerRelation": "Promoter", "moneyText": "", "startDate": "2015-08-28", "ownership": "D"}, {"maxAge": 1, "shares": 1255700, "filerUrl": "", "transactionText": "", "filerName": "Agarwal (Shantanu)", "filerRelation": "Promoter", "moneyText": "", "startDate": "2015-08-21", "ownership": "D"}, {"maxAge": 1, "shares": 250800, "filerUrl": "", "transactionText": "", "filerName": "Agarwal (Suniti)", "filerRelation": "Promoter", "moneyText": "", "startDate": "2015-08-21", "ownership": "D"}, {"maxAge": 1, "shares": 1506500, "filerUrl": "", "transactionText": "", "filerName": "Agarwal (Sunil)", "filerRelation": "Promoter", "moneyText": "", "startDate": "2015-08-21", "ownership": "D"}, {"maxAge": 1, "shares": 500, "filerUrl": "", "transactionText": "", "filerName": "Agarwal (Sachin)", "filerRelation": "Promoter", "moneyText": "", "startDate": "2015-07-07", "ownership": "D"}, {"maxAge": 1, "shares": 500, "filerUrl": "", "transactionText": "", "filerName": "Singh (Harish)", "filerRelation": "Promoter", "moneyText": "", "startDate": "2015-07-07", "ownership": "D"}, {"maxAge": 1, "shares": 860000, "filerUrl": "", "transactionText": "", "filerName": "Superteck Printing Pvt Ltd", "filerRelation": "Promoter", "moneyText": "", "startDate": "2015-07-03", "ownership": "D"}, {"maxAge": 1, "shares": 860000, "filerUrl": "", "transactionText": "", "filerName": "Agarwal (P N & Sons) HUF", "filerRelation": "Promoter", "moneyText": "", "startDate": "2015-07-03", "ownership": "D"}, {"maxAge": 1, "shares": 81600, "filerUrl": "", "transactionText": "", "filerName": "Athens Computer Technologies Pvt Ltd", "filerRelation": "Promoter", "moneyText": "", "startDate": "2015-03-20", "ownership": "D"}, {"maxAge": 1, "shares": 86920, "filerUrl": "", "transactionText": "", "filerName": "Diamond Infradev Pvt Ltd", "filerRelation": "Promoter", "moneyText": "", "startDate": "2015-03-20", "ownership": "D"}, {"maxAge": 1, "shares": 168520, "filerUrl": "", "transactionText": "", "filerName": "Superteck Printing Pvt Ltd", "filerRelation": "Promoter", "moneyText": "", "startDate": "2015-03-20", "ownership": "D"}, {"maxAge": 1, "shares": 550000, "filerUrl": "", "transactionText": "", "filerName": "S E Micro Housing Finance Ltd", "filerRelation": "Promoter", "moneyText": "", "startDate": "2015-03-19", "ownership": "D"}, {"maxAge": 1, "shares": 824117, "filerUrl": "", "transactionText": "", "filerName": "Superteck Printing Pvt Ltd", "filerRelation": "Promoter", "moneyText": "", "startDate": "2015-03-19", "ownership": "D"}, {"maxAge": 1, "shares": 127668, "filerUrl": "", "transactionText": "", "filerName": "Aradhna Infradev Pvt. Ltd.", "filerRelation": "Promoter", "moneyText": "", "startDate": "2015-03-19", "ownership": "D"}, {"maxAge": 1, "shares": 72632, "filerUrl": "", "transactionText": "", "filerName": "Balram Retails Pvt Ltd", "filerRelation": "Promoter", "moneyText": "", "startDate": "2015-03-19", "ownership": "D"}, {"maxAge": 1, "shares": 73817, "filerUrl": "", "transactionText": "", "filerName": "Agrim Marketing Pvt Ltd", "filerRelation": "Promoter", "moneyText": "", "startDate": "2015-03-19", "ownership": "D"}, {"maxAge": 1, "shares": 1255700, "filerUrl": "", "transactionText": "", "filerName": "Agarwal (Shantanu)", "filerRelation": "UNREPORTED", "moneyText": "", "startDate": "2013-02-18", "ownership": "D"}, {"maxAge": 1, "shares": 1506500, "filerUrl": "", "transactionText": "", "filerName": "Agarwal (Neetu)", "filerRelation": "Promoter", "moneyText": "", "startDate": "2013-02-18", "ownership": "D"}, {"maxAge": 1, "shares": 250800, "filerUrl": "", "transactionText": "", "filerName": "Agarwal (Suniti)", "filerRelation": "UNREPORTED", "moneyText": "", "startDate": "2013-02-18", "ownership": "D"}], "maxAge": 1}, "quoteType": {"exchange": "NSI", "quoteType": "EQUITY", "symbol": "SEPOWER.NS", "underlyingSymbol": "SEPOWER.NS", "shortName": "S.E. POWER LIMITED", "longName": "S. E. Power Limited", "firstTradeDateEpochUtc": "2012-07-27 09:15:00", "timeZoneFullName": "Asia/Kolkata", "timeZoneShortName": "IST", "uuid": "4223146b-a99f-309f-935e-e3a099939aa2", "gmtOffSetMilliseconds": 19800000, "maxAge": 1}, "incomeStatementHistory": {"incomeStatementHistory": [{"maxAge": 1, "endDate": "2020-03-31", "totalRevenue": 204433722, "costOfRevenue": 187069589, "grossProfit": 17364133, "researchDevelopment": {}, "sellingGeneralAdministrative": 18516374, "nonRecurring": {}, "otherOperatingExpenses": 23539261, "totalOperatingExpenses": 273111327, "operatingIncome": -68677605, "totalOtherIncomeExpenseNet": -35085861, "ebit": -68677605, "interestExpense": -35396722, "incomeBeforeTax": -103763466, "incomeTaxExpense": -18608714, "minorityInterest": {}, "netIncomeFromContinuingOps": -85154752, "discontinuedOperations": {}, "extraordinaryItems": {}, "effectOfAccountingCharges": {}, "otherItems": {}, "netIncome": -85154752, "netIncomeApplicableToCommonShares": -85154752}, {"maxAge": 1, "endDate": "2019-03-31", "totalRevenue": 183940614, "costOfRevenue": 162646439, "grossProfit": 21294175, "researchDevelopment": {}, "sellingGeneralAdministrative": 17821282, "nonRecurring": {}, "otherOperatingExpenses": 22541970, "totalOperatingExpenses": 247425705, "operatingIncome": -63485091, "totalOtherIncomeExpenseNet": -23996356, "ebit": -63485091, "interestExpense": -25003353, "incomeBeforeTax": -87481447, "incomeTaxExpense": -19326386, "minorityInterest": {}, "netIncomeFromContinuingOps": -68155061, "discontinuedOperations": {}, "extraordinaryItems": {}, "effectOfAccountingCharges": {}, "otherItems": {}, "netIncome": -68155061, "netIncomeApplicableToCommonShares": -68155061}, {"maxAge": 1, "endDate": "2018-03-31", "totalRevenue": 157600108, "costOfRevenue": 117642404, "grossProfit": 39957704, "researchDevelopment": {}, "sellingGeneralAdministrative": 18197647, "nonRecurring": {}, "otherOperatingExpenses": 25063948, "totalOperatingExpenses": 204836087, "operatingIncome": -47235979, "totalOtherIncomeExpenseNet": -23587594, "ebit": -47235979, "interestExpense": -24655703, "incomeBeforeTax": -70823573, "incomeTaxExpense": -19383970, "minorityInterest": {}, "netIncomeFromContinuingOps": -51439603, "discontinuedOperations": {}, "extraordinaryItems": {}, "effectOfAccountingCharges": {}, "otherItems": {}, "netIncome": -51439603, "netIncomeApplicableToCommonShares": -51439603}, {"maxAge": 1, "endDate": "2017-03-31", "totalRevenue": 126208471, "costOfRevenue": 106960085, "grossProfit": 19248386, "researchDevelopment": {}, "sellingGeneralAdministrative": 16855062, "nonRecurring": {}, "otherOperatingExpenses": 15914933, "totalOperatingExpenses": 179975108, "operatingIncome": -53766637, "totalOtherIncomeExpenseNet": -9564275, "ebit": -53766637, "interestExpense": -10282152, "incomeBeforeTax": -63330912, "incomeTaxExpense": -19514273, "minorityInterest": {}, "netIncomeFromContinuingOps": -43816639, "discontinuedOperations": {}, "extraordinaryItems": {}, "effectOfAccountingCharges": {}, "otherItems": {}, "netIncome": -43816639, "netIncomeApplicableToCommonShares": -43816639}], "maxAge": 86400}, "fundOwnership": {"ownershipList": [], "maxAge": 1}, "summaryDetail": {"maxAge": 1, "priceHint": 4, "previousClose": 3.95, "open": 3.95, "dayLow": 3.8, "dayHigh": 4.1, "regularMarketPreviousClose": 3.95, "regularMarketOpen": 3.95, "regularMarketDayLow": 3.8, "regularMarketDayHigh": 4.1, "payoutRatio": 0.0, "beta": 1.121059, "volume": 4670, "regularMarketVolume": 4670, "averageVolume": 65898, "averageVolume10days": 8217, "averageDailyVolume10Day": 8217, "bid": 0.0, "ask": 0.0, "bidSize": 0, "askSize": 0, "marketCap": 163252320, "fiftyTwoWeekLow": 1.5, "fiftyTwoWeekHigh": 5.45, "priceToSalesTrailing12Months": 0.8099371, "fiftyDayAverage": 4.078788, "twoHundredDayAverage": 3.3378572, "currency": "INR", "fromCurrency": null, "lastMarket": null, "algorithm": null, "tradeable": false}, "incomeStatementHistoryQuarterly": {"incomeStatementHistory": [{"maxAge": 1, "endDate": "2020-12-31", "totalRevenue": 79052000, "costOfRevenue": 65566000, "grossProfit": 13486000, "researchDevelopment": {}, "sellingGeneralAdministrative": 4563000, "nonRecurring": {}, "otherOperatingExpenses": 9607000, "totalOperatingExpenses": 91179000, "operatingIncome": -12127000, "totalOtherIncomeExpenseNet": -12487000, "ebit": -12127000, "interestExpense": -12487000, "incomeBeforeTax": -24614000, "incomeTaxExpense": -5916000, "minorityInterest": {}, "netIncomeFromContinuingOps": -18698000, "discontinuedOperations": {}, "extraordinaryItems": {}, "effectOfAccountingCharges": {}, "otherItems": {}, "netIncome": -18698000, "netIncomeApplicableToCommonShares": -18698000}, {"maxAge": 1, "endDate": "2020-09-30", "totalRevenue": 63885000, "costOfRevenue": 46362000, "grossProfit": 17523000, "researchDevelopment": {}, "sellingGeneralAdministrative": 4088000, "nonRecurring": {}, "otherOperatingExpenses": 7187000, "totalOperatingExpenses": 68178000, "operatingIncome": -4293000, "totalOtherIncomeExpenseNet": -13449000, "ebit": -4293000, "interestExpense": -13449000, "incomeBeforeTax": -17742000, "incomeTaxExpense": -648000, "minorityInterest": {}, "netIncomeFromContinuingOps": -17094000, "discontinuedOperations": {}, "extraordinaryItems": {}, "effectOfAccountingCharges": {}, "otherItems": {}, "netIncome": -17094000, "netIncomeApplicableToCommonShares": -17094000}, {"maxAge": 1, "endDate": "2020-06-30", "totalRevenue": 5181000, "costOfRevenue": 5455000, "grossProfit": -274000, "researchDevelopment": {}, "sellingGeneralAdministrative": 2904000, "nonRecurring": {}, "otherOperatingExpenses": 4510000, "totalOperatingExpenses": 23268000, "operatingIncome": -18087000, "totalOtherIncomeExpenseNet": 4828000, "ebit": -18087000, "interestExpense": -11453000, "incomeBeforeTax": -13259000, "incomeTaxExpense": -7488000, "minorityInterest": {}, "netIncomeFromContinuingOps": -5771000, "discontinuedOperations": {}, "extraordinaryItems": {}, "effectOfAccountingCharges": {}, "otherItems": {}, "netIncome": -5771000, "netIncomeApplicableToCommonShares": -5771000}, {"maxAge": 1, "endDate": "2020-03-31", "totalRevenue": 53443722, "costOfRevenue": 57048589, "grossProfit": -3604867, "researchDevelopment": {}, "sellingGeneralAdministrative": 4659374, "nonRecurring": {}, "otherOperatingExpenses": 5485261, "totalOperatingExpenses": 77496327, "operatingIncome": -24052605, "totalOtherIncomeExpenseNet": -10718861, "ebit": -24052605, "interestExpense": -11029722, "incomeBeforeTax": -34771466, "incomeTaxExpense": -1305714, "minorityInterest": {}, "netIncomeFromContinuingOps": -33465752, "discontinuedOperations": {}, "extraordinaryItems": {}, "effectOfAccountingCharges": {}, "otherItems": {}, "netIncome": -33465752, "netIncomeApplicableToCommonShares": -33465752}], "maxAge": 86400}, "cashflowStatementHistoryQuarterly": {"cashflowStatements": [{"maxAge": 1, "endDate": "2020-12-31", "netIncome": -18698000, "changeToLiabilities": 0}, {"maxAge": 1, "endDate": "2020-09-30", "netIncome": -17094000, "changeToLiabilities": 0}, {"maxAge": 1, "endDate": "2020-06-30", "netIncome": -5771000, "changeToLiabilities": 0}, {"maxAge": 1, "endDate": "2020-03-31", "netIncome": -33465752, "changeToLiabilities": 0}], "maxAge": 86400}, "insiderHolders": {"holders": [{"maxAge": 1, "name": "Agarwal (Aanjanayae)", "relation": "UNREPORTED", "url": "", "transactionDescription": "Acquisition", "latestTransDate": "2020-12-30", "positionDirect": 1999944, "positionDirectDate": "2020-12-30"}, {"maxAge": 1, "name": "Agarwal (P N & Sons) HUF", "relation": "Promoter", "url": "", "transactionDescription": "Other", "latestTransDate": "2015-07-03", "positionDirect": 0, "positionDirectDate": "2015-07-03"}, {"maxAge": 1, "name": "Agarwal (Sachin)", "relation": "Promoter", "url": "", "transactionDescription": "Gift", "latestTransDate": "2015-08-28", "positionDirect": 3089240, "positionDirectDate": "2015-08-28"}, {"maxAge": 1, "name": "Agarwal (Shantanu)", "relation": "Promoter", "url": "", "transactionDescription": "Sale", "latestTransDate": "2015-08-21", "positionDirect": 0, "positionDirectDate": "2015-08-21"}, {"maxAge": 1, "name": "Agarwal (Shikha)", "relation": "Promoter", "url": "", "transactionDescription": "Gift", "latestTransDate": "2015-08-28", "positionDirect": 3429400, "positionDirectDate": "2015-08-28"}, {"maxAge": 1, "name": "Agarwal (Sunil)", "relation": "Promoter", "url": "", "transactionDescription": "Gift", "latestTransDate": "2015-08-28", "positionDirect": 0, "positionDirectDate": "2015-08-28"}, {"maxAge": 1, "name": "Agarwal (Suniti)", "relation": "Promoter", "url": "", "transactionDescription": "Sale", "latestTransDate": "2015-08-21", "positionDirect": 0, "positionDirectDate": "2015-08-21"}, {"maxAge": 1, "name": "Plutus Terra Indian Fund Mauritius", "relation": "Institution- Corporation", "url": "", "transactionDescription": "Sale", "latestTransDate": "2020-01-10", "positionDirect": 2773518, "positionDirectDate": "2020-01-10"}, {"maxAge": 1, "name": "Singh (Harish)", "relation": "Promoter", "url": "", "transactionDescription": "Other", "latestTransDate": "2015-07-07", "positionDirect": 0, "positionDirectDate": "2015-07-07"}, {"maxAge": 1, "name": "Superteck Printing Pvt Ltd", "relation": "Promoter", "url": "", "transactionDescription": "Other", "latestTransDate": "2015-07-03", "positionDirect": 2047622, "positionDirectDate": "2015-07-03"}], "maxAge": 1}, "calendarEvents": {"maxAge": 1, "earnings": {"earningsDate": []}}, "upgradeDowngradeHistory": {"history": [], "maxAge": 86400}, "price": {"maxAge": 1, "regularMarketChangePercent": 0.0, "regularMarketChange": 0.0, "regularMarketTime": "2021-04-30 15:20:48", "priceHint": 4, "regularMarketPrice": 3.95, "regularMarketDayHigh": 4.1, "regularMarketDayLow": 3.8, "regularMarketVolume": 4670, "averageDailyVolume10Day": 8217, "averageDailyVolume3Month": 65898, "regularMarketPreviousClose": 3.95, "regularMarketSource": "FREE_REALTIME", "regularMarketOpen": 3.95, "exchange": "NSI", "exchangeName": "NSE", "exchangeDataDelayedBy": 15, "marketState": "CLOSED", "quoteType": "EQUITY", "symbol": "SEPOWER.NS", "underlyingSymbol": null, "shortName": "S.E. POWER LIMITED", "longName": "S. E. Power Limited", "currency": "INR", "quoteSourceName": "Delayed Quote", "currencySymbol": "\u20b9", "fromCurrency": null, "lastMarket": null, "marketCap": 163252320}, "balanceSheetHistory": {"balanceSheetStatements": [{"maxAge": 1, "endDate": "2020-03-31", "cash": 1735130, "shortTermInvestments": 12758119, "netReceivables": 67561558, "inventory": 38464713, "otherCurrentAssets": 8479410, "totalCurrentAssets": 128998930, "longTermInvestments": 4748536, "propertyPlantEquipment": 678184055, "goodWill": 1125725, "otherAssets": 91538789, "deferredLongTermAssetCharges": 91242353, "totalAssets": 904596035, "accountsPayable": 37062960, "shortLongTermDebt": 35600000, "otherCurrentLiab": 2607652, "longTermDebt": 618790207, "totalCurrentLiabilities": 105729898, "totalLiab": 724520105, "commonStock": 406100000, "retainedEarnings": -226796160, "treasuryStock": 772090, "otherStockholderEquity": 772090, "totalStockholderEquity": 180075930, "netTangibleAssets": 178950205}, {"maxAge": 1, "endDate": "2019-03-31", "cash": 2160324, "shortTermInvestments": 12705697, "netReceivables": 60693780, "inventory": 33727810, "otherCurrentAssets": 14736911, "totalCurrentAssets": 124024522, "longTermInvestments": 4748536, "propertyPlantEquipment": 719354869, "goodWill": 1125725, "otherAssets": 70352012, "deferredLongTermAssetCharges": 70001576, "totalAssets": 919605664, "accountsPayable": 14157489, "shortLongTermDebt": 35600000, "otherCurrentLiab": 6939442, "longTermDebt": 570012720, "totalCurrentLiabilities": 84362262, "totalLiab": 654374982, "commonStock": 406100000, "retainedEarnings": -141641408, "treasuryStock": 772090, "otherStockholderEquity": 772090, "totalStockholderEquity": 265230682, "netTangibleAssets": 264104957}, {"maxAge": 1, "endDate": "2018-03-31", "cash": 2451689, "shortTermInvestments": 12682665, "netReceivables": 58074029, "inventory": 31509116, "otherCurrentAssets": 16645382, "totalCurrentAssets": 121362881, "longTermInvestments": 4748536, "propertyPlantEquipment": 746563816, "goodWill": 1125725, "otherAssets": 50902539, "deferredLongTermAssetCharges": 50593903, "totalAssets": 924703497, "accountsPayable": 14468825, "shortLongTermDebt": 35600000, "otherCurrentLiab": 6117605, "longTermDebt": 509420000, "totalCurrentLiabilities": 81897754, "totalLiab": 591317754, "commonStock": 406100000, "retainedEarnings": -73486347, "treasuryStock": 772090, "otherStockholderEquity": 772090, "totalStockholderEquity": 333385743, "netTangibleAssets": 332260018}, {"maxAge": 1, "endDate": "2017-03-31", "cash": 935294, "shortTermInvestments": 12607012, "netReceivables": 79547652, "inventory": 28012939, "otherCurrentAssets": 7393393, "totalCurrentAssets": 128496290, "longTermInvestments": 4748536, "propertyPlantEquipment": 788311513, "goodWill": 1125725, "otherAssets": 32268669, "deferredLongTermAssetCharges": 31165533, "totalAssets": 954950733, "accountsPayable": 9850865, "shortLongTermDebt": 35600000, "otherCurrentLiab": 6725881, "longTermDebt": 490595000, "totalCurrentLiabilities": 79530387, "totalLiab": 570125387, "commonStock": 406100000, "retainedEarnings": -22046744, "treasuryStock": 772090, "otherStockholderEquity": 772090, "totalStockholderEquity": 384825346, "netTangibleAssets": 383699621}], "maxAge": 86400}, "financialData": {"maxAge": 86400, "currentPrice": 3.95, "recommendationKey": "none", "totalCash": 15612000, "totalCashPerShare": 0.384, "ebitda": -15502024, "totalDebt": 748561024, "quickRatio": 0.469, "currentRatio": 1.321, "totalRevenue": 201561728, "debtToEquity": 540.423, "revenuePerShare": 5.005, "returnOnEquity": -0.41089, "grossProfits": 17364133, "revenueGrowth": 0.41, "grossMargins": 0.1346, "ebitdaMargins": -0.07691, "operatingMargins": -0.29053, "profitMargins": -0.37223, "financialCurrency": "INR"}}}