{"SESHAPAPER.BO": {"cashflowStatementHistory": {"cashflowStatements": [{"maxAge": 1, "endDate": "2020-03-31", "netIncome": 1827300000, "depreciation": 357400000, "changeToNetincome": 80500000, "changeToAccountReceivables": -23000000, "changeToLiabilities": 0, "changeToInventory": -348700000, "changeToOperatingActivities": -230600000, "totalCashFromOperatingActivities": 1664100000, "capitalExpenditures": -458900000, "otherCashflowsFromInvestingActivities": 184900000, "totalCashflowsFromInvestingActivities": -272600000, "dividendsPaid": -252300000, "netBorrowings": -883000000, "otherCashflowsFromFinancingActivities": -107700000, "totalCashFromFinancingActivities": -1243000000, "changeInCash": 148500000}, {"maxAge": 1, "endDate": "2019-03-31", "netIncome": 1920500000, "depreciation": 337500000, "changeToNetincome": 215100000, "changeToAccountReceivables": 271900000, "changeToLiabilities": 0, "changeToInventory": 232100000, "changeToOperatingActivities": -250200000, "totalCashFromOperatingActivities": 2727600000, "capitalExpenditures": -297300000, "investments": 7100000, "otherCashflowsFromInvestingActivities": 127700000, "totalCashflowsFromInvestingActivities": -160500000, "dividendsPaid": -189200000, "netBorrowings": -538200000, "otherCashflowsFromFinancingActivities": -162800000, "totalCashFromFinancingActivities": -890200000, "changeInCash": 1676900000}, {"maxAge": 1, "endDate": "2018-03-31", "netIncome": 1232900000, "depreciation": 319500000, "changeToNetincome": 244700000, "changeToAccountReceivables": -11500000, "changeToLiabilities": 0, "changeToInventory": -288100000, "changeToOperatingActivities": 753500000, "totalCashFromOperatingActivities": 2251400000, "capitalExpenditures": -544400000, "investments": 7100000, "otherCashflowsFromInvestingActivities": 25200000, "totalCashflowsFromInvestingActivities": -503500000, "dividendsPaid": -126100000, "netBorrowings": -228900000, "otherCashflowsFromFinancingActivities": -155900000, "totalCashFromFinancingActivities": -510900000, "changeInCash": 1237000000}, {"maxAge": 1, "endDate": "2017-03-31", "netIncome": 1323000000, "depreciation": 306700000, "changeToNetincome": 433400000, "changeToAccountReceivables": 227300000, "changeToLiabilities": 0, "changeToInventory": -149000000, "changeToOperatingActivities": -137000000, "totalCashFromOperatingActivities": 2004500000, "capitalExpenditures": -331900000, "investments": 7100000, "otherCashflowsFromInvestingActivities": -35100000, "totalCashflowsFromInvestingActivities": -363000000, "dividendsPaid": -63100000, "netBorrowings": -1250800000, "otherCashflowsFromFinancingActivities": -230600000, "totalCashFromFinancingActivities": -1544500000, "changeInCash": 97000000}], "maxAge": 86400}, "institutionOwnership": {"ownershipList": [], "maxAge": 1}, "balanceSheetHistoryQuarterly": {"balanceSheetStatements": [{"maxAge": 1, "endDate": "2020-06-30", "totalStockholderEquity": 10317500000, "netTangibleAssets": 10178900000}, {"maxAge": 1, "endDate": "2020-03-31", "cash": 2048000000, "shortTermInvestments": 1203900000, "netReceivables": 950400000, "inventory": 1694400000, "otherCurrentAssets": 81200000, "totalCurrentAssets": 6002200000, "longTermInvestments": 1033900000, "propertyPlantEquipment": 7035400000, "goodWill": 117800000, "intangibleAssets": 20800000, "otherAssets": 395600000, "totalAssets": 14605700000, "accountsPayable": 1950000000, "shortLongTermDebt": 33500000, "otherCurrentLiab": 176000000, "longTermDebt": 66300000, "otherLiab": 1885200000, "totalCurrentLiabilities": 2333900000, "totalLiab": 4288200000, "commonStock": 126100000, "retainedEarnings": 9330600000, "treasuryStock": 824800000, "capitalSurplus": 36000000, "otherStockholderEquity": 824800000, "totalStockholderEquity": 10317500000, "netTangibleAssets": 10178900000}, {"maxAge": 1, "endDate": "2019-12-31", "totalStockholderEquity": 9497000000, "netTangibleAssets": 9357500000}, {"maxAge": 1, "endDate": "2019-09-30", "cash": 2598700000, "shortTermInvestments": 9600000, "netReceivables": 564300000, "inventory": 1704500000, "otherCurrentAssets": 557800000, "totalCurrentAssets": 5434900000, "longTermInvestments": 1094100000, "propertyPlantEquipment": 7031100000, "goodWill": 117800000, "intangibleAssets": 21700000, "otherAssets": 351300000, "totalAssets": 14050900000, "accountsPayable": 1889600000, "otherCurrentLiab": 497900000, "longTermDebt": 327500000, "otherLiab": 1766300000, "totalCurrentLiabilities": 2460100000, "totalLiab": 4553900000, "commonStock": 126100000, "treasuryStock": 9370900000, "otherStockholderEquity": 9370900000, "totalStockholderEquity": 9497000000, "netTangibleAssets": 9357500000}], "maxAge": 86400}, "indexTrend": {"maxAge": 1, "symbol": "SP5", "peRatio": 19.7411, "pegRatio": 1.34172, "estimates": [{"period": "0q", "growth": 0.549}, {"period": "+1q", "growth": 0.431}, {"period": "0y", "growth": 0.305}, {"period": "+1y", "growth": 0.109}, {"period": "+5y", "growth": 0.120865}, {"period": "-5y"}]}, "insiderTransactions": {"transactions": [{"maxAge": 1, "shares": 49800, "filerUrl": "", "transactionText": "", "filerName": "Ponni Sugars Erode Ltd", "filerRelation": "Promoter", "moneyText": "", "startDate": "2016-10-03", "ownership": "D"}, {"maxAge": 1, "shares": 50200, "filerUrl": "", "transactionText": "", "filerName": "Ponni Sugars Erode Ltd", "filerRelation": "Promoter", "moneyText": "", "startDate": "2016-09-19", "ownership": "D"}, {"maxAge": 1, "shares": 474043, "filerUrl": "", "transactionText": "", "filerName": "Pithawalla (C K)", "filerRelation": "UNREPORTED", "moneyText": "", "startDate": "2013-03-31", "ownership": "D"}], "maxAge": 1}, "quoteType": {"exchange": "BSE", "quoteType": "EQUITY", "symbol": "SESHAPAPER.BO", "underlyingSymbol": "SESHAPAPER.BO", "shortName": "SESHASAYEE PAPER & BOARDS LTD.", "longName": "Seshasayee Paper and Boards Limited", "firstTradeDateEpochUtc": "2000-01-04 09:15:00", "timeZoneFullName": "Asia/Kolkata", "timeZoneShortName": "IST", "uuid": "2243946b-6f9d-33d7-be80-fb2bb3a1a091", "gmtOffSetMilliseconds": 19800000, "maxAge": 1}, "incomeStatementHistory": {"incomeStatementHistory": [{"maxAge": 1, "endDate": "2020-03-31", "totalRevenue": 11842500000, "costOfRevenue": 6240500000, "grossProfit": 5602000000, "researchDevelopment": {}, "sellingGeneralAdministrative": 823200000, "nonRecurring": {}, "otherOperatingExpenses": 2049000000, "totalOperatingExpenses": 9463000000, "operatingIncome": 2379500000, "totalOtherIncomeExpenseNet": 190500000, "ebit": 2379500000, "interestExpense": -66100000, "incomeBeforeTax": 2570000000, "incomeTaxExpense": 742700000, "minorityInterest": {}, "netIncomeFromContinuingOps": 1827300000, "discontinuedOperations": {}, "extraordinaryItems": {}, "effectOfAccountingCharges": {}, "otherItems": {}, "netIncome": 1827300000, "netIncomeApplicableToCommonShares": 1827300000}, {"maxAge": 1, "endDate": "2019-03-31", "totalRevenue": 13255100000, "costOfRevenue": 7404400000, "grossProfit": 5850700000, "researchDevelopment": {}, "sellingGeneralAdministrative": 692800000, "nonRecurring": {}, "otherOperatingExpenses": 2188400000, "totalOperatingExpenses": 10623800000, "operatingIncome": 2631300000, "totalOtherIncomeExpenseNet": 102900000, "ebit": 2631300000, "interestExpense": -131000000, "incomeBeforeTax": 2734200000, "incomeTaxExpense": 813700000, "minorityInterest": {}, "netIncomeFromContinuingOps": 1920500000, "discontinuedOperations": {}, "extraordinaryItems": {}, "effectOfAccountingCharges": {}, "otherItems": {}, "netIncome": 1920500000, "netIncomeApplicableToCommonShares": 1920500000}, {"maxAge": 1, "endDate": "2018-03-31", "totalRevenue": 10851100000, "costOfRevenue": 6346500000, "grossProfit": 4504600000, "researchDevelopment": {}, "sellingGeneralAdministrative": 694200000, "nonRecurring": {}, "otherOperatingExpenses": 1724000000, "totalOperatingExpenses": 9084600000, "operatingIncome": 1766500000, "totalOtherIncomeExpenseNet": -9900000, "ebit": 1766500000, "interestExpense": -135900000, "incomeBeforeTax": 1756600000, "incomeTaxExpense": 523700000, "minorityInterest": {}, "netIncomeFromContinuingOps": 1232900000, "discontinuedOperations": {}, "extraordinaryItems": {}, "effectOfAccountingCharges": {}, "otherItems": {}, "netIncome": 1232900000, "netIncomeApplicableToCommonShares": 1232900000}, {"maxAge": 1, "endDate": "2017-03-31", "totalRevenue": 10906100000, "costOfRevenue": 6329600000, "grossProfit": 4576500000, "researchDevelopment": {}, "sellingGeneralAdministrative": 710800000, "nonRecurring": {}, "otherOperatingExpenses": 1712500000, "totalOperatingExpenses": 9059700000, "operatingIncome": 1846400000, "totalOtherIncomeExpenseNet": -123200000, "ebit": 1846400000, "interestExpense": -224500000, "incomeBeforeTax": 1723200000, "incomeTaxExpense": 400200000, "minorityInterest": {}, "netIncomeFromContinuingOps": 1323000000, "discontinuedOperations": {}, "extraordinaryItems": {}, "effectOfAccountingCharges": {}, "otherItems": {}, "netIncome": 1323000000, "netIncomeApplicableToCommonShares": 1323000000}], "maxAge": 86400}, "fundOwnership": {"ownershipList": [], "maxAge": 1}, "summaryDetail": {"maxAge": 1, "priceHint": 2, "previousClose": 155.5, "open": 155.0, "dayLow": 152.5, "dayHigh": 156.8, "regularMarketPreviousClose": 155.5, "regularMarketOpen": 155.0, "regularMarketDayLow": 152.5, "regularMarketDayHigh": 156.8, "trailingPE": 5.9287925, "volume": 69, "regularMarketVolume": 69, "averageVolume": 8328, "averageVolume10days": 1785, "averageDailyVolume10Day": 1785, "bid": 151.85, "ask": 159.65, "bidSize": 0, "askSize": 0, "marketCap": 1940998016, "fiftyTwoWeekLow": 82.05, "fiftyTwoWeekHigh": 183.7, "fiftyDayAverage": 150.64243, "twoHundredDayAverage": 144.0978, "trailingAnnualDividendRate": 3.5, "trailingAnnualDividendYield": 0.022508038, "currency": "INR", "fromCurrency": null, "lastMarket": null, "algorithm": null, "tradeable": false}, "incomeStatementHistoryQuarterly": {"incomeStatementHistory": [{"maxAge": 1, "endDate": "2020-06-30", "totalRevenue": 1392300000, "costOfRevenue": 665800000, "grossProfit": 726500000, "researchDevelopment": {}, "sellingGeneralAdministrative": 215300000, "nonRecurring": {}, "otherOperatingExpenses": 196400000, "totalOperatingExpenses": 1169100000, "operatingIncome": 223200000, "totalOtherIncomeExpenseNet": 67000000, "ebit": 223200000, "interestExpense": -7200000, "incomeBeforeTax": 290200000, "incomeTaxExpense": 97200000, "minorityInterest": {}, "netIncomeFromContinuingOps": 193000000, "discontinuedOperations": {}, "extraordinaryItems": {}, "effectOfAccountingCharges": {}, "otherItems": {}, "netIncome": 193000000, "netIncomeApplicableToCommonShares": 193000000}, {"maxAge": 1, "endDate": "2020-03-31", "totalRevenue": 3203300000, "costOfRevenue": 1104000000, "grossProfit": 2099300000, "researchDevelopment": {}, "sellingGeneralAdministrative": 162500000, "nonRecurring": {}, "otherOperatingExpenses": 1229500000, "totalOperatingExpenses": 2572300000, "operatingIncome": 631000000, "totalOtherIncomeExpenseNet": 2400000, "ebit": 631000000, "interestExpense": -5700000, "incomeBeforeTax": 633400000, "incomeTaxExpense": 153300000, "minorityInterest": {}, "netIncomeFromContinuingOps": 480100000, "discontinuedOperations": {}, "extraordinaryItems": {}, "effectOfAccountingCharges": {}, "otherItems": {}, "netIncome": 480100000, "netIncomeApplicableToCommonShares": 480100000}, {"maxAge": 1, "endDate": "2019-12-31", "totalRevenue": 2854600000, "costOfRevenue": 1686600000, "grossProfit": 1168000000, "researchDevelopment": {}, "sellingGeneralAdministrative": 218100000, "nonRecurring": {}, "otherOperatingExpenses": 271600000, "totalOperatingExpenses": 2267900000, "operatingIncome": 586700000, "totalOtherIncomeExpenseNet": 70000000, "ebit": 586700000, "interestExpense": -11300000, "incomeBeforeTax": 656700000, "incomeTaxExpense": 198500000, "minorityInterest": {}, "netIncomeFromContinuingOps": 458200000, "discontinuedOperations": {}, "extraordinaryItems": {}, "effectOfAccountingCharges": {}, "otherItems": {}, "netIncome": 458200000, "netIncomeApplicableToCommonShares": 458200000}, {"maxAge": 1, "endDate": "2019-09-30", "totalRevenue": 2999500000, "costOfRevenue": 1753700000, "grossProfit": 1245800000, "researchDevelopment": {}, "sellingGeneralAdministrative": 223700000, "nonRecurring": {}, "otherOperatingExpenses": 300600000, "totalOperatingExpenses": 2369700000, "operatingIncome": 629800000, "totalOtherIncomeExpenseNet": 81600000, "ebit": 629800000, "interestExpense": -20400000, "incomeBeforeTax": 711400000, "incomeTaxExpense": 212500000, "minorityInterest": {}, "netIncomeFromContinuingOps": 498900000, "discontinuedOperations": {}, "extraordinaryItems": {}, "effectOfAccountingCharges": {}, "otherItems": {}, "netIncome": 498900000, "netIncomeApplicableToCommonShares": 498900000}], "maxAge": 86400}, "cashflowStatementHistoryQuarterly": {"cashflowStatements": [{"maxAge": 1, "endDate": "2020-06-30", "netIncome": 193000000, "changeToLiabilities": 0}, {"maxAge": 1, "endDate": "2020-03-31", "netIncome": 480100000, "changeToLiabilities": 0}, {"maxAge": 1, "endDate": "2019-12-31", "netIncome": 458200000, "changeToLiabilities": 0}, {"maxAge": 1, "endDate": "2019-09-30", "netIncome": 498900000, "changeToLiabilities": 0}], "maxAge": 86400}, "insiderHolders": {"holders": [{"maxAge": 1, "name": "Pithawalla (C K)", "relation": "UNREPORTED", "url": "", "transactionDescription": "Acquisition", "latestTransDate": "2013-03-31", "positionDirect": 474043, "positionDirectDate": "2013-03-31"}, {"maxAge": 1, "name": "Ponni Sugars Erode Ltd", "relation": "Promoter", "url": "", "transactionDescription": "Sale", "latestTransDate": "2016-10-03", "positionDirect": 1257621, "positionDirectDate": "2016-10-03"}], "maxAge": 1}, "calendarEvents": {"maxAge": 1, "earnings": {"earningsDate": []}}, "upgradeDowngradeHistory": {"history": [], "maxAge": 86400}, "price": {"maxAge": 1, "regularMarketChangePercent": -0.0147910165, "regularMarketChange": -2.300003, "regularMarketTime": "2021-04-30 15:26:06", "priceHint": 2, "regularMarketPrice": 153.2, "regularMarketDayHigh": 156.8, "regularMarketDayLow": 152.5, "regularMarketVolume": 69, "averageDailyVolume10Day": 1785, "averageDailyVolume3Month": 8328, "regularMarketPreviousClose": 155.5, "regularMarketSource": "FREE_REALTIME", "regularMarketOpen": 155.0, "exchange": "BSE", "exchangeName": "BSE", "exchangeDataDelayedBy": 0, "marketState": "CLOSED", "quoteType": "EQUITY", "symbol": "SESHAPAPER.BO", "underlyingSymbol": null, "shortName": "SESHASAYEE PAPER & BOARDS LTD.", "longName": "Seshasayee Paper and Boards Limited", "currency": "INR", "quoteSourceName": "Delayed Quote", "currencySymbol": "\u20b9", "fromCurrency": null, "lastMarket": null, "marketCap": 1940998016}, "balanceSheetHistory": {"balanceSheetStatements": [{"maxAge": 1, "endDate": "2020-03-31", "cash": 2048000000, "shortTermInvestments": 1203900000, "netReceivables": 950400000, "inventory": 1694400000, "otherCurrentAssets": 81200000, "totalCurrentAssets": 6002200000, "longTermInvestments": 1033900000, "propertyPlantEquipment": 7035400000, "goodWill": 117800000, "intangibleAssets": 20800000, "otherAssets": 395600000, "totalAssets": 14605700000, "accountsPayable": 1950000000, "shortLongTermDebt": 33500000, "otherCurrentLiab": 176000000, "longTermDebt": 66300000, "otherLiab": 1885200000, "totalCurrentLiabilities": 2333900000, "totalLiab": 4288200000, "commonStock": 126100000, "retainedEarnings": 9330600000, "treasuryStock": 824800000, "capitalSurplus": 36000000, "otherStockholderEquity": 824800000, "totalStockholderEquity": 10317500000, "netTangibleAssets": 10178900000}, {"maxAge": 1, "endDate": "2019-03-31", "cash": 647400000, "shortTermInvestments": 2466400000, "netReceivables": 1273000000, "inventory": 1345700000, "otherCurrentAssets": 70300000, "totalCurrentAssets": 5828400000, "longTermInvestments": 1066000000, "propertyPlantEquipment": 6929600000, "goodWill": 117800000, "intangibleAssets": 22600000, "otherAssets": 397100000, "totalAssets": 14361500000, "accountsPayable": 2585400000, "shortLongTermDebt": 454500000, "otherCurrentLiab": 127300000, "longTermDebt": 514800000, "otherLiab": 1598100000, "totalCurrentLiabilities": 3316600000, "totalLiab": 5429500000, "commonStock": 126100000, "retainedEarnings": 7818200000, "treasuryStock": 951700000, "capitalSurplus": 36000000, "otherStockholderEquity": 951700000, "totalStockholderEquity": 8932000000, "netTangibleAssets": 8791600000}, {"maxAge": 1, "endDate": "2018-03-31", "cash": 249300000, "shortTermInvestments": 1185200000, "netReceivables": 1221700000, "inventory": 1577800000, "otherCurrentAssets": 70400000, "totalCurrentAssets": 4328800000, "longTermInvestments": 1083800000, "propertyPlantEquipment": 6975100000, "goodWill": 117800000, "intangibleAssets": 19600000, "otherAssets": 284800000, "totalAssets": 12809900000, "accountsPayable": 2364600000, "shortLongTermDebt": 574100000, "otherCurrentLiab": 108600000, "longTermDebt": 918000000, "otherLiab": 1344200000, "totalCurrentLiabilities": 3293000000, "totalLiab": 5555200000, "commonStock": 126100000, "retainedEarnings": 6131200000, "treasuryStock": 961400000, "capitalSurplus": 36000000, "otherStockholderEquity": 961400000, "totalStockholderEquity": 7254700000, "netTangibleAssets": 7117300000}, {"maxAge": 1, "endDate": "2017-03-31", "cash": 185100000, "shortTermInvestments": 63600000, "netReceivables": 1149600000, "inventory": 1289700000, "otherCurrentAssets": 285200000, "totalCurrentAssets": 2995200000, "longTermInvestments": 928700000, "propertyPlantEquipment": 6771600000, "goodWill": 117800000, "intangibleAssets": 7900000, "otherAssets": 362900000, "totalAssets": 11184100000, "accountsPayable": 1880600000, "shortLongTermDebt": 538800000, "otherCurrentLiab": 104600000, "longTermDebt": 1168400000, "otherLiab": 1146300000, "totalCurrentLiabilities": 2819900000, "totalLiab": 5134600000, "commonStock": 126100000, "retainedEarnings": 5072400000, "treasuryStock": 815000000, "capitalSurplus": 36000000, "otherStockholderEquity": 815000000, "totalStockholderEquity": 6049500000, "netTangibleAssets": 5923800000}], "maxAge": 86400}, "financialData": {"maxAge": 86400, "currentPrice": 153.2, "recommendationKey": "none", "grossProfits": 5602000000, "financialCurrency": "INR"}}}