{"SEYAIND.BO": {"recommendationTrend": {"trend": [{"period": "0m", "strongBuy": 0, "buy": 0, "hold": 0, "sell": 0, "strongSell": 0}, {"period": "-1m", "strongBuy": 0, "buy": 0, "hold": 0, "sell": 0, "strongSell": 0}, {"period": "-2m", "strongBuy": 0, "buy": 0, "hold": 0, "sell": 0, "strongSell": 0}, {"period": "-3m", "strongBuy": 0, "buy": 0, "hold": 0, "sell": 0, "strongSell": 0}], "maxAge": 86400}, "cashflowStatementHistory": {"cashflowStatements": [{"maxAge": 1, "endDate": "2020-03-31", "netIncome": 470197000, "depreciation": 166174000, "changeToNetincome": -8817000, "changeToLiabilities": 0, "changeToOperatingActivities": -609886000, "totalCashFromOperatingActivities": 17668000, "capitalExpenditures": -1305012000, "investments": -2375000, "otherCashflowsFromInvestingActivities": 185317000, "totalCashflowsFromInvestingActivities": -1122070000, "dividendsPaid": -43285000, "netBorrowings": 1218375000, "otherCashflowsFromFinancingActivities": -79198000, "totalCashFromFinancingActivities": 1095892000, "changeInCash": -8510000}, {"maxAge": 1, "endDate": "2019-03-31", "netIncome": 884876000, "depreciation": 159941000, "changeToNetincome": 108840000, "changeToAccountReceivables": 19745000, "changeToLiabilities": -15743000, "changeToInventory": 17870000, "changeToOperatingActivities": -229489000, "totalCashFromOperatingActivities": 946040000, "capitalExpenditures": -2887122000, "investments": -1771000, "otherCashflowsFromInvestingActivities": 16071000, "totalCashflowsFromInvestingActivities": -2872822000, "dividendsPaid": -196781000, "netBorrowings": 1213549000, "otherCashflowsFromFinancingActivities": -250738000, "totalCashFromFinancingActivities": 1796622000, "changeInCash": -130160000, "issuanceOfStock": 1030592000}, {"maxAge": 1, "endDate": "2018-03-31", "netIncome": 523960000, "depreciation": 150981000, "changeToNetincome": 222413000, "changeToAccountReceivables": -243564000, "changeToLiabilities": -67369000, "changeToInventory": -20289000, "changeToOperatingActivities": 170962000, "totalCashFromOperatingActivities": 737094000, "capitalExpenditures": -1670697000, "investments": -959000, "otherCashflowsFromInvestingActivities": -23046000, "totalCashflowsFromInvestingActivities": -1694702000, "dividendsPaid": -195131000, "netBorrowings": 1408136000, "otherCashflowsFromFinancingActivities": -889505000, "totalCashFromFinancingActivities": 1088500000, "changeInCash": 130892000, "issuanceOfStock": 765000000}, {"maxAge": 1, "endDate": "2017-03-31", "netIncome": 422325000, "depreciation": 136778000, "changeToNetincome": 85505000, "changeToAccountReceivables": -127525000, "changeToLiabilities": 110832000, "changeToInventory": -27456000, "changeToOperatingActivities": 88560000, "totalCashFromOperatingActivities": 689019000, "capitalExpenditures": -907576000, "investments": -2550000, "otherCashflowsFromInvestingActivities": -457873000, "totalCashflowsFromInvestingActivities": -1367999000, "dividendsPaid": -28366000, "netBorrowings": -1531924000, "otherCashflowsFromFinancingActivities": 569742000, "totalCashFromFinancingActivities": 683924000, "changeInCash": 4945000, "issuanceOfStock": 1674472000}], "maxAge": 86400}, "institutionOwnership": {"ownershipList": [], "maxAge": 1}, "balanceSheetHistoryQuarterly": {"balanceSheetStatements": [{"maxAge": 1, "endDate": "2020-06-30", "totalStockholderEquity": 9716629000, "netTangibleAssets": 9716629000}, {"maxAge": 1, "endDate": "2020-03-31", "cash": 24091000, "shortTermInvestments": 1278000, "netReceivables": 1254072000, "inventory": 258843000, "otherCurrentAssets": 631844000, "totalCurrentAssets": 2170128000, "propertyPlantEquipment": 15312481000, "otherAssets": 393420000, "totalAssets": 17876029000, "accountsPayable": 55722000, "shortLongTermDebt": 33490000, "otherCurrentLiab": 114839000, "longTermDebt": 6915462000, "otherLiab": 268729000, "totalCurrentLiabilities": 975209000, "totalLiab": 8159400000, "commonStock": 246000000, "treasuryStock": 9470629000, "otherStockholderEquity": 9470629000, "totalStockholderEquity": 9716629000, "netTangibleAssets": 9716629000}, {"maxAge": 1, "endDate": "2019-12-31", "totalStockholderEquity": 9685792000, "netTangibleAssets": 9685792000}, {"maxAge": 1, "endDate": "2019-09-30", "cash": 32710000, "netReceivables": 941006000, "inventory": 292914000, "otherCurrentAssets": 677339000, "totalCurrentAssets": 1943969000, "propertyPlantEquipment": 15199050000, "otherAssets": 346985000, "deferredLongTermAssetCharges": 137711000, "totalAssets": 17490004000, "accountsPayable": 103377000, "shortLongTermDebt": 329207000, "otherCurrentLiab": 53355000, "longTermDebt": 6558706000, "otherLiab": 43416000, "totalCurrentLiabilities": 1182385000, "totalLiab": 7784507000, "commonStock": 246000000, "treasuryStock": 9439792000, "otherStockholderEquity": 9439792000, "totalStockholderEquity": 9685792000, "netTangibleAssets": 9685792000}], "maxAge": 86400}, "earningsHistory": {"history": [{"maxAge": 1, "epsActual": {}, "epsEstimate": {}, "epsDifference": {}, "surprisePercent": {}, "quarter": {}, "period": "-4q"}, {"maxAge": 1, "epsActual": {}, "epsEstimate": {}, "epsDifference": {}, "surprisePercent": {}, "quarter": {}, "period": "-3q"}, {"maxAge": 1, "epsActual": {}, "epsEstimate": {}, "epsDifference": {}, "surprisePercent": {}, "quarter": {}, "period": "-2q"}, {"maxAge": 1, "epsActual": {}, "epsEstimate": {}, "epsDifference": {}, "surprisePercent": {}, "quarter": {}, "period": "-1q"}], "maxAge": 86400}, "indexTrend": {"maxAge": 1, "symbol": "SP5", "peRatio": 19.7411, "pegRatio": 1.34172, "estimates": [{"period": "0q", "growth": 0.549}, {"period": "+1q", "growth": 0.431}, {"period": "0y", "growth": 0.305}, {"period": "+1y", "growth": 0.109}, {"period": "+5y", "growth": 0.120865}, {"period": "-5y"}]}, "industryTrend": {"maxAge": 1, "symbol": null, "estimates": []}, "insiderTransactions": {"transactions": [{"maxAge": 1, "shares": 92259, "filerUrl": "", "transactionText": "", "filerName": "Rajani (Ashok G)", "filerRelation": "Executive Chairman", "moneyText": "", "startDate": "2016-12-15", "ownership": "D"}, {"maxAge": 1, "shares": 2651918, "filerUrl": "", "transactionText": "", "filerName": "Whiz Enterprise Pvt. Ltd.", "filerRelation": "UNREPORTED", "moneyText": "", "startDate": "2016-12-15", "ownership": "D"}, {"maxAge": 1, "shares": 3850000, "filerUrl": "", "transactionText": "", "filerName": "Whiz Enterprise Pvt. Ltd.", "filerRelation": "UNREPORTED", "moneyText": "", "startDate": "2016-12-15", "ownership": "D"}, {"maxAge": 1, "shares": 7100, "filerUrl": "", "transactionText": "", "filerName": "Rajani (Ashok G)", "filerRelation": "Chairman of the Board", "moneyText": "", "startDate": "2016-01-28", "ownership": "D"}, {"maxAge": 1, "shares": 1390170, "filerUrl": "", "transactionText": "", "filerName": "Rajani (Ashok G)", "filerRelation": "Chairman of the Board", "moneyText": "", "startDate": "2015-05-15", "ownership": "D"}, {"maxAge": 1, "shares": 971586, "filerUrl": "", "transactionText": "", "filerName": "Rajani (Ashok G)", "filerRelation": "Chairman of the Board", "moneyText": "", "startDate": "2015-05-12", "ownership": "D"}], "maxAge": 1}, "quoteType": {"exchange": "BSE", "quoteType": "EQUITY", "symbol": "SEYAIND.BO", "underlyingSymbol": "SEYAIND.BO", "shortName": "SEYA INDUSTRIES LTD.", "longName": "Seya Industries Limited", "firstTradeDateEpochUtc": "2017-03-02 09:15:00", "timeZoneFullName": "Asia/Kolkata", "timeZoneShortName": "IST", "uuid": "3be7059c-3cab-35b9-95a4-e8c98d8c1425", "gmtOffSetMilliseconds": 19800000, "maxAge": 1}, "incomeStatementHistory": {"incomeStatementHistory": [{"maxAge": 1, "endDate": "2020-03-31", "totalRevenue": 2581951000, "costOfRevenue": 1485400000, "grossProfit": 1096551000, "researchDevelopment": {}, "sellingGeneralAdministrative": 63057000, "nonRecurring": {}, "otherOperatingExpenses": 356249000, "totalOperatingExpenses": 2070880000, "operatingIncome": 511071000, "totalOtherIncomeExpenseNet": 8596000, "ebit": 511071000, "interestExpense": -79198000, "incomeBeforeTax": 519667000, "incomeTaxExpense": 49470000, "minorityInterest": {}, "netIncomeFromContinuingOps": 470197000, "discontinuedOperations": {}, "extraordinaryItems": {}, "effectOfAccountingCharges": {}, "otherItems": {}, "netIncome": 470197000, "netIncomeApplicableToCommonShares": 470197000}, {"maxAge": 1, "endDate": "2019-03-31", "totalRevenue": 4127774000, "costOfRevenue": 2100584000, "grossProfit": 2027190000, "researchDevelopment": {}, "sellingGeneralAdministrative": 76047000, "nonRecurring": {}, "otherOperatingExpenses": 568545000, "totalOperatingExpenses": 2905117000, "operatingIncome": 1222657000, "totalOtherIncomeExpenseNet": -160211000, "ebit": 1222657000, "interestExpense": -170737000, "incomeBeforeTax": 1062446000, "incomeTaxExpense": 177570000, "minorityInterest": {}, "netIncomeFromContinuingOps": 884876000, "discontinuedOperations": {}, "extraordinaryItems": {}, "effectOfAccountingCharges": {}, "otherItems": {}, "netIncome": 884876000, "netIncomeApplicableToCommonShares": 884876000}, {"maxAge": 1, "endDate": "2018-03-31", "totalRevenue": 3461554000, "costOfRevenue": 2005753000, "grossProfit": 1455801000, "researchDevelopment": {}, "sellingGeneralAdministrative": 49074000, "nonRecurring": {}, "otherOperatingExpenses": 352516000, "totalOperatingExpenses": 2558324000, "operatingIncome": 903230000, "totalOtherIncomeExpenseNet": -168075000, "ebit": 903230000, "interestExpense": -174709000, "incomeBeforeTax": 735155000, "incomeTaxExpense": 211195000, "minorityInterest": {}, "netIncomeFromContinuingOps": 523960000, "discontinuedOperations": {}, "extraordinaryItems": {}, "effectOfAccountingCharges": {}, "otherItems": {}, "netIncome": 523960000, "netIncomeApplicableToCommonShares": 523960000}, {"maxAge": 1, "endDate": "2017-03-31", "totalRevenue": 3086052000, "costOfRevenue": 2244731000, "grossProfit": 841321000, "researchDevelopment": {}, "sellingGeneralAdministrative": 30370000, "nonRecurring": {}, "otherOperatingExpenses": 71742000, "totalOperatingExpenses": 2483621000, "operatingIncome": 602431000, "totalOtherIncomeExpenseNet": -132801000, "ebit": 602431000, "interestExpense": -138864000, "incomeBeforeTax": 469630000, "incomeTaxExpense": 47305000, "minorityInterest": {}, "netIncomeFromContinuingOps": 422325000, "discontinuedOperations": {}, "extraordinaryItems": {}, "effectOfAccountingCharges": {}, "otherItems": {}, "netIncome": 422325000, "netIncomeApplicableToCommonShares": 422325000}], "maxAge": 86400}, "fundOwnership": {"ownershipList": [], "maxAge": 1}, "summaryDetail": {"maxAge": 1, "priceHint": 2, "previousClose": 59.5, "open": 59.35, "dayLow": 58.15, "dayHigh": 59.45, "regularMarketPreviousClose": 59.5, "regularMarketOpen": 59.35, "regularMarketDayLow": 58.15, "regularMarketDayHigh": 59.45, "volume": 2148, "regularMarketVolume": 2148, "averageVolume": 7367, "averageVolume10days": 3785, "averageDailyVolume10Day": 3785, "bid": 58.15, "ask": 59.0, "bidSize": 0, "askSize": 0, "marketCap": 1458780032, "fiftyTwoWeekLow": 36.5, "fiftyTwoWeekHigh": 120.5, "fiftyDayAverage": 64.760605, "twoHundredDayAverage": 68.95478, "trailingAnnualDividendRate": 1.5, "trailingAnnualDividendYield": 0.025210084, "currency": "INR", "fromCurrency": null, "lastMarket": null, "algorithm": null, "tradeable": false}, "sectorTrend": {"maxAge": 1, "symbol": null, "estimates": []}, "incomeStatementHistoryQuarterly": {"incomeStatementHistory": [{"maxAge": 1, "endDate": "2020-06-30", "totalRevenue": 72200000, "costOfRevenue": 46541000, "grossProfit": 25659000, "researchDevelopment": {}, "sellingGeneralAdministrative": 8490000, "nonRecurring": {}, "otherOperatingExpenses": 21467000, "totalOperatingExpenses": 121105000, "operatingIncome": -48905000, "totalOtherIncomeExpenseNet": -197465000, "ebit": -48905000, "interestExpense": -561000, "incomeBeforeTax": -246370000, "incomeTaxExpense": -2225000, "minorityInterest": {}, "netIncomeFromContinuingOps": -244145000, "discontinuedOperations": {}, "extraordinaryItems": {}, "effectOfAccountingCharges": {}, "otherItems": {}, "netIncome": -244145000, "netIncomeApplicableToCommonShares": -244145000}, {"maxAge": 1, "endDate": "2020-03-31", "totalRevenue": 229490000, "costOfRevenue": 138671000, "grossProfit": 90819000, "researchDevelopment": {}, "sellingGeneralAdministrative": 11075000, "nonRecurring": {}, "otherOperatingExpenses": 37813000, "totalOperatingExpenses": 227152000, "operatingIncome": 2338000, "totalOtherIncomeExpenseNet": 57799000, "ebit": 2338000, "interestExpense": -1276000, "incomeBeforeTax": 60137000, "incomeTaxExpense": 19190000, "minorityInterest": {}, "netIncomeFromContinuingOps": 40947000, "discontinuedOperations": {}, "extraordinaryItems": {}, "effectOfAccountingCharges": {}, "otherItems": {}, "netIncome": 40947000, "netIncomeApplicableToCommonShares": 40947000}, {"maxAge": 1, "endDate": "2019-12-31", "totalRevenue": 520878000, "costOfRevenue": 307167000, "grossProfit": 213711000, "researchDevelopment": {}, "sellingGeneralAdministrative": 17221000, "nonRecurring": {}, "otherOperatingExpenses": 83373000, "totalOperatingExpenses": 452695000, "operatingIncome": 68183000, "totalOtherIncomeExpenseNet": -22361000, "ebit": 68183000, "interestExpense": -36540000, "incomeBeforeTax": 45822000, "incomeTaxExpense": -25177000, "minorityInterest": {}, "netIncomeFromContinuingOps": 70999000, "discontinuedOperations": {}, "extraordinaryItems": {}, "effectOfAccountingCharges": {}, "otherItems": {}, "netIncome": 70999000, "netIncomeApplicableToCommonShares": 70999000}, {"maxAge": 1, "endDate": "2019-09-30", "totalRevenue": 845390000, "costOfRevenue": 399616000, "grossProfit": 445774000, "researchDevelopment": {}, "sellingGeneralAdministrative": 17257000, "nonRecurring": {}, "otherOperatingExpenses": 120126000, "totalOperatingExpenses": 578493000, "operatingIncome": 266897000, "totalOtherIncomeExpenseNet": -89849000, "ebit": 266897000, "interestExpense": -38216000, "incomeBeforeTax": 177048000, "incomeTaxExpense": -9019000, "minorityInterest": {}, "netIncomeFromContinuingOps": 186067000, "discontinuedOperations": {}, "extraordinaryItems": {}, "effectOfAccountingCharges": {}, "otherItems": {}, "netIncome": 186067000, "netIncomeApplicableToCommonShares": 186067000}], "maxAge": 86400}, "cashflowStatementHistoryQuarterly": {"cashflowStatements": [{"maxAge": 1, "endDate": "2020-06-30", "netIncome": -244145000, "changeToLiabilities": 0}, {"maxAge": 1, "endDate": "2020-03-31", "netIncome": 40947000, "changeToLiabilities": 0}, {"maxAge": 1, "endDate": "2019-12-31", "netIncome": 70999000, "changeToLiabilities": 0}, {"maxAge": 1, "endDate": "2019-09-30", "netIncome": 186067000, "changeToLiabilities": 0}], "maxAge": 86400}, "insiderHolders": {"holders": [{"maxAge": 1, "name": "Rajani (Ashok G)", "relation": "Executive Chairman", "url": "", "transactionDescription": "Sale", "latestTransDate": "2016-12-15", "positionDirectDate": "2016-12-15"}, {"maxAge": 1, "name": "Whiz Enterprise Pvt. Ltd.", "relation": "UNREPORTED", "url": "", "transactionDescription": "Acquisition", "latestTransDate": "2016-12-15", "positionDirectDate": "2016-12-15"}], "maxAge": 1}, "earnings": {"maxAge": 86400, "earningsChart": {"quarterly": [], "earningsDate": ["2020-09-15 05:30:S"]}, "financialsChart": {"yearly": [{"date": 2017, "revenue": 3086052000, "earnings": 422325000}, {"date": 2018, "revenue": 3461554000, "earnings": 523960000}, {"date": 2019, "revenue": 4127774000, "earnings": 884876000}, {"date": 2020, "revenue": 2581951000, "earnings": 470197000}], "quarterly": [{"date": "3Q2019", "revenue": 845390000, "earnings": 186067000}, {"date": "4Q2019", "revenue": 520878000, "earnings": 70999000}, {"date": "1Q2020", "revenue": 229490000, "earnings": 40947000}, {"date": "2Q2020", "revenue": 72200000, "earnings": -244145000}]}, "financialCurrency": "INR"}, "calendarEvents": {"maxAge": 1, "earnings": {"earningsDate": ["2020-09-15 05:30:S"], "revenueAverage": 3456380000, "revenueLow": 3456380000, "revenueHigh": 3456380000}}, "upgradeDowngradeHistory": {"history": [], "maxAge": 86400}, "price": {"maxAge": 1, "regularMarketChangePercent": -0.0033613574, "regularMarketChange": -0.20000076, "regularMarketTime": "2021-04-30 15:45:49", "priceHint": 2, "regularMarketPrice": 59.3, "regularMarketDayHigh": 59.45, "regularMarketDayLow": 58.15, "regularMarketVolume": 2148, "averageDailyVolume10Day": 3785, "averageDailyVolume3Month": 7367, "regularMarketPreviousClose": 59.5, "regularMarketSource": "FREE_REALTIME", "regularMarketOpen": 59.35, "exchange": "BSE", "exchangeName": "BSE", "exchangeDataDelayedBy": 0, "marketState": "CLOSED", "quoteType": "EQUITY", "symbol": "SEYAIND.BO", "underlyingSymbol": null, "shortName": "SEYA INDUSTRIES LTD.", "longName": "Seya Industries Limited", "currency": "INR", "quoteSourceName": "Delayed Quote", "currencySymbol": "\u20b9", "fromCurrency": null, "lastMarket": null, "marketCap": 1458780032}, "balanceSheetHistory": {"balanceSheetStatements": [{"maxAge": 1, "endDate": "2020-03-31", "cash": 24091000, "shortTermInvestments": 1278000, "netReceivables": 1254072000, "inventory": 258843000, "otherCurrentAssets": 631844000, "totalCurrentAssets": 2170128000, "propertyPlantEquipment": 15312481000, "otherAssets": 393420000, "totalAssets": 17876029000, "accountsPayable": 55722000, "shortLongTermDebt": 33490000, "otherCurrentLiab": 114839000, "longTermDebt": 6915462000, "otherLiab": 268729000, "totalCurrentLiabilities": 975209000, "totalLiab": 8159400000, "commonStock": 246000000, "treasuryStock": 9470629000, "otherStockholderEquity": 9470629000, "totalStockholderEquity": 9716629000, "netTangibleAssets": 9716629000}, {"maxAge": 1, "endDate": "2019-03-31", "cash": 7993000, "netReceivables": 1016628000, "inventory": 314119000, "otherCurrentAssets": 489966000, "totalCurrentAssets": 1839744000, "propertyPlantEquipment": 14173643000, "otherAssets": 121686000, "deferredLongTermAssetCharges": 112314000, "totalAssets": 16135073000, "accountsPayable": 93201000, "shortLongTermDebt": 221991000, "otherCurrentLiab": 25813000, "longTermDebt": 6168185000, "otherLiab": 26472000, "totalCurrentLiabilities": 650477000, "totalLiab": 6845134000, "commonStock": 246000000, "retainedEarnings": 2567774000, "treasuryStock": 4172693000, "capitalSurplus": 2303472000, "otherStockholderEquity": 4172693000, "totalStockholderEquity": 9289939000, "netTangibleAssets": 9289939000}, {"maxAge": 1, "endDate": "2018-03-31", "cash": 138153000, "shortTermInvestments": 20972000, "netReceivables": 1036204000, "inventory": 331988000, "otherCurrentAssets": 363776000, "totalCurrentAssets": 1880643000, "propertyPlantEquipment": 11209623000, "otherAssets": 69342000, "deferredLongTermAssetCharges": 60945000, "totalAssets": 13159608000, "accountsPayable": 112317000, "shortLongTermDebt": 221699000, "otherCurrentLiab": 129512000, "longTermDebt": 4550942000, "otherLiab": 31526000, "totalCurrentLiabilities": 1173768000, "totalLiab": 5756236000, "commonStock": 246000000, "retainedEarnings": 1711800000, "treasuryStock": 3142100000, "capitalSurplus": 2303472000, "otherStockholderEquity": 3142100000, "totalStockholderEquity": 7403372000, "netTangibleAssets": 7403372000}, {"maxAge": 1, "endDate": "2017-03-31", "cash": 7261000, "shortTermInvestments": 20013000, "netReceivables": 792800000, "inventory": 311699000, "otherCurrentAssets": 293681000, "totalCurrentAssets": 1413870000, "propertyPlantEquipment": 6381417000, "otherAssets": 123445000, "deferredLongTermAssetCharges": 115282000, "totalAssets": 7918732000, "accountsPayable": 197866000, "shortLongTermDebt": 65590000, "otherCurrentLiab": 30444000, "longTermDebt": 3273778000, "otherLiab": 64765000, "totalCurrentLiabilities": 868356000, "totalLiab": 4206899000, "commonStock": 203500000, "retainedEarnings": 1216361000, "treasuryStock": 711000000, "capitalSurplus": 1580972000, "otherStockholderEquity": 711000000, "totalStockholderEquity": 3711833000, "netTangibleAssets": 3711833000}], "maxAge": 86400}, "earningsTrend": {"trend": [{"maxAge": 1, "period": "0q", "endDate": "2016-12-31", "growth": {}, "earningsEstimate": {"avg": 0.0, "low": 0.0, "high": 0.0, "yearAgoEps": {}, "numberOfAnalysts": 0, "growth": {}}, "revenueEstimate": {"avg": 3456380000, "low": 3456380000, "high": 3456380000, "numberOfAnalysts": 1, "yearAgoRevenue": {}, "growth": {}}, "epsTrend": {"current": 0.0, "7daysAgo": 7.36, "30daysAgo": 7.36, "60daysAgo": 7.36, "90daysAgo": 7.36}, "epsRevisions": {"upLast7days": 0, "upLast30days": 0, "downLast30days": 0, "downLast90days": {}}}, {"maxAge": 1, "period": "+1q", "endDate": "2017-03-31", "growth": {}, "earningsEstimate": {"avg": 0.0, "low": 0.0, "high": 0.0, "yearAgoEps": {}, "numberOfAnalysts": 0, "growth": {}}, "revenueEstimate": {"avg": 3456380000, "low": 3456380000, "high": 3456380000, "numberOfAnalysts": 1, "yearAgoRevenue": {}, "growth": {}}, "epsTrend": {"current": 0.0, "7daysAgo": 4.21, "30daysAgo": 4.21, "60daysAgo": 4.21, "90daysAgo": 4.21}, "epsRevisions": {"upLast7days": 0, "upLast30days": 0, "downLast30days": 0, "downLast90days": {}}}, {"maxAge": 1, "period": "0y", "endDate": "2018-03-31", "growth": {}, "earningsEstimate": {"avg": 0.0, "low": 0.0, "high": 0.0, "yearAgoEps": {}, "numberOfAnalysts": 0, "growth": {}}, "revenueEstimate": {"avg": 3456380000, "low": 3456380000, "high": 3456380000, "numberOfAnalysts": 1, "yearAgoRevenue": {}, "growth": {}}, "epsTrend": {"current": 0.0, "7daysAgo": 0.0, "30daysAgo": 0.0, "60daysAgo": 0.0, "90daysAgo": 0.0}, "epsRevisions": {"upLast7days": 0, "upLast30days": 0, "downLast30days": 0, "downLast90days": {}}}, {"maxAge": 1, "period": "+1y", "endDate": "2017-03-31", "growth": {}, "earningsEstimate": {"avg": 0.0, "low": 0.0, "high": 0.0, "yearAgoEps": {}, "numberOfAnalysts": 0, "growth": {}}, "revenueEstimate": {"avg": 0, "low": 3103080000, "high": 3103080000, "numberOfAnalysts": 1, "yearAgoRevenue": 3456380000, "growth": {}}, "epsTrend": {"current": 0.0, "7daysAgo": 16.52, "30daysAgo": 16.52, "60daysAgo": 16.52, "90daysAgo": 16.52}, "epsRevisions": {"upLast7days": 0, "upLast30days": 0, "downLast30days": 0, "downLast90days": {}}}, {"maxAge": 1, "period": "+5y", "endDate": null, "growth": {}, "earningsEstimate": {"avg": {}, "low": {}, "high": {}, "yearAgoEps": {}, "numberOfAnalysts": {}, "growth": {}}, "revenueEstimate": {"avg": {}, "low": {}, "high": {}, "numberOfAnalysts": {}, "yearAgoRevenue": {}, "growth": {}}, "epsTrend": {"current": {}, "7daysAgo": {}, "30daysAgo": {}, "60daysAgo": {}, "90daysAgo": {}}, "epsRevisions": {"upLast7days": {}, "upLast30days": {}, "downLast30days": {}, "downLast90days": {}}}, {"maxAge": 1, "period": "-5y", "endDate": null, "growth": {}, "earningsEstimate": {"avg": {}, "low": {}, "high": {}, "yearAgoEps": {}, "numberOfAnalysts": {}, "growth": {}}, "revenueEstimate": {"avg": {}, "low": {}, "high": {}, "numberOfAnalysts": {}, "yearAgoRevenue": {}, "growth": {}}, "epsTrend": {"current": {}, "7daysAgo": {}, "30daysAgo": {}, "60daysAgo": {}, "90daysAgo": {}}, "epsRevisions": {"upLast7days": {}, "upLast30days": {}, "downLast30days": {}, "downLast90days": {}}}], "maxAge": 1}, "financialData": {"maxAge": 86400, "currentPrice": 59.3, "recommendationKey": "none", "grossProfits": 1096551000, "financialCurrency": "INR"}}}