{"SEZAL.BO": {"recommendationTrend": {"trend": [{"period": "0m", "strongBuy": 0, "buy": 0, "hold": 0, "sell": 0, "strongSell": 0}, {"period": "-1m", "strongBuy": 0, "buy": 0, "hold": 0, "sell": 0, "strongSell": 0}, {"period": "-2m", "strongBuy": 0, "buy": 0, "hold": 0, "sell": 0, "strongSell": 0}, {"period": "-3m", "strongBuy": 0, "buy": 0, "hold": 0, "sell": 0, "strongSell": 0}], "maxAge": 86400}, "cashflowStatementHistory": {"cashflowStatements": [{"maxAge": 1, "endDate": "2020-03-31", "netIncome": -215029000, "depreciation": 24929740, "changeToNetincome": 147351958, "changeToAccountReceivables": -934875, "changeToLiabilities": -589343, "changeToInventory": -1834575, "changeToOperatingActivities": 117642314, "totalCashFromOperatingActivities": 71536219, "otherCashflowsFromInvestingActivities": 2015892, "totalCashflowsFromInvestingActivities": 2015892, "netBorrowings": -400000, "otherCashflowsFromFinancingActivities": -22413009, "totalCashFromFinancingActivities": -22813009, "changeInCash": 50739101}, {"maxAge": 1, "endDate": "2019-03-31", "netIncome": -146590309, "depreciation": 25981989, "changeToNetincome": 18567978, "changeToAccountReceivables": 55102040, "changeToLiabilities": 4936650, "changeToInventory": 16954643, "changeToOperatingActivities": 53733533, "totalCashFromOperatingActivities": 28686524, "otherCashflowsFromInvestingActivities": 4265376, "totalCashflowsFromInvestingActivities": 38280376, "netBorrowings": -48573678, "otherCashflowsFromFinancingActivities": -17013896, "totalCashFromFinancingActivities": -65587574, "changeInCash": 1379326}, {"maxAge": 1, "endDate": "2018-03-31", "netIncome": -74746830, "depreciation": 27310347, "changeToNetincome": 22056566, "changeToAccountReceivables": -3388201, "changeToLiabilities": -163932, "changeToInventory": 2335606, "changeToOperatingActivities": 55736622, "totalCashFromOperatingActivities": 29140178, "capitalExpenditures": -483767, "otherCashflowsFromInvestingActivities": 3661306, "totalCashflowsFromInvestingActivities": 3177539, "netBorrowings": -31276215, "otherCashflowsFromFinancingActivities": -945587, "totalCashFromFinancingActivities": -32221802, "changeInCash": 95915}, {"maxAge": 1, "endDate": "2017-03-31", "netIncome": -466863944, "depreciation": 34087509, "changeToNetincome": 369997446, "changeToAccountReceivables": 10975433, "changeToLiabilities": -16043116, "changeToInventory": 10704829, "changeToOperatingActivities": 264542534, "totalCashFromOperatingActivities": 207400691, "capitalExpenditures": -54190, "otherCashflowsFromInvestingActivities": 7011717, "totalCashflowsFromInvestingActivities": 40257527, "netBorrowings": -208234929, "otherCashflowsFromFinancingActivities": -43373750, "totalCashFromFinancingActivities": -251608679, "changeInCash": -3950461}], "maxAge": 86400}, "institutionOwnership": {"maxAge": 1, "ownershipList": []}, "balanceSheetHistoryQuarterly": {"balanceSheetStatements": [{"maxAge": 1, "endDate": "2020-06-30", "totalStockholderEquity": -1328788151, "netTangibleAssets": -1328788151}, {"maxAge": 1, "endDate": "2020-03-31", "cash": 52686975, "shortTermInvestments": 26754, "netReceivables": 72390753, "inventory": 6995225, "otherCurrentAssets": 34998098, "totalCurrentAssets": 167097805, "longTermInvestments": 29969685, "propertyPlantEquipment": 349867726, "otherAssets": 1909893, "totalAssets": 548845109, "accountsPayable": 130460891, "otherCurrentLiab": 1520674415, "otherLiab": 2201151, "totalCurrentLiabilities": 1875432109, "totalLiab": 1877633260, "commonStock": 335500000, "retainedEarnings": -3265482628, "treasuryStock": 194641584, "capitalSurplus": 1406552893, "otherStockholderEquity": 194641584, "totalStockholderEquity": -1328788151, "netTangibleAssets": -1328788151}, {"maxAge": 1, "endDate": "2019-12-31", "totalStockholderEquity": -1221714212, "netTangibleAssets": -1221714212}, {"maxAge": 1, "endDate": "2019-09-30", "cash": 6891965, "shortTermInvestments": 304383, "netReceivables": 69350524, "inventory": 3896447, "otherCurrentAssets": 36689873, "totalCurrentAssets": 117133192, "longTermInvestments": 29851816, "propertyPlantEquipment": 361977791, "otherAssets": 1909891, "totalAssets": 510872690, "accountsPayable": 130100681, "otherCurrentLiab": 1375959453, "otherLiab": 2229965, "totalCurrentLiabilities": 1730356937, "totalLiab": 1732586902, "commonStock": 335500000, "retainedEarnings": -3160565011, "treasuryStock": 196797906, "capitalSurplus": 1406552893, "otherStockholderEquity": 196797906, "totalStockholderEquity": -1221714212, "netTangibleAssets": -1221714212}], "maxAge": 86400}, "earningsHistory": {"history": [{"maxAge": 1, "epsActual": {}, "epsEstimate": {}, "epsDifference": {}, "surprisePercent": {}, "quarter": {}, "period": "-4q"}, {"maxAge": 1, "epsActual": {}, "epsEstimate": {}, "epsDifference": {}, "surprisePercent": {}, "quarter": {}, "period": "-3q"}, {"maxAge": 1, "epsActual": {}, "epsEstimate": {}, "epsDifference": {}, "surprisePercent": {}, "quarter": {}, "period": "-2q"}, {"maxAge": 1, "epsActual": {}, "epsEstimate": {}, "epsDifference": {}, "surprisePercent": {}, "quarter": {}, "period": "-1q"}], "maxAge": 86400}, "indexTrend": {"maxAge": 1, "symbol": "SP5", "peRatio": 19.7411, "pegRatio": 1.34172, "estimates": [{"period": "0q", "growth": 0.549}, {"period": "+1q", "growth": 0.431}, {"period": "0y", "growth": 0.305}, {"period": "+1y", "growth": 0.109}, {"period": "+5y", "growth": 0.120859005}, {"period": "-5y"}]}, "industryTrend": {"maxAge": 1, "symbol": null, "estimates": []}, "insiderTransactions": {"transactions": [{"maxAge": 1, "shares": 20000000, "filerUrl": "", "transactionText": "", "filerName": "Brand Equity Treaties Ltd", "filerRelation": "Institution- Corporation", "moneyText": "", "startDate": "2011-03-23", "ownership": "D"}, {"maxAge": 1, "shares": 50000, "filerUrl": "", "transactionText": "", "filerName": "Bharani (Atul Shamji)", "filerRelation": "UNREPORTED", "moneyText": "", "startDate": "2010-05-10", "ownership": "D"}, {"maxAge": 1, "shares": 33905, "filerUrl": "", "transactionText": "", "filerName": "Bharani (Nilesh Shamji)", "filerRelation": "UNREPORTED", "moneyText": "", "startDate": "2010-05-10", "ownership": "D"}, {"maxAge": 1, "shares": 70000, "filerUrl": "", "transactionText": "", "filerName": "Bharani (Ramila A)", "filerRelation": "UNREPORTED", "moneyText": "", "startDate": "2010-05-10", "ownership": "D"}, {"maxAge": 1, "shares": 70000, "filerUrl": "", "transactionText": "", "filerName": "Bharani (Lina Nilesh)", "filerRelation": "UNREPORTED", "moneyText": "", "startDate": "2010-05-10", "ownership": "D"}, {"maxAge": 1, "shares": 50000, "filerUrl": "", "transactionText": "", "filerName": "Bharani (Ashok Shyamji)", "filerRelation": "UNREPORTED", "moneyText": "", "startDate": "2010-05-10", "ownership": "D"}, {"maxAge": 1, "shares": 80000, "filerUrl": "", "transactionText": "", "filerName": "Bharani (Ami Atul)", "filerRelation": "UNREPORTED", "moneyText": "", "startDate": "2010-05-10", "ownership": "D"}, {"maxAge": 1, "shares": 20220, "filerUrl": "", "transactionText": "", "filerName": "Bharani (Lina Nilesh)", "filerRelation": "UNREPORTED", "moneyText": "", "startDate": "2010-05-07", "ownership": "D"}, {"maxAge": 1, "shares": 20000, "filerUrl": "", "transactionText": "", "filerName": "Bharani (Nilesh Shamji)", "filerRelation": "UNREPORTED", "moneyText": "", "startDate": "2010-05-07", "ownership": "D"}, {"maxAge": 1, "shares": 8000, "filerUrl": "", "transactionText": "", "filerName": "Bharani (Atul Shamji)", "filerRelation": "UNREPORTED", "moneyText": "", "startDate": "2010-05-06", "ownership": "D"}, {"maxAge": 1, "shares": 2000, "filerUrl": "", "transactionText": "", "filerName": "Bharani (Ami Atul)", "filerRelation": "UNREPORTED", "moneyText": "", "startDate": "2010-05-06", "ownership": "D"}, {"maxAge": 1, "shares": 7089, "filerUrl": "", "transactionText": "", "filerName": "Gada (Amrutlal Shivjibhai)", "filerRelation": "Managing Director", "moneyText": "", "startDate": "2009-09-09", "ownership": "D"}, {"maxAge": 1, "shares": 30000, "filerUrl": "", "transactionText": "", "filerName": "Gada (Amrutlal Shivjibhai)", "filerRelation": "Managing Director", "moneyText": "", "startDate": "2009-09-09", "ownership": "D"}, {"maxAge": 1, "shares": 10000, "filerUrl": "", "transactionText": "", "filerName": "Gada (Dhirajlal Shivjibhai)", "filerRelation": "Joint Managing director", "moneyText": "", "startDate": "2009-09-09", "ownership": "D"}, {"maxAge": 1, "shares": 40816, "filerUrl": "", "transactionText": "", "filerName": "Gada (Shantibhai Shivjibhai)", "filerRelation": "Promoter", "moneyText": "", "startDate": "2009-09-07", "ownership": "D"}, {"maxAge": 1, "shares": 20000, "filerUrl": "", "transactionText": "", "filerName": "Gada (Amrutlal Shivjibhai)", "filerRelation": "Managing Director", "moneyText": "", "startDate": "2009-09-07", "ownership": "D"}, {"maxAge": 1, "shares": 20000, "filerUrl": "", "transactionText": "", "filerName": "Gada (Amrutlal Shivjibhai)", "filerRelation": "Managing Director", "moneyText": "", "startDate": "2009-09-07", "ownership": "D"}, {"maxAge": 1, "shares": 4500, "filerUrl": "", "transactionText": "", "filerName": "Gada (Mitesh Kanji)", "filerRelation": "Director (Executive)", "moneyText": "", "startDate": "2009-09-07", "ownership": "D"}], "maxAge": 1}, "quoteType": {"exchange": "BSE", "quoteType": "EQUITY", "symbol": "SEZAL.BO", "underlyingSymbol": "SEZAL.BO", "shortName": "SEZAL GLASS LIMITED", "longName": "Sejal Glass Limited", "firstTradeDateEpochUtc": "2008-07-01 09:15:00", "timeZoneFullName": "Asia/Kolkata", "timeZoneShortName": "IST", "uuid": "507a6c3a-1b0d-3318-817d-223c274f14e6", "messageBoardId": null, "gmtOffSetMilliseconds": 19800000, "maxAge": 1}, "incomeStatementHistory": {"incomeStatementHistory": [{"maxAge": 1, "endDate": "2020-03-31", "totalRevenue": 37158000, "costOfRevenue": 25309000, "grossProfit": 11849000, "researchDevelopment": {}, "sellingGeneralAdministrative": 28343000, "nonRecurring": {}, "otherOperatingExpenses": 153208000, "totalOperatingExpenses": 231790000, "operatingIncome": -194632000, "totalOtherIncomeExpenseNet": -20397000, "ebit": -194632000, "interestExpense": -22413000, "incomeBeforeTax": -215029000, "incomeTaxExpense": 0, "minorityInterest": {}, "netIncomeFromContinuingOps": -215029000, "discontinuedOperations": {}, "extraordinaryItems": {}, "effectOfAccountingCharges": {}, "otherItems": {}, "netIncome": -215029000, "netIncomeApplicableToCommonShares": -215029000}, {"maxAge": 1, "endDate": "2019-03-31", "totalRevenue": 85389770, "costOfRevenue": 78416516, "grossProfit": 6973254, "researchDevelopment": {}, "sellingGeneralAdministrative": 36412504, "nonRecurring": {}, "otherOperatingExpenses": 22016110, "totalOperatingExpenses": 178245419, "operatingIncome": -92855649, "totalOtherIncomeExpenseNet": -53734660, "ebit": -92855649, "interestExpense": -21652009, "incomeBeforeTax": -146590309, "incomeTaxExpense": 0, "minorityInterest": {}, "netIncomeFromContinuingOps": -146590309, "discontinuedOperations": {}, "extraordinaryItems": {}, "effectOfAccountingCharges": {}, "otherItems": {}, "netIncome": -146590309, "netIncomeApplicableToCommonShares": -146590309}, {"maxAge": 1, "endDate": "2018-03-31", "totalRevenue": 97032280, "costOfRevenue": 67902894, "grossProfit": 29129386, "researchDevelopment": {}, "sellingGeneralAdministrative": 27947624, "nonRecurring": {}, "otherOperatingExpenses": 26432819, "totalOperatingExpenses": 151734680, "operatingIncome": -54702400, "totalOtherIncomeExpenseNet": -20044430, "ebit": -54702400, "interestExpense": -21086883, "incomeBeforeTax": -74746830, "incomeTaxExpense": 0, "minorityInterest": {}, "netIncomeFromContinuingOps": -74746830, "discontinuedOperations": {}, "extraordinaryItems": {}, "effectOfAccountingCharges": {}, "otherItems": {}, "netIncome": -74746830, "netIncomeApplicableToCommonShares": -74746830}, {"maxAge": 1, "endDate": "2017-03-31", "totalRevenue": 49136964, "costOfRevenue": 45717189, "grossProfit": 3419775, "researchDevelopment": {}, "sellingGeneralAdministrative": 39190271, "nonRecurring": {}, "otherOperatingExpenses": 26147667, "totalOperatingExpenses": 145151471, "operatingIncome": -96014507, "totalOtherIncomeExpenseNet": -370849437, "ebit": -96014507, "interestExpense": -44666218, "incomeBeforeTax": -466863944, "incomeTaxExpense": 0, "minorityInterest": {}, "netIncomeFromContinuingOps": -466863944, "discontinuedOperations": {}, "extraordinaryItems": {}, "effectOfAccountingCharges": {}, "otherItems": {}, "netIncome": -466863944, "netIncomeApplicableToCommonShares": -466863944}], "maxAge": 86400}, "fundOwnership": {"maxAge": 1, "ownershipList": []}, "summaryDetail": {"maxAge": 1, "priceHint": 4, "previousClose": 3.05, "open": 2.9, "dayLow": 2.9, "dayHigh": 3.2, "regularMarketPreviousClose": 3.05, "regularMarketOpen": 2.9, "regularMarketDayLow": 2.9, "regularMarketDayHigh": 3.2, "volume": 1009, "regularMarketVolume": 1009, "averageVolume": 25824, "averageVolume10days": 1479, "averageDailyVolume10Day": 1479, "bid": 3.2, "ask": 0.0, "bidSize": 0, "askSize": 0, "marketCap": 107360000, "fiftyTwoWeekLow": 2.24, "fiftyTwoWeekHigh": 5.63, "fiftyDayAverage": 3.6191428, "twoHundredDayAverage": 3.3987682, "currency": "INR", "fromCurrency": null, "toCurrency": null, "lastMarket": null, "algorithm": null, "tradeable": false}, "sectorTrend": {"maxAge": 1, "symbol": null, "estimates": []}, "incomeStatementHistoryQuarterly": {"incomeStatementHistory": [{"maxAge": 1, "endDate": "2020-06-30", "totalRevenue": 4380000, "costOfRevenue": 3231000, "grossProfit": 1149000, "researchDevelopment": {}, "sellingGeneralAdministrative": 6617000, "nonRecurring": {}, "otherOperatingExpenses": 35951000, "totalOperatingExpenses": 52017000, "operatingIncome": -47637000, "totalOtherIncomeExpenseNet": -5796000, "ebit": -47637000, "interestExpense": -6090000, "incomeBeforeTax": -53433000, "incomeTaxExpense": 0, "minorityInterest": {}, "netIncomeFromContinuingOps": -53433000, "discontinuedOperations": {}, "extraordinaryItems": {}, "effectOfAccountingCharges": {}, "otherItems": {}, "netIncome": -53433000, "netIncomeApplicableToCommonShares": -53433000}, {"maxAge": 1, "endDate": "2020-03-31", "totalRevenue": 19718000, "costOfRevenue": 13038000, "grossProfit": 6680000, "researchDevelopment": {}, "sellingGeneralAdministrative": 7341000, "nonRecurring": {}, "otherOperatingExpenses": 39962000, "totalOperatingExpenses": 66018000, "operatingIncome": -46300000, "totalOtherIncomeExpenseNet": -5939000, "ebit": -46300000, "interestExpense": -6832000, "incomeBeforeTax": -52239000, "incomeTaxExpense": 0, "minorityInterest": {}, "netIncomeFromContinuingOps": -52239000, "discontinuedOperations": {}, "extraordinaryItems": {}, "effectOfAccountingCharges": {}, "otherItems": {}, "netIncome": -52239000, "netIncomeApplicableToCommonShares": -52239000}, {"maxAge": 1, "endDate": "2019-12-31", "totalRevenue": 5960000, "costOfRevenue": 4190000, "grossProfit": 1770000, "researchDevelopment": {}, "sellingGeneralAdministrative": 6870000, "nonRecurring": {}, "otherOperatingExpenses": 39230000, "totalOperatingExpenses": 56720000, "operatingIncome": -50760000, "totalOtherIncomeExpenseNet": -4080000, "ebit": -50760000, "interestExpense": -4220000, "incomeBeforeTax": -54840000, "incomeTaxExpense": 0, "minorityInterest": {}, "netIncomeFromContinuingOps": -54840000, "discontinuedOperations": {}, "extraordinaryItems": {}, "effectOfAccountingCharges": {}, "otherItems": {}, "netIncome": -54840000, "netIncomeApplicableToCommonShares": -54840000}, {"maxAge": 1, "endDate": "2019-09-30", "totalRevenue": 6187000, "costOfRevenue": 3777000, "grossProfit": 2410000, "researchDevelopment": {}, "sellingGeneralAdministrative": 7060000, "nonRecurring": {}, "otherOperatingExpenses": 27796000, "totalOperatingExpenses": 45078000, "operatingIncome": -38891000, "totalOtherIncomeExpenseNet": -5857000, "ebit": -38891000, "interestExpense": -5687000, "incomeBeforeTax": -44748000, "incomeTaxExpense": 0, "minorityInterest": {}, "netIncomeFromContinuingOps": -44748000, "discontinuedOperations": {}, "extraordinaryItems": {}, "effectOfAccountingCharges": {}, "otherItems": {}, "netIncome": -44748000, "netIncomeApplicableToCommonShares": -44748000}], "maxAge": 86400}, "cashflowStatementHistoryQuarterly": {"cashflowStatements": [{"maxAge": 1, "endDate": "2020-06-30", "netIncome": -53433000, "changeToLiabilities": 0}, {"maxAge": 1, "endDate": "2020-03-31", "netIncome": -52239000, "changeToLiabilities": 0}, {"maxAge": 1, "endDate": "2019-12-31", "netIncome": -54840000, "changeToLiabilities": 0}, {"maxAge": 1, "endDate": "2019-09-30", "netIncome": -44748000, "changeToLiabilities": 0}], "maxAge": 86400}, "insiderHolders": {"holders": [{"maxAge": 1, "name": "Bharani (Ami Atul)", "relation": "UNREPORTED", "url": "", "transactionDescription": "Acquisition", "latestTransDate": "2010-05-10", "positionDirect": 112000, "positionDirectDate": "2010-05-10"}, {"maxAge": 1, "name": "Bharani (Ashok Shyamji)", "relation": "UNREPORTED", "url": "", "transactionDescription": "Acquisition", "latestTransDate": "2010-05-10", "positionDirect": 70000, "positionDirectDate": "2010-05-10"}, {"maxAge": 1, "name": "Bharani (Atul Shamji)", "relation": "UNREPORTED", "url": "", "transactionDescription": "Acquisition", "latestTransDate": "2010-05-10", "positionDirect": 78000, "positionDirectDate": "2010-05-10"}, {"maxAge": 1, "name": "Bharani (Lina Nilesh)", "relation": "UNREPORTED", "url": "", "transactionDescription": "Acquisition", "latestTransDate": "2010-05-10", "positionDirect": 120220, "positionDirectDate": "2010-05-10"}, {"maxAge": 1, "name": "Bharani (Nilesh Shamji)", "relation": "UNREPORTED", "url": "", "transactionDescription": "Acquisition", "latestTransDate": "2010-05-10", "positionDirect": 73905, "positionDirectDate": "2010-05-10"}, {"maxAge": 1, "name": "Bharani (Ramila A)", "relation": "UNREPORTED", "url": "", "transactionDescription": "Acquisition", "latestTransDate": "2010-05-10", "positionDirect": 100000, "positionDirectDate": "2010-05-10"}, {"maxAge": 1, "name": "Brand Equity Treaties Ltd", "relation": "Institution- Corporation", "url": "", "transactionDescription": "Acquisition", "latestTransDate": "2011-03-23", "positionDirect": 20000000, "positionDirectDate": "2011-03-23"}, {"maxAge": 1, "name": "Gada (Amrutlal Shivjibhai)", "relation": "Managing Director", "url": "", "transactionDescription": "Sale", "latestTransDate": "2009-09-09", "positionDirect": 1820500, "positionDirectDate": "2009-09-09"}, {"maxAge": 1, "name": "Gada (Dhirajlal Shivjibhai)", "relation": "Joint Managing director", "url": "", "transactionDescription": "Sale", "latestTransDate": "2009-09-09", "positionDirect": 1180000, "positionDirectDate": "2009-09-09"}, {"maxAge": 1, "name": "Gada (Shantibhai Shivjibhai)", "relation": "Promoter", "url": "", "transactionDescription": "Sale", "latestTransDate": "2009-09-07", "positionDirect": 1138750, "positionDirectDate": "2009-09-07"}], "maxAge": 1}, "earnings": {"maxAge": 86400, "earningsChart": {"quarterly": [], "earningsDate": ["2020-09-15 05:30:S"]}, "financialsChart": {"yearly": [{"date": 2017, "revenue": 49136964, "earnings": -466863944}, {"date": 2018, "revenue": 97032280, "earnings": -74746830}, {"date": 2019, "revenue": 85389770, "earnings": -146590309}, {"date": 2020, "revenue": 37158000, "earnings": -215029000}], "quarterly": [{"date": "3Q2019", "revenue": 6187000, "earnings": -44748000}, {"date": "4Q2019", "revenue": 5960000, "earnings": -54840000}, {"date": "1Q2020", "revenue": 19718000, "earnings": -52239000}, {"date": "2Q2020", "revenue": 4380000, "earnings": -53433000}]}, "financialCurrency": "INR"}, "calendarEvents": {"maxAge": 1, "earnings": {"earningsDate": ["2020-09-15 05:30:S"]}}, "price": {"maxAge": 1, "regularMarketChangePercent": 0.04918036, "regularMarketChange": 0.1500001, "regularMarketTime": "2021-04-30 12:23:00", "priceHint": 4, "regularMarketPrice": 3.2, "regularMarketDayHigh": 3.2, "regularMarketDayLow": 2.9, "regularMarketVolume": 1009, "averageDailyVolume10Day": 1479, "averageDailyVolume3Month": 25824, "regularMarketPreviousClose": 3.05, "regularMarketSource": "FREE_REALTIME", "regularMarketOpen": 2.9, "exchange": "BSE", "exchangeName": "BSE", "exchangeDataDelayedBy": 0, "marketState": "CLOSED", "quoteType": "EQUITY", "symbol": "SEZAL.BO", "underlyingSymbol": null, "shortName": "SEZAL GLASS LIMITED", "longName": "Sejal Glass Limited", "currency": "INR", "quoteSourceName": "Delayed Quote", "currencySymbol": "\u20b9", "fromCurrency": null, "toCurrency": null, "lastMarket": null, "marketCap": 107360000}, "balanceSheetHistory": {"balanceSheetStatements": [{"maxAge": 1, "endDate": "2020-03-31", "cash": 52686975, "shortTermInvestments": 26754, "netReceivables": 72390753, "inventory": 6995225, "otherCurrentAssets": 34998098, "totalCurrentAssets": 167097805, "longTermInvestments": 29969685, "propertyPlantEquipment": 349867726, "otherAssets": 1909893, "totalAssets": 548845109, "accountsPayable": 130460891, "otherCurrentLiab": 1520674415, "otherLiab": 2201151, "totalCurrentLiabilities": 1875432109, "totalLiab": 1877633260, "commonStock": 335500000, "retainedEarnings": -3265482628, "treasuryStock": 194641584, "capitalSurplus": 1406552893, "otherStockholderEquity": 194641584, "totalStockholderEquity": -1328788151, "netTangibleAssets": -1328788151}, {"maxAge": 1, "endDate": "2019-03-31", "cash": 1947873, "shortTermInvestments": 1630617, "netReceivables": 43805791, "inventory": 5160650, "otherCurrentAssets": 68775913, "totalCurrentAssets": 121320844, "longTermInvestments": 10193671, "propertyPlantEquipment": 374797465, "otherAssets": 26563136, "totalAssets": 532875116, "accountsPayable": 131050234, "otherCurrentLiab": 430161121, "otherLiab": 2304522, "totalCurrentLiabilities": 1639329678, "totalLiab": 1641634200, "commonStock": 335500000, "retainedEarnings": -3049763924, "treasuryStock": 198951947, "capitalSurplus": 1406552893, "otherStockholderEquity": 198951947, "totalStockholderEquity": -1108759084, "netTangibleAssets": -1108759084}, {"maxAge": 1, "endDate": "2018-03-31", "cash": 568548, "shortTermInvestments": 1630607, "netReceivables": 63886126, "inventory": 22115293, "otherCurrentAssets": 67993670, "totalCurrentAssets": 156194244, "longTermInvestments": 10193671, "propertyPlantEquipment": 443498479, "otherAssets": 29309700, "totalAssets": 639196094, "accountsPayable": 126113583, "otherCurrentLiab": 358697967, "otherLiab": 2304522, "totalCurrentLiabilities": 1590345601, "totalLiab": 1592650123, "commonStock": 335500000, "retainedEarnings": -2945202347, "treasuryStock": 249695425, "capitalSurplus": 1406552893, "otherStockholderEquity": 249695425, "totalStockholderEquity": -953454029, "netTangibleAssets": -953454029}, {"maxAge": 1, "endDate": "2017-03-31", "cash": 473337, "shortTermInvestments": 5725979, "netReceivables": 62104056, "inventory": 24450899, "otherCurrentAssets": 67305218, "totalCurrentAssets": 160059489, "longTermInvestments": 10193671, "propertyPlantEquipment": 470325061, "otherAssets": 184241257, "totalAssets": 824819478, "accountsPayable": 126277515, "otherCurrentLiab": 849403485, "otherLiab": 6119502, "totalCurrentLiabilities": 1697407175, "totalLiab": 1703526677, "commonStock": 335500000, "retainedEarnings": -2874763393, "treasuryStock": 254003301, "capitalSurplus": 1406552893, "otherStockholderEquity": 254003301, "totalStockholderEquity": -878707199, "netTangibleAssets": -878707199}], "maxAge": 86400}, "earningsTrend": {"trend": [{"maxAge": 1, "period": "0q", "endDate": null, "growth": {}, "earningsEstimate": {"avg": 0.0, "low": 0.0, "high": 0.0, "yearAgoEps": {}, "numberOfAnalysts": 0, "growth": {}}, "revenueEstimate": {"avg": 0, "low": 0, "high": 0, "numberOfAnalysts": 0, "yearAgoRevenue": {}, "growth": {}}, "epsTrend": {"current": 0.0, "7daysAgo": 0.0, "30daysAgo": 0.0, "60daysAgo": 0.0, "90daysAgo": 0.0}, "epsRevisions": {"upLast7days": 0, "upLast30days": 0, "downLast30days": 0, "downLast90days": {}}}, {"maxAge": 1, "period": "+1q", "endDate": null, "growth": {}, "earningsEstimate": {"avg": 0.0, "low": 0.0, "high": 0.0, "yearAgoEps": {}, "numberOfAnalysts": 0, "growth": {}}, "revenueEstimate": {"avg": 0, "low": 0, "high": 0, "numberOfAnalysts": 0, "yearAgoRevenue": {}, "growth": {}}, "epsTrend": {"current": 0.0, "7daysAgo": 0.0, "30daysAgo": 0.0, "60daysAgo": 0.0, "90daysAgo": 0.0}, "epsRevisions": {"upLast7days": 0, "upLast30days": 0, "downLast30days": 0, "downLast90days": {}}}, {"maxAge": 1, "period": "0y", "endDate": null, "growth": {}, "earningsEstimate": {"avg": 0.0, "low": 0.0, "high": 0.0, "yearAgoEps": {}, "numberOfAnalysts": 0, "growth": {}}, "revenueEstimate": {"avg": 0, "low": 0, "high": 0, "numberOfAnalysts": 0, "yearAgoRevenue": {}, "growth": {}}, "epsTrend": {"current": 0.0, "7daysAgo": 0.0, "30daysAgo": 0.0, "60daysAgo": 0.0, "90daysAgo": 0.0}, "epsRevisions": {"upLast7days": 0, "upLast30days": 0, "downLast30days": 0, "downLast90days": {}}}, {"maxAge": 1, "period": "+1y", "endDate": null, "growth": {}, "earningsEstimate": {"avg": 0.0, "low": 0.0, "high": 0.0, "yearAgoEps": {}, "numberOfAnalysts": 0, "growth": {}}, "revenueEstimate": {"avg": 0, "low": 0, "high": 0, "numberOfAnalysts": 0, "yearAgoRevenue": {}, "growth": {}}, "epsTrend": {"current": 0.0, "7daysAgo": 0.0, "30daysAgo": 0.0, "60daysAgo": 0.0, "90daysAgo": 0.0}, "epsRevisions": {"upLast7days": 0, "upLast30days": 0, "downLast30days": 0, "downLast90days": {}}}, {"maxAge": 1, "period": "+5y", "endDate": null, "growth": {}, "earningsEstimate": {"avg": {}, "low": {}, "high": {}, "yearAgoEps": {}, "numberOfAnalysts": {}, "growth": {}}, "revenueEstimate": {"avg": {}, "low": {}, "high": {}, "numberOfAnalysts": {}, "yearAgoRevenue": {}, "growth": {}}, "epsTrend": {"current": {}, "7daysAgo": {}, "30daysAgo": {}, "60daysAgo": {}, "90daysAgo": {}}, "epsRevisions": {"upLast7days": {}, "upLast30days": {}, "downLast30days": {}, "downLast90days": {}}}, {"maxAge": 1, "period": "-5y", "endDate": null, "growth": {}, "earningsEstimate": {"avg": {}, "low": {}, "high": {}, "yearAgoEps": {}, "numberOfAnalysts": {}, "growth": {}}, "revenueEstimate": {"avg": {}, "low": {}, "high": {}, "numberOfAnalysts": {}, "yearAgoRevenue": {}, "growth": {}}, "epsTrend": {"current": {}, "7daysAgo": {}, "30daysAgo": {}, "60daysAgo": {}, "90daysAgo": {}}, "epsRevisions": {"upLast7days": {}, "upLast30days": {}, "downLast30days": {}, "downLast90days": {}}}], "maxAge": 1}, "financialData": {"maxAge": 86400, "currentPrice": 3.2, "recommendationKey": "none", "grossProfits": 11849000, "financialCurrency": "INR"}}}