{"SFL.BO": {"recommendationTrend": {"trend": [{"period": "0m", "strongBuy": 0, "buy": 0, "hold": 0, "sell": 0, "strongSell": 0}, {"period": "-1m", "strongBuy": 0, "buy": 0, "hold": 0, "sell": 0, "strongSell": 0}, {"period": "-2m", "strongBuy": 0, "buy": 0, "hold": 0, "sell": 0, "strongSell": 0}, {"period": "-3m", "strongBuy": 0, "buy": 0, "hold": 0, "sell": 0, "strongSell": 0}], "maxAge": 86400}, "cashflowStatementHistory": {"cashflowStatements": [{"maxAge": 1, "endDate": "2020-03-31", "netIncome": 1934275000, "depreciation": 590443000, "changeToNetincome": 205094000, "changeToLiabilities": 104139000, "changeToInventory": -397217000, "changeToOperatingActivities": -801374000, "totalCashFromOperatingActivities": 1635360000, "capitalExpenditures": -1834419000, "investments": 1098188000, "otherCashflowsFromInvestingActivities": 49178000, "totalCashflowsFromInvestingActivities": -2945546000, "netBorrowings": 1639961000, "otherCashflowsFromFinancingActivities": -57117000, "totalCashFromFinancingActivities": 1582844000, "changeInCash": 272658000}, {"maxAge": 1, "endDate": "2019-03-31", "netIncome": 1337404000, "depreciation": 395272000, "changeToNetincome": -134916000, "changeToLiabilities": -35775000, "changeToInventory": -145531000, "changeToOperatingActivities": -37750000, "totalCashFromOperatingActivities": 1378704000, "capitalExpenditures": -527760000, "investments": -2051784000, "otherCashflowsFromInvestingActivities": 115599000, "totalCashflowsFromInvestingActivities": -2456843000, "netBorrowings": -173802000, "otherCashflowsFromFinancingActivities": -96235000, "totalCashFromFinancingActivities": -270037000, "changeInCash": -1348175000}, {"maxAge": 1, "endDate": "2018-03-31", "netIncome": 1337072000, "depreciation": 352400000, "changeToNetincome": 17345000, "changeToLiabilities": -152663000, "changeToInventory": -260563000, "changeToOperatingActivities": 43606000, "totalCashFromOperatingActivities": 1337197000, "capitalExpenditures": -911391000, "investments": -123226000, "otherCashflowsFromInvestingActivities": 141196000, "totalCashflowsFromInvestingActivities": -800724000, "netBorrowings": -114299000, "otherCashflowsFromFinancingActivities": -86705000, "totalCashFromFinancingActivities": -201004000, "changeInCash": 335469000}, {"maxAge": 1, "endDate": "2017-03-31", "netIncome": 1255543000, "depreciation": 303905000, "changeToNetincome": -249339000, "changeToLiabilities": 402416000, "changeToInventory": -419142000, "changeToOperatingActivities": -73175000, "totalCashFromOperatingActivities": 1220208000, "capitalExpenditures": -966961000, "investments": 751953000, "otherCashflowsFromInvestingActivities": 146764000, "totalCashflowsFromInvestingActivities": 19788000, "netBorrowings": -557365000, "otherCashflowsFromFinancingActivities": -109651000, "totalCashFromFinancingActivities": -667016000, "changeInCash": 572981000}], "maxAge": 86400}, "institutionOwnership": {"ownershipList": [], "maxAge": 1}, "balanceSheetHistoryQuarterly": {"balanceSheetStatements": [{"maxAge": 1, "endDate": "2020-06-30", "totalStockholderEquity": 9197426000, "netTangibleAssets": 6826461000}, {"maxAge": 1, "endDate": "2020-03-31", "cash": 441071000, "shortTermInvestments": 2528000, "netReceivables": 2426669000, "inventory": 2268584000, "otherCurrentAssets": 193497000, "totalCurrentAssets": 7568677000, "longTermInvestments": 139345000, "propertyPlantEquipment": 5799957000, "goodWill": 2370821000, "intangibleAssets": 144000, "otherAssets": 634059000, "totalAssets": 16513003000, "accountsPayable": 1534455000, "shortLongTermDebt": 186612000, "otherCurrentLiab": 551830000, "longTermDebt": 1571315000, "otherLiab": 994702000, "minorityInterest": 78589000, "totalCurrentLiabilities": 3847120000, "totalLiab": 7236988000, "commonStock": 243914000, "retainedEarnings": 8884526000, "treasuryStock": 68986000, "otherStockholderEquity": 68986000, "totalStockholderEquity": 9197426000, "netTangibleAssets": 6826461000}, {"maxAge": 1, "endDate": "2019-12-31", "totalStockholderEquity": 8243400000, "netTangibleAssets": 8160300000}, {"maxAge": 1, "endDate": "2019-09-30", "cash": 125500000, "shortTermInvestments": 2967700000, "netReceivables": 1927800000, "inventory": 2064000000, "otherCurrentAssets": 255800000, "totalCurrentAssets": 7340800000, "longTermInvestments": 136000000, "propertyPlantEquipment": 3508700000, "goodWill": 83100000, "otherAssets": 747200000, "totalAssets": 11815800000, "accountsPayable": 1151100000, "otherCurrentLiab": 1280900000, "longTermDebt": 38900000, "otherLiab": 816900000, "totalCurrentLiabilities": 2693800000, "totalLiab": 3572400000, "commonStock": 243900000, "treasuryStock": 7999500000, "otherStockholderEquity": 7999500000, "totalStockholderEquity": 8243400000, "netTangibleAssets": 8160300000}], "maxAge": 86400}, "earningsHistory": {"history": [{"maxAge": 1, "epsActual": 7.97, "epsEstimate": 8.3, "epsDifference": -0.33, "surprisePercent": -0.04, "quarter": "2017-12-31", "period": "-4q"}, {"maxAge": 1, "epsActual": 6.59, "epsEstimate": 6.9, "epsDifference": -0.31, "surprisePercent": -0.045, "quarter": "2018-03-31", "period": "-3q"}, {"maxAge": 1, "epsActual": 6.68, "epsEstimate": 6.9, "epsDifference": -0.22, "surprisePercent": -0.032, "quarter": "2018-06-30", "period": "-2q"}, {"maxAge": 1, "epsActual": 4.99, "epsEstimate": 7.7, "epsDifference": -2.71, "surprisePercent": -0.352, "quarter": "2018-09-30", "period": "-1q"}], "maxAge": 86400}, "indexTrend": {"maxAge": 1, "symbol": "SP5", "peRatio": 19.7411, "pegRatio": 1.34172, "estimates": [{"period": "0q", "growth": 0.549}, {"period": "+1q", "growth": 0.431}, {"period": "0y", "growth": 0.305}, {"period": "+1y", "growth": 0.109}, {"period": "+5y", "growth": 0.120865}, {"period": "-5y"}]}, "industryTrend": {"maxAge": 1, "symbol": null, "estimates": []}, "insiderTransactions": {"transactions": [{"maxAge": 1, "shares": 1000000, "value": 18576100, "filerUrl": "", "transactionText": "Sale at price 18.58 per share.", "filerName": "Gautam (Tushaar)", "filerRelation": "Wholetime Director", "moneyText": "", "startDate": "2020-08-28", "ownership": "D"}, {"maxAge": 1, "shares": 17561880, "filerUrl": "", "transactionText": "", "filerName": "Gautam (Tushaar)", "filerRelation": "Wholetime Director", "moneyText": "", "startDate": "2019-06-28", "ownership": "D"}, {"maxAge": 1, "shares": 3745934, "filerUrl": "", "transactionText": "", "filerName": "Gautam (Rahul)", "filerRelation": "Managing Director", "moneyText": "", "startDate": "2019-03-28", "ownership": "D"}, {"maxAge": 1, "shares": 1463486, "filerUrl": "", "transactionText": "", "filerName": "Gautam (Tushaar)", "filerRelation": "Wholetime Director", "moneyText": "", "startDate": "2019-03-28", "ownership": "D"}, {"maxAge": 1, "shares": 6551373, "filerUrl": "", "transactionText": "", "filerName": "Polyflex Marketing Pvt. Ltd.", "filerRelation": "Institution- Corporation", "moneyText": "", "startDate": "2017-12-27", "ownership": "D"}, {"maxAge": 1, "shares": 6551373, "filerUrl": "", "transactionText": "", "filerName": "Rangoli Resorts Pvt. Ltd.", "filerRelation": "Promoter", "moneyText": "", "startDate": "2017-12-27", "ownership": "D"}], "maxAge": 1}, "quoteType": {"exchange": "BSE", "quoteType": "EQUITY", "symbol": "SFL.BO", "underlyingSymbol": "SFL.BO", "shortName": "Sheela Foam Limited", "longName": "Sheela Foam Limited", "firstTradeDateEpochUtc": "2016-12-09 09:15:00", "timeZoneFullName": "Asia/Kolkata", "timeZoneShortName": "IST", "uuid": "dad6b772-0478-3bcd-afc0-028ca9745ace", "gmtOffSetMilliseconds": 19800000, "maxAge": 1}, "incomeStatementHistory": {"incomeStatementHistory": [{"maxAge": 1, "endDate": "2020-03-31", "totalRevenue": 21736340000, "costOfRevenue": 11844921000, "grossProfit": 9891419000, "researchDevelopment": {}, "sellingGeneralAdministrative": 2236325000, "nonRecurring": {}, "otherOperatingExpenses": 4588795000, "totalOperatingExpenses": 19258336000, "operatingIncome": 2478004000, "totalOtherIncomeExpenseNet": 85676000, "ebit": 2478004000, "interestExpense": -119111000, "incomeBeforeTax": 2563680000, "incomeTaxExpense": 620818000, "minorityInterest": 78589000, "netIncomeFromContinuingOps": 1942862000, "discontinuedOperations": {}, "extraordinaryItems": {}, "effectOfAccountingCharges": {}, "otherItems": {}, "netIncome": 1934275000, "netIncomeApplicableToCommonShares": 1934275000}, {"maxAge": 1, "endDate": "2019-03-31", "totalRevenue": 21414494000, "costOfRevenue": 12707748000, "grossProfit": 8706746000, "researchDevelopment": {}, "sellingGeneralAdministrative": 1965048000, "nonRecurring": {}, "otherOperatingExpenses": 4568865000, "totalOperatingExpenses": 19635129000, "operatingIncome": 1779365000, "totalOtherIncomeExpenseNet": 114905000, "ebit": 1779365000, "interestExpense": -82191000, "incomeBeforeTax": 1894270000, "incomeTaxExpense": 556866000, "minorityInterest": 78589000, "netIncomeFromContinuingOps": 1337404000, "discontinuedOperations": {}, "extraordinaryItems": {}, "effectOfAccountingCharges": {}, "otherItems": {}, "netIncome": 1337404000, "netIncomeApplicableToCommonShares": 1337404000}, {"maxAge": 1, "endDate": "2018-03-31", "totalRevenue": 19653139000, "costOfRevenue": 11812387000, "grossProfit": 7840752000, "researchDevelopment": {}, "sellingGeneralAdministrative": 1811317000, "nonRecurring": {}, "otherOperatingExpenses": 3805555000, "totalOperatingExpenses": 17780510000, "operatingIncome": 1872629000, "totalOtherIncomeExpenseNet": 62236000, "ebit": 1872629000, "interestExpense": -73940000, "incomeBeforeTax": 1934865000, "incomeTaxExpense": 597793000, "minorityInterest": 78589000, "netIncomeFromContinuingOps": 1337072000, "discontinuedOperations": {}, "extraordinaryItems": {}, "effectOfAccountingCharges": {}, "otherItems": {}, "netIncome": 1337072000, "netIncomeApplicableToCommonShares": 1337072000}, {"maxAge": 1, "endDate": "2017-03-31", "totalRevenue": 17328498000, "costOfRevenue": 10380798000, "grossProfit": 6947700000, "researchDevelopment": {}, "sellingGeneralAdministrative": 1719854000, "nonRecurring": {}, "otherOperatingExpenses": 3213696000, "totalOperatingExpenses": 15619734000, "operatingIncome": 1708764000, "totalOtherIncomeExpenseNet": 70113000, "ebit": 1708764000, "interestExpense": -92316000, "incomeBeforeTax": 1778877000, "incomeTaxExpense": 523334000, "minorityInterest": 78589000, "netIncomeFromContinuingOps": 1255543000, "discontinuedOperations": {}, "extraordinaryItems": {}, "effectOfAccountingCharges": {}, "otherItems": {}, "netIncome": 1255543000, "netIncomeApplicableToCommonShares": 1255543000}], "maxAge": 86400}, "fundOwnership": {"ownershipList": [], "maxAge": 1}, "summaryDetail": {"maxAge": 1, "priceHint": 2, "previousClose": 2077.35, "open": 2021.3, "dayLow": 2021.3, "dayHigh": 2086.0, "regularMarketPreviousClose": 2077.35, "regularMarketOpen": 2021.3, "regularMarketDayLow": 2021.3, "regularMarketDayHigh": 2086.0, "trailingPE": 59.248375, "forwardPE": 45.264446, "volume": 1362, "regularMarketVolume": 1362, "averageVolume": 1876, "averageVolume10days": 1305, "averageDailyVolume10Day": 1305, "bid": 2028.05, "ask": 2050.0, "bidSize": 0, "askSize": 0, "marketCap": 99365683200, "fiftyTwoWeekLow": 1101.0, "fiftyTwoWeekHigh": 2344.0, "fiftyDayAverage": 1854.353, "twoHundredDayAverage": 1510.7361, "currency": "INR", "fromCurrency": null, "lastMarket": null, "algorithm": null, "tradeable": false}, "sectorTrend": {"maxAge": 1, "symbol": null, "estimates": []}, "incomeStatementHistoryQuarterly": {"incomeStatementHistory": [{"maxAge": 1, "endDate": "2020-06-30", "totalRevenue": 2689700000, "costOfRevenue": 1516800000, "grossProfit": 1172900000, "researchDevelopment": {}, "sellingGeneralAdministrative": 453100000, "nonRecurring": {}, "otherOperatingExpenses": 441400000, "totalOperatingExpenses": 2582900000, "operatingIncome": 106800000, "totalOtherIncomeExpenseNet": 67200000, "ebit": 106800000, "interestExpense": -41200000, "incomeBeforeTax": 174000000, "incomeTaxExpense": 56000000, "minorityInterest": {}, "netIncomeFromContinuingOps": 118000000, "discontinuedOperations": {}, "extraordinaryItems": {}, "effectOfAccountingCharges": {}, "otherItems": {}, "netIncome": 113300000, "netIncomeApplicableToCommonShares": 113300000}, {"maxAge": 1, "endDate": "2020-03-31", "totalRevenue": 5041140000, "costOfRevenue": 2814721000, "grossProfit": 2226419000, "researchDevelopment": {}, "sellingGeneralAdministrative": 543025000, "nonRecurring": {}, "otherOperatingExpenses": 882295000, "totalOperatingExpenses": 4507736000, "operatingIncome": 533404000, "totalOtherIncomeExpenseNet": -115724000, "ebit": 533404000, "interestExpense": -42311000, "incomeBeforeTax": 417680000, "incomeTaxExpense": 95918000, "minorityInterest": 78589000, "netIncomeFromContinuingOps": 321762000, "discontinuedOperations": {}, "extraordinaryItems": {}, "effectOfAccountingCharges": {}, "otherItems": {}, "netIncome": 316875000, "netIncomeApplicableToCommonShares": 316875000}, {"maxAge": 1, "endDate": "2019-12-31", "totalRevenue": 6580000000, "costOfRevenue": 3552000000, "grossProfit": 3028000000, "researchDevelopment": {}, "sellingGeneralAdministrative": 586300000, "nonRecurring": {}, "otherOperatingExpenses": 1503300000, "totalOperatingExpenses": 5763300000, "operatingIncome": 816700000, "totalOtherIncomeExpenseNet": 41800000, "ebit": 816700000, "interestExpense": -29700000, "incomeBeforeTax": 858500000, "incomeTaxExpense": 212000000, "minorityInterest": 78589000, "netIncomeFromContinuingOps": 646500000, "discontinuedOperations": {}, "extraordinaryItems": {}, "effectOfAccountingCharges": {}, "otherItems": {}, "netIncome": 642800000, "netIncomeApplicableToCommonShares": 642800000}, {"maxAge": 1, "endDate": "2019-09-30", "totalRevenue": 4972800000, "costOfRevenue": 2655200000, "grossProfit": 2317600000, "researchDevelopment": {}, "sellingGeneralAdministrative": 495500000, "nonRecurring": {}, "otherOperatingExpenses": 1117200000, "totalOperatingExpenses": 4371200000, "operatingIncome": 601600000, "totalOtherIncomeExpenseNet": 89700000, "ebit": 601600000, "interestExpense": -24400000, "incomeBeforeTax": 691300000, "incomeTaxExpense": 103900000, "minorityInterest": 78589000, "netIncomeFromContinuingOps": 587400000, "discontinuedOperations": {}, "extraordinaryItems": {}, "effectOfAccountingCharges": {}, "otherItems": {}, "netIncome": 587400000, "netIncomeApplicableToCommonShares": 587400000}], "maxAge": 86400}, "cashflowStatementHistoryQuarterly": {"cashflowStatements": [{"maxAge": 1, "endDate": "2020-06-30", "netIncome": 113300000, "changeToLiabilities": 0}, {"maxAge": 1, "endDate": "2020-03-31", "netIncome": 316875000, "changeToLiabilities": 0}, {"maxAge": 1, "endDate": "2019-12-31", "netIncome": 642800000, "changeToLiabilities": 0}, {"maxAge": 1, "endDate": "2019-09-30", "netIncome": 587400000, "changeToLiabilities": 0}], "maxAge": 86400}, "insiderHolders": {"holders": [{"maxAge": 1, "name": "Gautam (Rahul)", "relation": "Managing Director", "url": "", "transactionDescription": "Sale", "latestTransDate": "2019-03-28", "positionDirect": 6209485, "positionDirectDate": "2019-03-28"}, {"maxAge": 1, "name": "Gautam (Tushaar)", "relation": "Wholetime Director", "url": "", "transactionDescription": "Sale", "latestTransDate": "2020-08-28", "positionDirect": 17086314, "positionDirectDate": "2020-08-28"}, {"maxAge": 1, "name": "Polyflex Marketing Pvt. Ltd.", "relation": "Institution- Corporation", "url": "", "transactionDescription": "Sale", "latestTransDate": "2017-12-27", "positionDirect": 0, "positionDirectDate": "2017-12-27"}, {"maxAge": 1, "name": "Rangoli Resorts Pvt. Ltd.", "relation": "Promoter", "url": "", "transactionDescription": "Other", "latestTransDate": "2017-12-27", "positionDirect": 6563391, "positionDirectDate": "2017-12-27"}], "maxAge": 1}, "earnings": {"maxAge": 86400, "earningsChart": {"quarterly": [{"date": "4Q2017", "actual": 7.97, "estimate": 8.3}, {"date": "1Q2018", "actual": 6.59, "estimate": 6.9}, {"date": "2Q2018", "actual": 6.68, "estimate": 6.9}, {"date": "3Q2018", "actual": 4.99, "estimate": 7.7}], "currentQuarterEstimateDate": "4Q", "currentQuarterEstimateYear": 2018, "earningsDate": ["2020-08-20 05:30:S"]}, "financialsChart": {"yearly": [{"date": 2017, "revenue": 17328498000, "earnings": 1255543000}, {"date": 2018, "revenue": 19653139000, "earnings": 1337072000}, {"date": 2019, "revenue": 21414494000, "earnings": 1337404000}, {"date": 2020, "revenue": 21736340000, "earnings": 1934275000}], "quarterly": [{"date": "3Q2019", "revenue": 4972800000, "earnings": 587400000}, {"date": "4Q2019", "revenue": 6580000000, "earnings": 642800000}, {"date": "1Q2020", "revenue": 5041140000, "earnings": 316875000}, {"date": "2Q2020", "revenue": 2689700000, "earnings": 113300000}]}, "financialCurrency": "INR"}, "calendarEvents": {"maxAge": 1, "earnings": {"earningsDate": ["2020-08-20 05:30:S"]}}, "upgradeDowngradeHistory": {"history": [], "maxAge": 86400}, "price": {"maxAge": 1, "regularMarketChangePercent": -0.019471958, "regularMarketChange": -40.450073, "regularMarketTime": "2021-04-30 15:28:54", "priceHint": 2, "regularMarketPrice": 2036.9, "regularMarketDayHigh": 2086.0, "regularMarketDayLow": 2021.3, "regularMarketVolume": 1362, "averageDailyVolume10Day": 1305, "averageDailyVolume3Month": 1876, "regularMarketPreviousClose": 2077.35, "regularMarketSource": "FREE_REALTIME", "regularMarketOpen": 2021.3, "exchange": "BSE", "exchangeName": "BSE", "exchangeDataDelayedBy": 0, "marketState": "CLOSED", "quoteType": "EQUITY", "symbol": "SFL.BO", "underlyingSymbol": null, "shortName": "Sheela Foam Limited", "longName": "Sheela Foam Limited", "currency": "INR", "quoteSourceName": "Delayed Quote", "currencySymbol": "\u20b9", "fromCurrency": null, "lastMarket": null, "marketCap": 99365683200}, "balanceSheetHistory": {"balanceSheetStatements": [{"maxAge": 1, "endDate": "2020-03-31", "cash": 441071000, "shortTermInvestments": 2528000, "netReceivables": 2426669000, "inventory": 2268584000, "otherCurrentAssets": 193497000, "totalCurrentAssets": 7568677000, "longTermInvestments": 139345000, "propertyPlantEquipment": 5799957000, "goodWill": 2370821000, "intangibleAssets": 144000, "otherAssets": 634059000, "totalAssets": 16513003000, "accountsPayable": 1534455000, "shortLongTermDebt": 186612000, "otherCurrentLiab": 551830000, "longTermDebt": 1571315000, "otherLiab": 994702000, "minorityInterest": 78589000, "totalCurrentLiabilities": 3847120000, "totalLiab": 7236988000, "commonStock": 243914000, "retainedEarnings": 8884526000, "treasuryStock": 68986000, "otherStockholderEquity": 68986000, "totalStockholderEquity": 9197426000, "netTangibleAssets": 6826461000}, {"maxAge": 1, "endDate": "2019-03-31", "cash": 168413000, "shortTermInvestments": 118880000, "netReceivables": 1896229000, "inventory": 1871367000, "otherCurrentAssets": 194662000, "totalCurrentAssets": 6857006000, "longTermInvestments": 502699000, "propertyPlantEquipment": 3403512000, "goodWill": 81856000, "otherAssets": 772924000, "totalAssets": 11617997000, "accountsPayable": 1432017000, "shortLongTermDebt": 23279000, "otherCurrentLiab": 709492000, "longTermDebt": 55536000, "otherLiab": 841258000, "totalCurrentLiabilities": 3420173000, "totalLiab": 4316967000, "commonStock": 243914000, "retainedEarnings": 6970932000, "treasuryStock": 86184000, "otherStockholderEquity": 86184000, "totalStockholderEquity": 7301030000, "netTangibleAssets": 7219174000}, {"maxAge": 1, "endDate": "2018-03-31", "cash": 1516588000, "shortTermInvestments": 41328000, "netReceivables": 1841100000, "inventory": 1725836000, "otherCurrentAssets": 167569000, "totalCurrentAssets": 5921545000, "longTermInvestments": 385307000, "propertyPlantEquipment": 3911440000, "goodWill": 81823000, "otherAssets": 126896000, "totalAssets": 10427011000, "accountsPayable": 1467792000, "shortLongTermDebt": 122629000, "otherCurrentLiab": 654702000, "longTermDebt": 82612000, "otherLiab": 721411000, "totalCurrentLiabilities": 3650421000, "totalLiab": 4454444000, "commonStock": 243914000, "retainedEarnings": 5633528000, "treasuryStock": 95125000, "otherStockholderEquity": 95125000, "totalStockholderEquity": 5972567000, "netTangibleAssets": 5890744000}, {"maxAge": 1, "endDate": "2017-03-31", "cash": 1181119000, "shortTermInvestments": 878849000, "netReceivables": 1610033000, "inventory": 1465273000, "otherCurrentAssets": 274457000, "totalCurrentAssets": 5462091000, "longTermInvestments": 10519000, "propertyPlantEquipment": 3450905000, "goodWill": 81788000, "otherAssets": 178202000, "totalAssets": 9183505000, "accountsPayable": 1604774000, "shortLongTermDebt": 114847000, "otherCurrentLiab": 654307000, "longTermDebt": 219644000, "otherLiab": 528978000, "totalCurrentLiabilities": 3798360000, "totalLiab": 4546982000, "commonStock": 243914000, "retainedEarnings": 4290607000, "treasuryStock": 102002000, "otherStockholderEquity": 102002000, "totalStockholderEquity": 4636523000, "netTangibleAssets": 4554735000}], "maxAge": 86400}, "earningsTrend": {"trend": [{"maxAge": 1, "period": "0q", "endDate": "2018-12-31", "growth": {}, "earningsEstimate": {"avg": 0.0, "low": 0.0, "high": 0.0, "yearAgoEps": 7.97, "numberOfAnalysts": 0, "growth": {}}, "revenueEstimate": {"avg": 0, "low": 0, "high": 0, "numberOfAnalysts": 0, "yearAgoRevenue": {}, "growth": {}}, "epsTrend": {"current": 0.0, "7daysAgo": 0.0, "30daysAgo": 0.0, "60daysAgo": 0.0, "90daysAgo": 0.0}, "epsRevisions": {"upLast7days": 0, "upLast30days": 0, "downLast30days": 0, "downLast90days": {}}}, {"maxAge": 1, "period": "+1q", "endDate": "2019-03-31", "growth": {}, "earningsEstimate": {"avg": 0.0, "low": 0.0, "high": 0.0, "yearAgoEps": 6.59, "numberOfAnalysts": 0, "growth": {}}, "revenueEstimate": {"avg": 0, "low": 0, "high": 0, "numberOfAnalysts": 0, "yearAgoRevenue": {}, "growth": {}}, "epsTrend": {"current": 0.0, "7daysAgo": 0.0, "30daysAgo": 0.0, "60daysAgo": 0.0, "90daysAgo": 0.0}, "epsRevisions": {"upLast7days": 0, "upLast30days": 0, "downLast30days": 0, "downLast90days": {}}}, {"maxAge": 1, "period": "0y", "endDate": "2019-03-31", "growth": {}, "earningsEstimate": {"avg": 0.0, "low": 0.0, "high": 0.0, "yearAgoEps": {}, "numberOfAnalysts": 0, "growth": {}}, "revenueEstimate": {"avg": 22925700000, "low": 22744000000, "high": 23067000000, "numberOfAnalysts": 3, "yearAgoRevenue": 19653200000, "growth": 0.16700001}, "epsTrend": {"current": 0.0, "7daysAgo": 34.1, "30daysAgo": 34.1, "60daysAgo": 34.1, "90daysAgo": 34.1}, "epsRevisions": {"upLast7days": 0, "upLast30days": 0, "downLast30days": 0, "downLast90days": {}}}, {"maxAge": 1, "period": "+1y", "endDate": "2020-03-31", "growth": {}, "earningsEstimate": {"avg": 0.0, "low": 0.0, "high": 0.0, "yearAgoEps": {}, "numberOfAnalysts": 0, "growth": {}}, "revenueEstimate": {"avg": 26075300000, "low": 25175000000, "high": 26558000000, "numberOfAnalysts": 3, "yearAgoRevenue": 22925700000, "growth": 0.137}, "epsTrend": {"current": 0.0, "7daysAgo": 45.0, "30daysAgo": 45.0, "60daysAgo": 45.0, "90daysAgo": 45.0}, "epsRevisions": {"upLast7days": 0, "upLast30days": 0, "downLast30days": 0, "downLast90days": {}}}, {"maxAge": 1, "period": "+5y", "endDate": null, "growth": {}, "earningsEstimate": {"avg": {}, "low": {}, "high": {}, "yearAgoEps": {}, "numberOfAnalysts": {}, "growth": {}}, "revenueEstimate": {"avg": {}, "low": {}, "high": {}, "numberOfAnalysts": {}, "yearAgoRevenue": {}, "growth": {}}, "epsTrend": {"current": {}, "7daysAgo": {}, "30daysAgo": {}, "60daysAgo": {}, "90daysAgo": {}}, "epsRevisions": {"upLast7days": {}, "upLast30days": {}, "downLast30days": {}, "downLast90days": {}}}, {"maxAge": 1, "period": "-5y", "endDate": null, "growth": {}, "earningsEstimate": {"avg": {}, "low": {}, "high": {}, "yearAgoEps": {}, "numberOfAnalysts": {}, "growth": {}}, "revenueEstimate": {"avg": {}, "low": {}, "high": {}, "numberOfAnalysts": {}, "yearAgoRevenue": {}, "growth": {}}, "epsTrend": {"current": {}, "7daysAgo": {}, "30daysAgo": {}, "60daysAgo": {}, "90daysAgo": {}}, "epsRevisions": {"upLast7days": {}, "upLast30days": {}, "downLast30days": {}, "downLast90days": {}}}], "maxAge": 1}, "financialData": {"maxAge": 86400, "currentPrice": 2036.9, "targetHighPrice": 1857.0, "targetLowPrice": 1752.0, "targetMeanPrice": 1807.0, "targetMedianPrice": 1812.0, "recommendationKey": "none", "numberOfAnalystOpinions": 3, "grossProfits": 9891419000, "financialCurrency": "INR"}}}