{"SGL.NS": {"assetProfile": {"address1": "Plot No. 207-208", "address2": "Sector-58", "city": "Faridabad", "zip": "121004", "country": "India", "phone": "91 12 9427 5900", "fax": "91 12 9427 5999", "website": "http://www.stl-global.com", "industry": "Textile Manufacturing", "sector": "Consumer Cyclical", "longBusinessSummary": "STL Global Limited manufactures and sells textile products in India. It is involved in knitting, dyeing and processing, yarn dyeing, woven processing, thread sewing, and readymade garments manufacturing businesses. The company also produces and exports men's wear, women's tops, boys and girls wear, kids and infants wear, and knitted and woven bed sheets to the United States, the European Union, Canada, and internationally. In addition, it engages in real estate business. The company was formerly known as Shivalik Global Ltd. STL Global Limited was founded in 1997 and is based in Faridabad, India.", "fullTimeEmployees": 195, "companyOfficers": [{"maxAge": 1, "name": "Mr. Sanjiv Kumar Aggarwal", "age": 64, "title": "Whole Time Director", "yearBorn": 1956, "fiscalYear": 2020, "totalPay": 900000, "exercisedValue": 0, "unexercisedValue": 0}, {"maxAge": 1, "name": "Mr. Vinod Kumar Aggarwal", "age": 73, "title": "Chairman & MD", "yearBorn": 1947, "exercisedValue": 0, "unexercisedValue": 0}, {"maxAge": 1, "name": "Mr. Anil Jodhani Aggarwal", "title": "Chief Financial Officer", "exercisedValue": 0, "unexercisedValue": 0}, {"maxAge": 1, "name": "Mr. Manil Kumar Nagar", "title": "Company Sec. & Compliance Officer", "exercisedValue": 0, "unexercisedValue": 0}, {"maxAge": 1, "name": "Mr. Subhash  Chand", "title": "Marketing Mang.", "exercisedValue": 0, "unexercisedValue": 0}, {"maxAge": 1, "name": "Mr. Gajender Singh Chauhan", "title": "Personal & HR Mang.", "exercisedValue": 0, "unexercisedValue": 0}], "compensationAsOfEpochDate": "2020-12-31 05:30:00", "maxAge": 86400}, "recommendationTrend": {"trend": [{"period": "0m", "strongBuy": 0, "buy": 0, "hold": 0, "sell": 0, "strongSell": 0}, {"period": "-1m", "strongBuy": 0, "buy": 0, "hold": 0, "sell": 0, "strongSell": 0}, {"period": "-2m", "strongBuy": 0, "buy": 0, "hold": 0, "sell": 0, "strongSell": 0}, {"period": "-3m", "strongBuy": 0, "buy": 0, "hold": 0, "sell": 0, "strongSell": 0}], "maxAge": 86400}, "cashflowStatementHistory": {"cashflowStatements": [{"maxAge": 1, "endDate": "2020-03-31", "netIncome": 248774651, "depreciation": 17110746, "changeToNetincome": -234727338, "changeToAccountReceivables": -37247403, "changeToLiabilities": 8783103, "changeToInventory": 37373076, "changeToOperatingActivities": 54874724, "totalCashFromOperatingActivities": 94941559, "capitalExpenditures": -2413465, "otherCashflowsFromInvestingActivities": 290336, "totalCashflowsFromInvestingActivities": -1971129, "netBorrowings": -93610929, "otherCashflowsFromFinancingActivities": -8430566, "totalCashFromFinancingActivities": -102041495, "changeInCash": -9071065}, {"maxAge": 1, "endDate": "2019-03-31", "netIncome": 433054487, "depreciation": 22029703, "changeToNetincome": -83642524, "changeToAccountReceivables": -354882602, "changeToLiabilities": -12030377, "changeToInventory": 80860177, "changeToOperatingActivities": 15338457, "totalCashFromOperatingActivities": 100727321, "capitalExpenditures": -21936763, "otherCashflowsFromInvestingActivities": 11873116, "totalCashflowsFromInvestingActivities": -9863647, "netBorrowings": -67416841, "otherCashflowsFromFinancingActivities": -10749291, "totalCashFromFinancingActivities": -78166132, "changeInCash": 12697542}, {"maxAge": 1, "endDate": "2018-03-31", "netIncome": 308387058, "depreciation": 28514466, "changeToNetincome": -21711636, "changeToAccountReceivables": -34439687, "changeToLiabilities": 56048704, "changeToInventory": -2583278, "changeToOperatingActivities": -371813478, "totalCashFromOperatingActivities": -37537541, "capitalExpenditures": -2674135, "otherCashflowsFromInvestingActivities": 18312986, "totalCashflowsFromInvestingActivities": 16938851, "netBorrowings": 22176569, "otherCashflowsFromFinancingActivities": -3837371, "totalCashFromFinancingActivities": 18339198, "changeInCash": -2259492}, {"maxAge": 1, "endDate": "2017-03-31", "netIncome": 168539627, "depreciation": 36308807, "changeToNetincome": -45880159, "changeToAccountReceivables": 200983800, "changeToLiabilities": 28814597, "changeToInventory": 97532262, "changeToOperatingActivities": -161323699, "totalCashFromOperatingActivities": 325035545, "capitalExpenditures": -7646002, "otherCashflowsFromInvestingActivities": 2146359, "totalCashflowsFromInvestingActivities": -5099643, "netBorrowings": -381257039, "otherCashflowsFromFinancingActivities": -3837371, "totalCashFromFinancingActivities": -381257039, "changeInCash": -61321137}], "maxAge": 86400}, "indexTrend": {"maxAge": 1, "symbol": "SP5", "peRatio": 19.7411, "pegRatio": 1.34172, "estimates": [{"period": "0q", "growth": 0.549}, {"period": "+1q", "growth": 0.431}, {"period": "0y", "growth": 0.305}, {"period": "+1y", "growth": 0.109}, {"period": "+5y", "growth": 0.120865}, {"period": "-5y"}]}, "defaultKeyStatistics": {"maxAge": 1, "priceHint": 2, "enterpriseValue": 793940224, "profitMargins": 0.32661998, "floatShares": 7063792, "sharesOutstanding": 27452700, "heldPercentInsiders": 0.68754995, "heldPercentInstitutions": 0.0, "beta": 0.910004, "category": null, "bookValue": -4.622, "fundFamily": null, "legalType": null, "lastFiscalYearEnd": "2020-03-31 05:30:00", "nextFiscalYearEnd": "2022-03-31 05:30:00", "mostRecentQuarter": "2020-12-31 05:30:00", "earningsQuarterlyGrowth": -0.087, "netIncomeToCommon": 224689648, "trailingEps": 8.472, "lastSplitFactor": null, "enterpriseToRevenue": 1.154, "enterpriseToEbitda": 87.015}, "industryTrend": {"maxAge": 1, "symbol": null, "estimates": []}, "quoteType": {"exchange": "NSI", "quoteType": "EQUITY", "symbol": "SGL.NS", "underlyingSymbol": "SGL.NS", "shortName": "STL GLOBAL LTD", "longName": "STL Global Limited", "firstTradeDateEpochUtc": "2006-04-10 09:15:00", "timeZoneFullName": "Asia/Kolkata", "timeZoneShortName": "IST", "uuid": "23f74aa2-d75e-3dd3-ac1b-af105c6e011b", "gmtOffSetMilliseconds": 19800000, "maxAge": 1}, "incomeStatementHistory": {"incomeStatementHistory": [{"maxAge": 1, "endDate": "2020-03-31", "totalRevenue": 924063314, "costOfRevenue": 670385324, "grossProfit": 253677990, "researchDevelopment": {}, "sellingGeneralAdministrative": 61732899, "nonRecurring": {}, "otherOperatingExpenses": 164347690, "totalOperatingExpenses": 913576659, "operatingIncome": 10486655, "totalOtherIncomeExpenseNet": 238287996, "ebit": 10486655, "interestExpense": {}, "incomeBeforeTax": 248774651, "incomeTaxExpense": 0, "minorityInterest": {}, "netIncomeFromContinuingOps": 248774651, "discontinuedOperations": {}, "extraordinaryItems": {}, "effectOfAccountingCharges": {}, "otherItems": {}, "netIncome": 248774651, "netIncomeApplicableToCommonShares": 248774651}, {"maxAge": 1, "endDate": "2019-03-31", "totalRevenue": 1482855808, "costOfRevenue": 888263108, "grossProfit": 594592700, "researchDevelopment": {}, "sellingGeneralAdministrative": 55333175, "nonRecurring": {}, "otherOperatingExpenses": 168677508, "totalOperatingExpenses": 1134303494, "operatingIncome": 348552314, "totalOtherIncomeExpenseNet": 84502173, "ebit": 348552314, "interestExpense": {}, "incomeBeforeTax": 433054487, "incomeTaxExpense": 0, "minorityInterest": {}, "netIncomeFromContinuingOps": 433054487, "discontinuedOperations": {}, "extraordinaryItems": {}, "effectOfAccountingCharges": {}, "otherItems": {}, "netIncome": 433054487, "netIncomeApplicableToCommonShares": 433054487}, {"maxAge": 1, "endDate": "2018-03-31", "totalRevenue": 1045071198, "costOfRevenue": 660679092, "grossProfit": 384392106, "researchDevelopment": {}, "sellingGeneralAdministrative": 50626650, "nonRecurring": {}, "otherOperatingExpenses": 173244710, "totalOperatingExpenses": 913125228, "operatingIncome": 131945970, "totalOtherIncomeExpenseNet": 181856139, "ebit": 131945970, "interestExpense": {}, "incomeBeforeTax": 313802109, "incomeTaxExpense": 5415051, "minorityInterest": {}, "netIncomeFromContinuingOps": 308387058, "discontinuedOperations": {}, "extraordinaryItems": {}, "effectOfAccountingCharges": {}, "otherItems": {}, "netIncome": 308387058, "netIncomeApplicableToCommonShares": 308387058}, {"maxAge": 1, "endDate": "2017-03-31", "totalRevenue": 817261463, "costOfRevenue": 475927531, "grossProfit": 341333932, "researchDevelopment": {}, "sellingGeneralAdministrative": 52494582, "nonRecurring": {}, "otherOperatingExpenses": 143954261, "totalOperatingExpenses": 708745491, "operatingIncome": 108515972, "totalOtherIncomeExpenseNet": 60023655, "ebit": 108515972, "interestExpense": {}, "incomeBeforeTax": 168539627, "incomeTaxExpense": 0, "minorityInterest": {}, "netIncomeFromContinuingOps": 168539627, "discontinuedOperations": {}, "extraordinaryItems": {}, "effectOfAccountingCharges": {}, "otherItems": {}, "netIncome": 168539627, "netIncomeApplicableToCommonShares": 168539627}], "maxAge": 86400}, "fundOwnership": {"ownershipList": [], "maxAge": 1}, "summaryDetail": {"maxAge": 1, "priceHint": 2, "previousClose": 8.45, "open": 8.35, "dayLow": 8.25, "dayHigh": 8.7, "regularMarketPreviousClose": 8.45, "regularMarketOpen": 8.35, "regularMarketDayLow": 8.25, "regularMarketDayHigh": 8.7, "payoutRatio": 0.0, "beta": 0.910004, "trailingPE": 0.99150133, "volume": 15932, "regularMarketVolume": 15932, "averageVolume": 58719, "averageVolume10days": 119563, "averageDailyVolume10Day": 119563, "bid": 0.0, "ask": 0.0, "bidSize": 0, "askSize": 0, "marketCap": 230056672, "fiftyTwoWeekLow": 5.6, "fiftyTwoWeekHigh": 13.0, "priceToSalesTrailing12Months": 0.33442587, "fiftyDayAverage": 9.004412, "twoHundredDayAverage": 8.268794, "currency": "INR", "fromCurrency": null, "lastMarket": null, "algorithm": null, "tradeable": false}, "insiderHolders": {"holders": [{"maxAge": 1, "name": "Agarwal (Payal)", "relation": "Promoter", "url": "", "transactionDescription": "Gift", "latestTransDate": "2018-07-31", "positionDirect": 0, "positionDirectDate": "2018-07-31"}, {"maxAge": 1, "name": "Aggarwal (Jai Prakash)", "relation": "Promoter", "url": "", "transactionDescription": "Other", "latestTransDate": "2017-10-10", "positionDirect": 0, "positionDirectDate": "2017-10-10"}, {"maxAge": 1, "name": "Aggarwal (Jai Prakash) HUF", "relation": "Promoter", "url": "", "transactionDescription": "Other", "latestTransDate": "2016-12-30", "positionDirect": 0, "positionDirectDate": "2016-12-30"}, {"maxAge": 1, "name": "Aggarwal (Rita)", "relation": "Promoter", "url": "", "transactionDescription": "Acquisition", "latestTransDate": "2019-12-27", "positionDirect": 4001062, "positionDirectDate": "2019-12-27"}, {"maxAge": 1, "name": "Aggarwal (Sandeep)", "relation": "Promoter", "url": "", "transactionDescription": "Other", "latestTransDate": "2017-10-10", "positionDirect": 0, "positionDirectDate": "2017-10-10"}, {"maxAge": 1, "name": "Aggarwal (Sangeeta)", "relation": "Promoter", "url": "", "transactionDescription": "Acquisition", "latestTransDate": "2020-07-18", "positionDirect": 2322266, "positionDirectDate": "2020-07-18"}, {"maxAge": 1, "name": "Aggarwal (Sumitra)", "relation": "Promoter", "url": "", "transactionDescription": "Other", "latestTransDate": "2017-10-10", "positionDirect": 0, "positionDirectDate": "2017-10-10"}, {"maxAge": 1, "name": "Aggarwal (Vinod Kumar)", "relation": "Promoter", "url": "", "transactionDescription": "Acquisition", "latestTransDate": "2020-12-29", "positionDirect": 4354423, "positionDirectDate": "2020-12-29"}, {"maxAge": 1, "name": "Aggarwal (Vishal)", "relation": "Promoter", "url": "", "transactionDescription": "Sale", "latestTransDate": "2020-07-18", "positionDirect": 0, "positionDirectDate": "2020-07-18"}, {"maxAge": 1, "name": "Reckon Industries Ltd", "relation": "Promoter", "url": "", "transactionDescription": "Other", "latestTransDate": "2016-12-30", "positionDirect": 0, "positionDirectDate": "2016-12-30"}], "maxAge": 1}, "calendarEvents": {"maxAge": 1, "earnings": {"earningsDate": ["2021-02-12 05:30:S"]}}, "upgradeDowngradeHistory": {"history": [], "maxAge": 86400}, "price": {"maxAge": 1, "regularMarketChangePercent": -0.0059171827, "regularMarketChange": -0.05000019, "regularMarketTime": "2021-04-30 15:27:48", "priceHint": 2, "regularMarketPrice": 8.4, "regularMarketDayHigh": 8.7, "regularMarketDayLow": 8.25, "regularMarketVolume": 15932, "averageDailyVolume10Day": 119563, "averageDailyVolume3Month": 58719, "regularMarketPreviousClose": 8.45, "regularMarketSource": "FREE_REALTIME", "regularMarketOpen": 8.35, "exchange": "NSI", "exchangeName": "NSE", "exchangeDataDelayedBy": 15, "marketState": "CLOSED", "quoteType": "EQUITY", "symbol": "SGL.NS", "underlyingSymbol": null, "shortName": "STL GLOBAL LTD", "longName": "STL Global Limited", "currency": "INR", "quoteSourceName": "Delayed Quote", "currencySymbol": "\u20b9", "fromCurrency": null, "lastMarket": null, "marketCap": 230056672}, "balanceSheetHistory": {"balanceSheetStatements": [{"maxAge": 1, "endDate": "2020-03-31", "cash": 5577903, "netReceivables": 584531386, "inventory": 95810610, "otherCurrentAssets": 12316990, "totalCurrentAssets": 698256185, "longTermInvestments": 126400, "propertyPlantEquipment": 189623591, "otherAssets": 46017527, "totalAssets": 934023703, "accountsPayable": 161120027, "shortLongTermDebt": 100000000, "otherCurrentLiab": 562850, "longTermDebt": 481616182, "otherLiab": 299006997, "totalCurrentLiabilities": 270067745, "totalLiab": 1050690924, "commonStock": 272217975, "retainedEarnings": -842647588, "capitalSurplus": 453762392, "totalStockholderEquity": -116667221, "netTangibleAssets": -116667221}, {"maxAge": 1, "endDate": "2019-03-31", "cash": 14648968, "netReceivables": 554289156, "inventory": 133183686, "otherCurrentAssets": 10320541, "totalCurrentAssets": 712492899, "longTermInvestments": 126400, "propertyPlantEquipment": 204997580, "otherAssets": 43487339, "totalAssets": 961104218, "accountsPayable": 152336924, "shortLongTermDebt": 46095000, "otherCurrentLiab": 583736, "longTermDebt": 575227111, "otherLiab": 542702429, "totalCurrentLiabilities": 208616550, "totalLiab": 1326546090, "commonStock": 272217975, "retainedEarnings": -1091422239, "capitalSurplus": 453762392, "totalStockholderEquity": -365441872, "netTangibleAssets": -365441872}, {"maxAge": 1, "endDate": "2018-03-31", "cash": 1951426, "netReceivables": 199364681, "inventory": 214043863, "otherCurrentAssets": 9031690, "totalCurrentAssets": 424457194, "longTermInvestments": 126400, "propertyPlantEquipment": 205502859, "otherAssets": 29868875, "totalAssets": 659955328, "accountsPayable": 164367301, "shortLongTermDebt": 30000000, "otherCurrentLiab": 417368, "longTermDebt": 642643952, "otherLiab": 542157106, "totalCurrentLiabilities": 203678406, "totalLiab": 1388479464, "commonStock": 272217975, "retainedEarnings": -1524476727, "treasuryStock": 69972224, "capitalSurplus": 453762392, "otherStockholderEquity": 69972224, "totalStockholderEquity": -728524136, "netTangibleAssets": -728524136}, {"maxAge": 1, "endDate": "2017-03-31", "cash": 4210918, "netReceivables": 176125001, "inventory": 211460585, "otherCurrentAssets": 9007580, "totalCurrentAssets": 400894897, "longTermInvestments": 126400, "propertyPlantEquipment": 232668007, "otherAssets": 38424409, "totalAssets": 672113713, "accountsPayable": 108318597, "shortLongTermDebt": 314624456, "otherCurrentLiab": 82342349, "longTermDebt": 722307973, "otherLiab": 439912338, "deferredLongTermLiab": 60310, "totalCurrentLiabilities": 513250873, "totalLiab": 1675471184, "commonStock": 272217975, "retainedEarnings": -1832863784, "treasuryStock": 103525946, "capitalSurplus": 453762392, "otherStockholderEquity": 103525946, "totalStockholderEquity": -1003357471, "netTangibleAssets": -1003357471}], "maxAge": 86400}, "earningsTrend": {"trend": [{"maxAge": 1, "period": "0q", "endDate": null, "growth": {}, "earningsEstimate": {"avg": 0.0, "low": 0.0, "high": 0.0, "yearAgoEps": {}, "numberOfAnalysts": 0, "growth": {}}, "revenueEstimate": {"avg": 0, "low": 0, "high": 0, "numberOfAnalysts": 0, "yearAgoRevenue": {}, "growth": {}}, "epsTrend": {"current": 0.0, "7daysAgo": 0.0, "30daysAgo": 0.0, "60daysAgo": 0.0, "90daysAgo": 0.0}, "epsRevisions": {"upLast7days": 0, "upLast30days": 0, "downLast30days": 0, "downLast90days": {}}}, {"maxAge": 1, "period": "+1q", "endDate": null, "growth": {}, "earningsEstimate": {"avg": 0.0, "low": 0.0, "high": 0.0, "yearAgoEps": {}, "numberOfAnalysts": 0, "growth": {}}, "revenueEstimate": {"avg": 0, "low": 0, "high": 0, "numberOfAnalysts": 0, "yearAgoRevenue": {}, "growth": {}}, "epsTrend": {"current": 0.0, "7daysAgo": 0.0, "30daysAgo": 0.0, "60daysAgo": 0.0, "90daysAgo": 0.0}, "epsRevisions": {"upLast7days": 0, "upLast30days": 0, "downLast30days": 0, "downLast90days": {}}}, {"maxAge": 1, "period": "0y", "endDate": null, "growth": {}, "earningsEstimate": {"avg": 0.0, "low": 0.0, "high": 0.0, "yearAgoEps": {}, "numberOfAnalysts": 0, "growth": {}}, "revenueEstimate": {"avg": 0, "low": 0, "high": 0, "numberOfAnalysts": 0, "yearAgoRevenue": {}, "growth": {}}, "epsTrend": {"current": 0.0, "7daysAgo": 0.0, "30daysAgo": 0.0, "60daysAgo": 0.0, "90daysAgo": 0.0}, "epsRevisions": {"upLast7days": 0, "upLast30days": 0, "downLast30days": 0, "downLast90days": {}}}, {"maxAge": 1, "period": "+1y", "endDate": null, "growth": {}, "earningsEstimate": {"avg": 0.0, "low": 0.0, "high": 0.0, "yearAgoEps": {}, "numberOfAnalysts": 0, "growth": {}}, "revenueEstimate": {"avg": 0, "low": 0, "high": 0, "numberOfAnalysts": 0, "yearAgoRevenue": {}, "growth": {}}, "epsTrend": {"current": 0.0, "7daysAgo": 0.0, "30daysAgo": 0.0, "60daysAgo": 0.0, "90daysAgo": 0.0}, "epsRevisions": {"upLast7days": 0, "upLast30days": 0, "downLast30days": 0, "downLast90days": {}}}, {"maxAge": 1, "period": "+5y", "endDate": null, "growth": {}, "earningsEstimate": {"avg": {}, "low": {}, "high": {}, "yearAgoEps": {}, "numberOfAnalysts": {}, "growth": {}}, "revenueEstimate": {"avg": {}, "low": {}, "high": {}, "numberOfAnalysts": {}, "yearAgoRevenue": {}, "growth": {}}, "epsTrend": {"current": {}, "7daysAgo": {}, "30daysAgo": {}, "60daysAgo": {}, "90daysAgo": {}}, "epsRevisions": {"upLast7days": {}, "upLast30days": {}, "downLast30days": {}, "downLast90days": {}}}, {"maxAge": 1, "period": "-5y", "endDate": null, "growth": {}, "earningsEstimate": {"avg": {}, "low": {}, "high": {}, "yearAgoEps": {}, "numberOfAnalysts": {}, "growth": {}}, "revenueEstimate": {"avg": {}, "low": {}, "high": {}, "numberOfAnalysts": {}, "yearAgoRevenue": {}, "growth": {}}, "epsTrend": {"current": {}, "7daysAgo": {}, "30daysAgo": {}, "60daysAgo": {}, "90daysAgo": {}}, "epsRevisions": {"upLast7days": {}, "upLast30days": {}, "downLast30days": {}, "downLast90days": {}}}], "maxAge": 1}, "institutionOwnership": {"ownershipList": [], "maxAge": 1}, "majorHoldersBreakdown": {"maxAge": 1, "insidersPercentHeld": 0.68754995, "institutionsPercentHeld": 0.0, "institutionsFloatPercentHeld": 0.0, "institutionsCount": 0}, "balanceSheetHistoryQuarterly": {"balanceSheetStatements": [{"maxAge": 1, "endDate": "2020-12-31", "totalStockholderEquity": -124755000, "netTangibleAssets": -124755000}, {"maxAge": 1, "endDate": "2020-09-30", "cash": 1690000, "netReceivables": 517056000, "inventory": 94772000, "otherCurrentAssets": 33698000, "totalCurrentAssets": 647216000, "longTermInvestments": 1939000, "propertyPlantEquipment": 184103000, "otherAssets": 30596000, "totalAssets": 863854000, "accountsPayable": 115645000, "shortLongTermDebt": 100000000, "otherCurrentLiab": 5258000, "longTermDebt": 467557000, "otherLiab": 299006000, "totalCurrentLiabilities": 222046000, "totalLiab": 988609000, "commonStock": 272218000, "treasuryStock": -396973000, "otherStockholderEquity": -396973000, "totalStockholderEquity": -124755000, "netTangibleAssets": -124755000}, {"maxAge": 1, "endDate": "2020-06-30", "totalStockholderEquity": -116667000, "netTangibleAssets": -116667000}, {"maxAge": 1, "endDate": "2020-03-31", "cash": 5577903, "netReceivables": 584531386, "inventory": 95810610, "otherCurrentAssets": 12316990, "totalCurrentAssets": 698256185, "longTermInvestments": 126400, "propertyPlantEquipment": 189623591, "otherAssets": 46017527, "totalAssets": 934023703, "accountsPayable": 161120027, "shortLongTermDebt": 100000000, "otherCurrentLiab": 562850, "longTermDebt": 481616182, "otherLiab": 299006997, "totalCurrentLiabilities": 270067745, "totalLiab": 1050690924, "commonStock": 272217975, "retainedEarnings": -842647588, "capitalSurplus": 453762392, "totalStockholderEquity": -116667221, "netTangibleAssets": -116667221}], "maxAge": 86400}, "earningsHistory": {"history": [{"maxAge": 1, "epsActual": {}, "epsEstimate": {}, "epsDifference": {}, "surprisePercent": {}, "quarter": {}, "period": "-4q"}, {"maxAge": 1, "epsActual": {}, "epsEstimate": {}, "epsDifference": {}, "surprisePercent": {}, "quarter": {}, "period": "-3q"}, {"maxAge": 1, "epsActual": {}, "epsEstimate": {}, "epsDifference": {}, "surprisePercent": {}, "quarter": {}, "period": "-2q"}, {"maxAge": 1, "epsActual": {}, "epsEstimate": {}, "epsDifference": {}, "surprisePercent": {}, "quarter": {}, "period": "-1q"}], "maxAge": 86400}, "summaryProfile": {"address1": "Plot No. 207-208", "address2": "Sector-58", "city": "Faridabad", "zip": "121004", "country": "India", "phone": "91 12 9427 5900", "fax": "91 12 9427 5999", "website": "http://www.stl-global.com", "industry": "Textile Manufacturing", "sector": "Consumer Cyclical", "longBusinessSummary": "STL Global Limited manufactures and sells textile products in India. It is involved in knitting, dyeing and processing, yarn dyeing, woven processing, thread sewing, and readymade garments manufacturing businesses. The company also produces and exports men's wear, women's tops, boys and girls wear, kids and infants wear, and knitted and woven bed sheets to the United States, the European Union, Canada, and internationally. In addition, it engages in real estate business. The company was formerly known as Shivalik Global Ltd. STL Global Limited was founded in 1997 and is based in Faridabad, India.", "fullTimeEmployees": 195, "companyOfficers": [], "maxAge": 86400}, "netSharePurchaseActivity": {"maxAge": 1, "period": "6m", "buyInfoCount": 0, "buyInfoShares": 0, "sellInfoCount": 0, "netInfoCount": 0, "netInfoShares": 0, "netPercentInsiderShares": 0.0, "totalInsiderShares": 18557602}, "insiderTransactions": {"transactions": [{"maxAge": 1, "shares": 65852, "value": 6637, "filerUrl": "", "transactionText": "Acquisition at price 0.10 per share.", "filerName": "Aggarwal (Vinod Kumar)", "filerRelation": "Promoter", "moneyText": "", "startDate": "2020-12-29", "ownership": "D"}, {"maxAge": 1, "shares": 1246002, "value": 141421, "filerUrl": "", "transactionText": "Acquisition at price 0.11 per share.", "filerName": "Aggarwal (Sangeeta)", "filerRelation": "Promoter", "moneyText": "", "startDate": "2020-07-18", "ownership": "D"}, {"maxAge": 1, "shares": 1246002, "value": 141421, "filerUrl": "", "transactionText": "Sale at price 0.11 per share.", "filerName": "Aggarwal (Vishal)", "filerRelation": "Promoter", "moneyText": "", "startDate": "2020-07-18", "ownership": "D"}, {"maxAge": 1, "shares": 126169, "filerUrl": "", "transactionText": "", "filerName": "Aggarwal (Vinod Kumar)", "filerRelation": "Promoter", "moneyText": "", "startDate": "2020-03-26", "ownership": "D"}, {"maxAge": 1, "shares": 64760, "filerUrl": "", "transactionText": "", "filerName": "Aggarwal (Rita)", "filerRelation": "Promoter", "moneyText": "", "startDate": "2019-12-27", "ownership": "D"}, {"maxAge": 1, "shares": 110354, "filerUrl": "", "transactionText": "", "filerName": "Aggarwal (Rita)", "filerRelation": "Promoter", "moneyText": "", "startDate": "2019-03-30", "ownership": "D"}, {"maxAge": 1, "shares": 106002, "filerUrl": "", "transactionText": "", "filerName": "Aggarwal (Sangeeta)", "filerRelation": "Promoter", "moneyText": "", "startDate": "2018-12-14", "ownership": "D"}, {"maxAge": 1, "shares": 196400, "filerUrl": "", "transactionText": "", "filerName": "Agarwal (Payal)", "filerRelation": "Promoter", "moneyText": "", "startDate": "2018-07-31", "ownership": "D"}, {"maxAge": 1, "shares": 196400, "filerUrl": "", "transactionText": "", "filerName": "Aggarwal (Vinod Kumar)", "filerRelation": "Promoter", "moneyText": "", "startDate": "2018-07-31", "ownership": "D"}, {"maxAge": 1, "shares": 800000, "filerUrl": "", "transactionText": "", "filerName": "Aggarwal (Sandeep)", "filerRelation": "Promoter", "moneyText": "", "startDate": "2017-10-10", "ownership": "D"}, {"maxAge": 1, "shares": 2501329, "filerUrl": "", "transactionText": "", "filerName": "Aggarwal (Vinod Kumar)", "filerRelation": "Promoter", "moneyText": "", "startDate": "2017-10-10", "ownership": "D"}, {"maxAge": 1, "shares": 2200000, "filerUrl": "", "transactionText": "", "filerName": "Aggarwal (Rita)", "filerRelation": "Promoter", "moneyText": "", "startDate": "2017-10-10", "ownership": "D"}, {"maxAge": 1, "shares": 800000, "filerUrl": "", "transactionText": "", "filerName": "Aggarwal (Vishal)", "filerRelation": "Executive Chairman", "moneyText": "", "startDate": "2017-10-10", "ownership": "D"}, {"maxAge": 1, "shares": 2500000, "filerUrl": "", "transactionText": "", "filerName": "Aggarwal (Jai Prakash)", "filerRelation": "Promoter", "moneyText": "", "startDate": "2017-10-10", "ownership": "D"}, {"maxAge": 1, "shares": 2200000, "filerUrl": "", "transactionText": "", "filerName": "Aggarwal (Sumitra)", "filerRelation": "Promoter", "moneyText": "", "startDate": "2017-10-10", "ownership": "D"}, {"maxAge": 1, "shares": 933460, "filerUrl": "", "transactionText": "", "filerName": "Aggarwal (Sandeep)", "filerRelation": "Promoter", "moneyText": "", "startDate": "2016-12-30", "ownership": "D"}, {"maxAge": 1, "shares": 421568, "filerUrl": "", "transactionText": "", "filerName": "Aggarwal (Sumitra)", "filerRelation": "Promoter", "moneyText": "", "startDate": "2016-12-30", "ownership": "D"}, {"maxAge": 1, "shares": 498466, "filerUrl": "", "transactionText": "", "filerName": "Aggarwal (Jai Prakash)", "filerRelation": "Executive Chairman", "moneyText": "", "startDate": "2016-12-30", "ownership": "D"}, {"maxAge": 1, "shares": 319161, "filerUrl": "", "transactionText": "", "filerName": "Reckon Industries Ltd", "filerRelation": "Promoter", "moneyText": "", "startDate": "2016-12-30", "ownership": "D"}, {"maxAge": 1, "shares": 99382, "filerUrl": "", "transactionText": "", "filerName": "Aggarwal (Jai Prakash) HUF", "filerRelation": "Promoter", "moneyText": "", "startDate": "2016-12-30", "ownership": "D"}, {"maxAge": 1, "shares": 1076001, "filerUrl": "", "transactionText": "", "filerName": "Aggarwal (Vikas)", "filerRelation": "Promoter", "moneyText": "", "startDate": "2016-12-30", "ownership": "D"}, {"maxAge": 1, "shares": 421568, "filerUrl": "", "transactionText": "", "filerName": "Aggarwal (Rita)", "filerRelation": "Promoter", "moneyText": "", "startDate": "2016-12-30", "ownership": "D"}, {"maxAge": 1, "shares": 276002, "filerUrl": "", "transactionText": "", "filerName": "Aggarwal (Vishal)", "filerRelation": "Managing Director", "moneyText": "", "startDate": "2016-12-30", "ownership": "D"}, {"maxAge": 1, "shares": 498466, "filerUrl": "", "transactionText": "", "filerName": "Aggarwal (Vinod Kumar)", "filerRelation": "Promoter", "moneyText": "", "startDate": "2016-12-30", "ownership": "D"}, {"maxAge": 1, "shares": 153000, "filerUrl": "", "transactionText": "", "filerName": "Reckon Industries Ltd", "filerRelation": "Promoter", "moneyText": "", "startDate": "2015-04-10", "ownership": "D"}, {"maxAge": 1, "shares": 770262, "filerUrl": "", "transactionText": "", "filerName": "Aggarwal (Sangeeta)", "filerRelation": "Promoter", "moneyText": "", "startDate": "2015-04-10", "ownership": "D"}, {"maxAge": 1, "shares": 202278, "filerUrl": "", "transactionText": "", "filerName": "Target Fashions Ltd", "filerRelation": "Promoter", "moneyText": "", "startDate": "2015-04-10", "ownership": "D"}, {"maxAge": 1, "shares": 770262, "filerUrl": "", "transactionText": "", "filerName": "Aggarwal (Sumitra)", "filerRelation": "Promoter", "moneyText": "", "startDate": "2015-04-10", "ownership": "D"}, {"maxAge": 1, "shares": 1350000, "filerUrl": "", "transactionText": "", "filerName": "Reckon Industries Ltd", "filerRelation": "Promoter", "moneyText": "", "startDate": "2015-01-24", "ownership": "D"}, {"maxAge": 1, "shares": 1350000, "filerUrl": "", "transactionText": "", "filerName": "Target Fashions Ltd", "filerRelation": "Promoter", "moneyText": "", "startDate": "2015-01-24", "ownership": "D"}], "maxAge": 1}, "sectorTrend": {"maxAge": 1, "symbol": null, "estimates": []}, "incomeStatementHistoryQuarterly": {"incomeStatementHistory": [{"maxAge": 1, "endDate": "2020-12-31", "totalRevenue": 248301000, "costOfRevenue": 190187000, "grossProfit": 58114000, "researchDevelopment": {}, "sellingGeneralAdministrative": 14589000, "nonRecurring": {}, "otherOperatingExpenses": 26665000, "totalOperatingExpenses": 234791000, "operatingIncome": 13510000, "totalOtherIncomeExpenseNet": -1211000, "ebit": 13510000, "interestExpense": -1280000, "incomeBeforeTax": 12299000, "incomeTaxExpense": 0, "minorityInterest": {}, "netIncomeFromContinuingOps": 12299000, "discontinuedOperations": {}, "extraordinaryItems": {}, "effectOfAccountingCharges": {}, "otherItems": {}, "netIncome": 12299000, "netIncomeApplicableToCommonShares": 12299000}, {"maxAge": 1, "endDate": "2020-09-30", "totalRevenue": 169028000, "costOfRevenue": 136795000, "grossProfit": 32233000, "researchDevelopment": {}, "sellingGeneralAdministrative": 11128000, "nonRecurring": {}, "otherOperatingExpenses": 19314000, "totalOperatingExpenses": 170588000, "operatingIncome": -1560000, "totalOtherIncomeExpenseNet": 710000, "ebit": -1560000, "interestExpense": -1051000, "incomeBeforeTax": -850000, "incomeTaxExpense": 0, "minorityInterest": {}, "netIncomeFromContinuingOps": -850000, "discontinuedOperations": {}, "extraordinaryItems": {}, "effectOfAccountingCharges": {}, "otherItems": {}, "netIncome": -850000, "netIncomeApplicableToCommonShares": -850000}, {"maxAge": 1, "endDate": "2020-06-30", "totalRevenue": 56088000, "costOfRevenue": 47141000, "grossProfit": 8947000, "researchDevelopment": {}, "sellingGeneralAdministrative": 4949000, "nonRecurring": {}, "otherOperatingExpenses": 7360000, "totalOperatingExpenses": 62821000, "operatingIncome": -6733000, "totalOtherIncomeExpenseNet": -505000, "ebit": -6733000, "interestExpense": -1086000, "incomeBeforeTax": -7238000, "incomeTaxExpense": 0, "minorityInterest": {}, "netIncomeFromContinuingOps": -7238000, "discontinuedOperations": {}, "extraordinaryItems": {}, "effectOfAccountingCharges": {}, "otherItems": {}, "netIncome": -7238000, "netIncomeApplicableToCommonShares": -7238000}, {"maxAge": 1, "endDate": "2020-03-31", "totalRevenue": 214498314, "costOfRevenue": 90341324, "grossProfit": 124156990, "researchDevelopment": {}, "sellingGeneralAdministrative": 20603899, "nonRecurring": {}, "otherOperatingExpenses": 108579690, "totalOperatingExpenses": 224012659, "operatingIncome": -9514345, "totalOtherIncomeExpenseNet": 229991996, "ebit": -9514345, "interestExpense": -1086000, "incomeBeforeTax": 220477651, "incomeTaxExpense": 0, "minorityInterest": {}, "netIncomeFromContinuingOps": 220477651, "discontinuedOperations": {}, "extraordinaryItems": {}, "effectOfAccountingCharges": {}, "otherItems": {}, "netIncome": 220477651, "netIncomeApplicableToCommonShares": 220477651}], "maxAge": 86400}, "cashflowStatementHistoryQuarterly": {"cashflowStatements": [{"maxAge": 1, "endDate": "2020-12-31", "netIncome": 12299000, "changeToLiabilities": 0}, {"maxAge": 1, "endDate": "2020-09-30", "netIncome": -850000, "changeToLiabilities": 0}, {"maxAge": 1, "endDate": "2020-06-30", "netIncome": -7238000, "changeToLiabilities": 0}, {"maxAge": 1, "endDate": "2020-03-31", "netIncome": 220477651, "changeToLiabilities": 0}], "maxAge": 86400}, "earnings": {"maxAge": 86400, "earningsChart": {"quarterly": [], "earningsDate": ["2021-02-12 05:30:S"]}, "financialsChart": {"yearly": [{"date": 2017, "revenue": 817261463, "earnings": 168539627}, {"date": 2018, "revenue": 1045071198, "earnings": 308387058}, {"date": 2019, "revenue": 1482855808, "earnings": 433054487}, {"date": 2020, "revenue": 924063314, "earnings": 248774651}], "quarterly": [{"date": "1Q2020", "revenue": 214498314, "earnings": 220477651}, {"date": "2Q2020", "revenue": 56088000, "earnings": -7238000}, {"date": "3Q2020", "revenue": 169028000, "earnings": -850000}, {"date": "4Q2020", "revenue": 248301000, "earnings": 12299000}]}, "financialCurrency": "INR"}, "financialData": {"maxAge": 86400, "currentPrice": 8.4, "recommendationKey": "none", "totalCash": 1690000, "totalCashPerShare": 0.063, "ebitda": 9124184, "totalDebt": 567556992, "totalRevenue": 687915328, "revenuePerShare": 25.937, "grossProfits": 253677990, "earningsGrowth": -0.078, "revenueGrowth": -0.137, "grossMargins": 0.32481, "ebitdaMargins": 0.013259999, "operatingMargins": -0.00625, "profitMargins": 0.32661998, "financialCurrency": "INR"}}}