{"SGRL.BO": {"cashflowStatementHistory": {"cashflowStatements": [{"maxAge": 1, "endDate": "2020-03-31", "netIncome": 104705583, "depreciation": 23507064, "changeToNetincome": -28957678, "changeToAccountReceivables": -83745011, "changeToLiabilities": 27239224, "changeToInventory": -1823859, "changeToOperatingActivities": 4949570, "totalCashFromOperatingActivities": 45874892, "capitalExpenditures": -437145, "investments": -27434772, "otherCashflowsFromInvestingActivities": -1223754, "totalCashflowsFromInvestingActivities": -29095671, "netBorrowings": -4401252, "otherCashflowsFromFinancingActivities": -354146, "totalCashFromFinancingActivities": -4755398, "changeInCash": 12023822}, {"maxAge": 1, "endDate": "2019-03-31", "netIncome": 62350104, "depreciation": 10684265, "changeToNetincome": 10140011, "changeToAccountReceivables": 320784434, "changeToLiabilities": -329146765, "changeToInventory": -22371554, "changeToOperatingActivities": -104601781, "totalCashFromOperatingActivities": -52161290, "capitalExpenditures": -988780, "investments": -27434772, "otherCashflowsFromInvestingActivities": 224481, "totalCashflowsFromInvestingActivities": -764299, "netBorrowings": -1765618, "otherCashflowsFromFinancingActivities": -354146, "totalCashFromFinancingActivities": -1765618, "changeInCash": -54691208}, {"maxAge": 1, "endDate": "2018-03-31", "netIncome": 46873339, "depreciation": 6005455, "changeToNetincome": 12787969, "changeToAccountReceivables": 247793004, "changeToLiabilities": -256146914, "changeToInventory": -14287547, "changeToOperatingActivities": -52150785, "totalCashFromOperatingActivities": -9125482, "capitalExpenditures": -988780, "investments": -40000000, "otherCashflowsFromInvestingActivities": -749182, "totalCashflowsFromInvestingActivities": -34499828, "netBorrowings": -964000, "otherCashflowsFromFinancingActivities": -146835, "totalCashFromFinancingActivities": 81416409, "changeInCash": 37791098, "issuanceOfStock": 82527244}, {"maxAge": 1, "endDate": "2017-03-31", "netIncome": 26383257, "depreciation": 5452217, "changeToNetincome": -13883170, "changeToAccountReceivables": 247793004, "changeToLiabilities": 0, "changeToInventory": -14287547, "changeToOperatingActivities": -52150785, "totalCashFromOperatingActivities": 17952303, "capitalExpenditures": -988780, "investments": -40000000, "otherCashflowsFromInvestingActivities": -538504, "totalCashflowsFromInvestingActivities": 961496, "netBorrowings": -225260, "otherCashflowsFromFinancingActivities": -146835, "totalCashFromFinancingActivities": -225260, "changeInCash": 18688539, "issuanceOfStock": 82527244}], "maxAge": 86400}, "institutionOwnership": {"ownershipList": [], "maxAge": 1}, "balanceSheetHistoryQuarterly": {"balanceSheetStatements": [{"maxAge": 1, "endDate": "2020-03-31", "cash": 23289147, "shortTermInvestments": 30000000, "netReceivables": 220792140, "inventory": 64126929, "totalCurrentAssets": 338208216, "longTermInvestments": 650000, "propertyPlantEquipment": 186679664, "goodWill": 14200700, "intangibleAssets": 479597, "otherAssets": 12568085, "totalAssets": 552786262, "accountsPayable": 45214623, "shortLongTermDebt": 1962970, "otherCurrentLiab": 33404310, "longTermDebt": 21964049, "otherLiab": 4533526, "deferredLongTermLiab": 2002579, "minorityInterest": 442051, "totalCurrentLiabilities": 103837765, "totalLiab": 130335340, "commonStock": 89713560, "retainedEarnings": 263811393, "treasuryStock": -1570296, "capitalSurplus": 70054215, "otherStockholderEquity": -1570296, "totalStockholderEquity": 422008872, "netTangibleAssets": 407328575}, {"maxAge": 1, "endDate": "2019-12-31", "cash": 23289147, "shortTermInvestments": 30000000, "netReceivables": 220792140, "inventory": 64126929, "totalCurrentAssets": 338208216, "longTermInvestments": 650000, "propertyPlantEquipment": 186679664, "goodWill": 14200700, "intangibleAssets": 479597, "otherAssets": 12568085, "totalAssets": 552786262, "accountsPayable": 45214623, "shortLongTermDebt": 1962970, "otherCurrentLiab": 33404310, "longTermDebt": 21964049, "otherLiab": 4533526, "deferredLongTermLiab": 2002579, "minorityInterest": 442051, "totalCurrentLiabilities": 103837765, "totalLiab": 130335340, "commonStock": 89713560, "retainedEarnings": 263811393, "treasuryStock": -1570296, "capitalSurplus": 70054215, "otherStockholderEquity": -1570296, "totalStockholderEquity": 422008872, "netTangibleAssets": 407328575}, {"maxAge": 1, "endDate": "2019-09-30", "cash": 57123000, "netReceivables": 171911000, "inventory": 64120000, "totalCurrentAssets": 293154000, "longTermInvestments": 500000, "propertyPlantEquipment": 157234000, "intangibleAssets": 575000, "otherAssets": 11268000, "totalAssets": 462731000, "accountsPayable": 51294000, "shortLongTermDebt": 162000, "otherCurrentLiab": 20384000, "longTermDebt": 3137000, "otherLiab": 5129000, "deferredLongTermLiab": 2359000, "totalCurrentLiabilities": 77953000, "totalLiab": 86219000, "commonStock": 89714000, "treasuryStock": 286798000, "otherStockholderEquity": 286798000, "totalStockholderEquity": 376512000, "netTangibleAssets": 375937000}, {"maxAge": 1, "endDate": "2019-06-30", "cash": 57123000, "netReceivables": 171911000, "inventory": 64120000, "totalCurrentAssets": 293154000, "longTermInvestments": 500000, "propertyPlantEquipment": 157234000, "intangibleAssets": 575000, "otherAssets": 11268000, "totalAssets": 462731000, "accountsPayable": 51294000, "shortLongTermDebt": 162000, "otherCurrentLiab": 20384000, "longTermDebt": 3137000, "otherLiab": 5129000, "deferredLongTermLiab": 2359000, "totalCurrentLiabilities": 77953000, "totalLiab": 86219000, "commonStock": 89714000, "treasuryStock": 286798000, "otherStockholderEquity": 286798000, "totalStockholderEquity": 376512000, "netTangibleAssets": 375937000}], "maxAge": 86400}, "indexTrend": {"maxAge": 1, "symbol": "SP5", "peRatio": 19.7411, "pegRatio": 1.34172, "estimates": [{"period": "0q", "growth": 0.549}, {"period": "+1q", "growth": 0.431}, {"period": "0y", "growth": 0.305}, {"period": "+1y", "growth": 0.109}, {"period": "+5y", "growth": 0.120859005}, {"period": "-5y"}]}, "insiderTransactions": {"transactions": [{"maxAge": 1, "shares": 6000, "filerUrl": "", "transactionText": "", "filerName": "Susma Textiles Pvt Ltd", "filerRelation": "Promoter", "moneyText": "", "startDate": "2020-03-11", "ownership": "D"}, {"maxAge": 1, "shares": 7500, "filerUrl": "", "transactionText": "", "filerName": "Susma Textiles Pvt Ltd", "filerRelation": "Promoter", "moneyText": "", "startDate": "2020-03-02", "ownership": "D"}, {"maxAge": 1, "shares": 16500, "filerUrl": "", "transactionText": "", "filerName": "Susma Textiles Pvt Ltd", "filerRelation": "Promoter", "moneyText": "", "startDate": "2020-02-28", "ownership": "D"}, {"maxAge": 1, "shares": 19500, "filerUrl": "", "transactionText": "", "filerName": "Susma Textiles Pvt Ltd", "filerRelation": "Promoter", "moneyText": "", "startDate": "2020-02-26", "ownership": "D"}, {"maxAge": 1, "shares": 3000, "filerUrl": "", "transactionText": "", "filerName": "Susma Textiles Pvt Ltd", "filerRelation": "Promoter", "moneyText": "", "startDate": "2020-02-25", "ownership": "D"}, {"maxAge": 1, "shares": 3000, "filerUrl": "", "transactionText": "", "filerName": "Susma Textiles Pvt Ltd", "filerRelation": "Promoter", "moneyText": "", "startDate": "2020-02-20", "ownership": "D"}, {"maxAge": 1, "shares": 6000, "filerUrl": "", "transactionText": "", "filerName": "Susma Textiles Pvt Ltd", "filerRelation": "Promoter", "moneyText": "", "startDate": "2020-02-19", "ownership": "D"}, {"maxAge": 1, "shares": 15000, "filerUrl": "", "transactionText": "", "filerName": "Susma Textiles Pvt Ltd", "filerRelation": "Promoter", "moneyText": "", "startDate": "2020-02-18", "ownership": "D"}], "maxAge": 1}, "quoteType": {"exchange": "BSE", "quoteType": "EQUITY", "symbol": "SGRL.BO", "underlyingSymbol": "SGRL.BO", "shortName": "Shree Ganesh Remedies Limited", "longName": "Shree Ganesh Remedies Limited", "firstTradeDateEpochUtc": "2017-10-13 09:15:00", "timeZoneFullName": "Asia/Kolkata", "timeZoneShortName": "IST", "uuid": "e1659ee1-1225-3379-8b00-39fcb9e7ef0d", "gmtOffSetMilliseconds": 19800000, "maxAge": 1}, "incomeStatementHistory": {"incomeStatementHistory": [{"maxAge": 1, "endDate": "2020-03-31", "totalRevenue": 647736011, "costOfRevenue": 382705863, "grossProfit": 265030148, "researchDevelopment": {}, "sellingGeneralAdministrative": 69253560, "nonRecurring": {}, "otherOperatingExpenses": 59246089, "totalOperatingExpenses": 534152836, "operatingIncome": 113583175, "totalOtherIncomeExpenseNet": 22316434, "ebit": 113583175, "interestExpense": -4880935, "incomeBeforeTax": 135899609, "incomeTaxExpense": 31194026, "minorityInterest": 442051, "netIncomeFromContinuingOps": 104705583, "discontinuedOperations": {}, "extraordinaryItems": {}, "effectOfAccountingCharges": {}, "otherItems": {}, "netIncome": 104705583, "netIncomeApplicableToCommonShares": 104705583}, {"maxAge": 1, "endDate": "2019-03-31", "totalRevenue": 353142643, "costOfRevenue": 186052613, "grossProfit": 167090030, "researchDevelopment": {}, "sellingGeneralAdministrative": 36731949, "nonRecurring": {}, "otherOperatingExpenses": 39708612, "totalOperatingExpenses": 272874659, "operatingIncome": 80267984, "totalOtherIncomeExpenseNet": 6395150, "ebit": 80267984, "interestExpense": -1668733, "incomeBeforeTax": 86663134, "incomeTaxExpense": 24313030, "minorityInterest": 442051, "netIncomeFromContinuingOps": 62350104, "discontinuedOperations": {}, "extraordinaryItems": {}, "effectOfAccountingCharges": {}, "otherItems": {}, "netIncome": 62350104, "netIncomeApplicableToCommonShares": 62350104}, {"maxAge": 1, "endDate": "2018-03-31", "totalRevenue": 272612194, "costOfRevenue": 150703972, "grossProfit": 121908222, "researchDevelopment": {}, "sellingGeneralAdministrative": 36001585, "nonRecurring": {}, "otherOperatingExpenses": 31205026, "totalOperatingExpenses": 223870218, "operatingIncome": 48741976, "totalOtherIncomeExpenseNet": 16015054, "ebit": 48741976, "interestExpense": -768777, "incomeBeforeTax": 64757030, "incomeTaxExpense": 17883691, "minorityInterest": 442051, "netIncomeFromContinuingOps": 46873339, "discontinuedOperations": {}, "extraordinaryItems": {}, "effectOfAccountingCharges": {}, "otherItems": {}, "netIncome": 46873339, "netIncomeApplicableToCommonShares": 46873339}, {"maxAge": 1, "endDate": "2017-03-31", "totalRevenue": 198610034, "costOfRevenue": 101170014, "grossProfit": 97440020, "researchDevelopment": {}, "sellingGeneralAdministrative": 26471836, "nonRecurring": {}, "otherOperatingExpenses": 28542161, "totalOperatingExpenses": 161636228, "operatingIncome": 36973806, "totalOtherIncomeExpenseNet": 2489320, "ebit": 36973806, "interestExpense": -164126, "incomeBeforeTax": 39463126, "incomeTaxExpense": 13079869, "minorityInterest": 442051, "netIncomeFromContinuingOps": 26383257, "discontinuedOperations": {}, "extraordinaryItems": {}, "effectOfAccountingCharges": {}, "otherItems": {}, "netIncome": 26383257, "netIncomeApplicableToCommonShares": 26383257}], "maxAge": 86400}, "fundOwnership": {"ownershipList": [], "maxAge": 1}, "summaryDetail": {"maxAge": 1, "priceHint": 2, "previousClose": 317.25, "open": 334.95, "dayLow": 285.6, "dayHigh": 334.95, "regularMarketPreviousClose": 317.25, "regularMarketOpen": 334.95, "regularMarketDayLow": 285.6, "regularMarketDayHigh": 334.95, "trailingPE": 29.546974, "volume": 7462, "regularMarketVolume": 7462, "averageVolume": 8649, "averageVolume10days": 1517, "averageDailyVolume10Day": 1517, "bid": 312.0, "ask": 312.65, "bidSize": 0, "askSize": 0, "marketCap": 2773495808, "fiftyTwoWeekLow": 53.4345, "fiftyTwoWeekHigh": 334.95, "fiftyDayAverage": 166.34091, "twoHundredDayAverage": 130.00024, "trailingAnnualDividendRate": 1.345, "trailingAnnualDividendYield": 0.0042395587, "currency": "INR", "fromCurrency": null, "lastMarket": null, "algorithm": null, "tradeable": false}, "incomeStatementHistoryQuarterly": {"incomeStatementHistory": [{"maxAge": 1, "endDate": "2020-03-31", "totalRevenue": 162020506, "costOfRevenue": 86870432, "grossProfit": 75150074, "researchDevelopment": {}, "sellingGeneralAdministrative": 28017280, "nonRecurring": {}, "otherOperatingExpenses": 10197045, "totalOperatingExpenses": 131261918, "operatingIncome": 30758588, "totalOtherIncomeExpenseNet": 3007217, "ebit": 30758588, "interestExpense": {}, "incomeBeforeTax": 33765805, "incomeTaxExpense": 7313513, "minorityInterest": 442051, "netIncomeFromContinuingOps": 26452292, "discontinuedOperations": {}, "extraordinaryItems": {}, "effectOfAccountingCharges": {}, "otherItems": {}, "netIncome": 26452292, "netIncomeApplicableToCommonShares": 26452292}, {"maxAge": 1, "endDate": "2019-12-31", "totalRevenue": 162020506, "costOfRevenue": 86870432, "grossProfit": 75150074, "researchDevelopment": {}, "sellingGeneralAdministrative": 28017280, "nonRecurring": {}, "otherOperatingExpenses": 10197045, "totalOperatingExpenses": 131261918, "operatingIncome": 30758588, "totalOtherIncomeExpenseNet": 3007217, "ebit": 30758588, "interestExpense": {}, "incomeBeforeTax": 33765805, "incomeTaxExpense": 7313513, "minorityInterest": 442051, "netIncomeFromContinuingOps": 26452292, "discontinuedOperations": {}, "extraordinaryItems": {}, "effectOfAccountingCharges": {}, "otherItems": {}, "netIncome": 26452292, "netIncomeApplicableToCommonShares": 26452292}, {"maxAge": 1, "endDate": "2019-09-30", "totalRevenue": 161847500, "costOfRevenue": 104482500, "grossProfit": 57365000, "researchDevelopment": {}, "sellingGeneralAdministrative": 6609500, "nonRecurring": {}, "otherOperatingExpenses": 19426000, "totalOperatingExpenses": 135814500, "operatingIncome": 26033000, "totalOtherIncomeExpenseNet": 8151000, "ebit": 26033000, "interestExpense": -37678976000, "incomeBeforeTax": 34184000, "incomeTaxExpense": 8283500, "minorityInterest": 442051, "netIncomeFromContinuingOps": 25900500, "discontinuedOperations": {}, "extraordinaryItems": {}, "effectOfAccountingCharges": {}, "otherItems": {}, "netIncome": 25900500, "netIncomeApplicableToCommonShares": 25900500}, {"maxAge": 1, "endDate": "2019-06-30", "totalRevenue": 161847500, "costOfRevenue": 104482500, "grossProfit": 57365000, "researchDevelopment": {}, "sellingGeneralAdministrative": 6609500, "nonRecurring": {}, "otherOperatingExpenses": 19426000, "totalOperatingExpenses": 135814500, "operatingIncome": 26033000, "totalOtherIncomeExpenseNet": 8151000, "ebit": 26033000, "interestExpense": -37678976000, "incomeBeforeTax": 34184000, "incomeTaxExpense": 8283500, "minorityInterest": 442051, "netIncomeFromContinuingOps": 25900500, "discontinuedOperations": {}, "extraordinaryItems": {}, "effectOfAccountingCharges": {}, "otherItems": {}, "netIncome": 25900500, "netIncomeApplicableToCommonShares": 25900500}], "maxAge": 86400}, "cashflowStatementHistoryQuarterly": {"cashflowStatements": [{"maxAge": 1, "endDate": "2020-03-31", "netIncome": 26452292, "depreciation": 6317032, "changeToNetincome": 17419661, "changeToAccountReceivables": -185402006, "changeToLiabilities": 140851612, "changeToInventory": -1404930, "changeToOperatingActivities": 15162285, "totalCashFromOperatingActivities": 19395946, "capitalExpenditures": -36073, "investments": -33717386, "otherCashflowsFromInvestingActivities": 43123, "totalCashflowsFromInvestingActivities": -33710336, "netBorrowings": -1678126, "otherCashflowsFromFinancingActivities": -177073, "totalCashFromFinancingActivities": -1855199, "changeInCash": -16169089}, {"maxAge": 1, "endDate": "2019-12-31", "netIncome": 26452292, "depreciation": 6317032, "changeToNetincome": 17419661, "changeToAccountReceivables": -185402006, "changeToLiabilities": 140851612, "changeToInventory": -1404930, "changeToOperatingActivities": 15162285, "totalCashFromOperatingActivities": 19395946, "capitalExpenditures": -36073, "investments": -33717386, "otherCashflowsFromInvestingActivities": 43123, "totalCashflowsFromInvestingActivities": -33710336, "netBorrowings": -1678126, "otherCashflowsFromFinancingActivities": -177073, "totalCashFromFinancingActivities": -1855199, "changeInCash": -16169089}, {"maxAge": 1, "endDate": "2019-09-30", "netIncome": 25900500, "depreciation": 5436500, "changeToNetincome": -31898500, "changeToAccountReceivables": 143529500, "changeToLiabilities": -127232000, "changeToInventory": 493000, "changeToOperatingActivities": -12687500, "totalCashFromOperatingActivities": 3541500, "capitalExpenditures": -182500, "investments": 20000000, "otherCashflowsFromInvestingActivities": -655000, "totalCashflowsFromInvestingActivities": 19162500, "netBorrowings": -522500, "otherCashflowsFromFinancingActivities": -177073, "totalCashFromFinancingActivities": -522500, "changeInCash": 22181000}, {"maxAge": 1, "endDate": "2019-06-30", "netIncome": 25900500, "depreciation": 5436500, "changeToNetincome": -31898500, "changeToAccountReceivables": 143529500, "changeToLiabilities": -127232000, "changeToInventory": 493000, "changeToOperatingActivities": -12687500, "totalCashFromOperatingActivities": 3541500, "capitalExpenditures": -182500, "investments": 20000000, "otherCashflowsFromInvestingActivities": -655000, "totalCashflowsFromInvestingActivities": 19162500, "netBorrowings": -522500, "otherCashflowsFromFinancingActivities": -177073, "totalCashFromFinancingActivities": -522500, "changeInCash": 22181000}], "maxAge": 86400}, "insiderHolders": {"holders": [{"maxAge": 1, "name": "Susma Textiles Pvt Ltd", "relation": "Promoter", "url": "", "transactionDescription": "Acquisition", "latestTransDate": "2020-03-11", "positionDirect": 76500, "positionDirectDate": "2020-03-11"}], "maxAge": 1}, "calendarEvents": {"maxAge": 1, "earnings": {"earningsDate": ["2020-10-08 05:30:S"]}}, "upgradeDowngradeHistory": {"history": [], "maxAge": 86400}, "price": {"maxAge": 1, "regularMarketChangePercent": -0.025531936, "regularMarketChange": -8.100006, "regularMarketTime": "2021-04-30 15:29:10", "priceHint": 2, "regularMarketPrice": 309.15, "regularMarketDayHigh": 334.95, "regularMarketDayLow": 285.6, "regularMarketVolume": 7462, "averageDailyVolume10Day": 1517, "averageDailyVolume3Month": 8649, "regularMarketPreviousClose": 317.25, "regularMarketSource": "FREE_REALTIME", "regularMarketOpen": 334.95, "exchange": "BSE", "exchangeName": "BSE", "exchangeDataDelayedBy": 0, "marketState": "CLOSED", "quoteType": "EQUITY", "symbol": "SGRL.BO", "underlyingSymbol": null, "shortName": "Shree Ganesh Remedies Limited", "longName": "Shree Ganesh Remedies Limited", "currency": "INR", "quoteSourceName": "Delayed Quote", "currencySymbol": "\u20b9", "fromCurrency": null, "lastMarket": null, "marketCap": 2773495808}, "balanceSheetHistory": {"balanceSheetStatements": [{"maxAge": 1, "endDate": "2020-03-31", "cash": 23289147, "shortTermInvestments": 30000000, "netReceivables": 220792140, "inventory": 64126929, "totalCurrentAssets": 338208216, "longTermInvestments": 650000, "propertyPlantEquipment": 186679664, "goodWill": 14200700, "intangibleAssets": 479597, "otherAssets": 12568085, "totalAssets": 552786262, "accountsPayable": 45214623, "shortLongTermDebt": 1962970, "otherCurrentLiab": 33404310, "longTermDebt": 21964049, "otherLiab": 4533526, "deferredLongTermLiab": 2002579, "minorityInterest": 442051, "totalCurrentLiabilities": 103837765, "totalLiab": 130335340, "commonStock": 89713560, "retainedEarnings": 263811393, "treasuryStock": -1570296, "capitalSurplus": 70054215, "otherStockholderEquity": -1570296, "totalStockholderEquity": 422008872, "netTangibleAssets": 407328575}, {"maxAge": 1, "endDate": "2019-03-31", "cash": 9940609, "shortTermInvestments": 40036068, "netReceivables": 143059793, "inventory": 65106479, "totalCurrentAssets": 258142949, "longTermInvestments": 500000, "propertyPlantEquipment": 144217355, "intangibleAssets": 746200, "otherAssets": 9821036, "totalAssets": 413427540, "accountsPayable": 38962603, "shortLongTermDebt": 1804116, "otherCurrentLiab": 22558639, "longTermDebt": 2377985, "otherLiab": 4902740, "deferredLongTermLiab": 2670105, "totalCurrentLiabilities": 67917029, "totalLiab": 75197754, "commonStock": 89713560, "retainedEarnings": 180032309, "treasuryStock": -1570296, "capitalSurplus": 70054215, "otherStockholderEquity": -1570296, "totalStockholderEquity": 338229788, "netTangibleAssets": 337483588}, {"maxAge": 1, "endDate": "2018-03-31", "cash": 85217011, "shortTermInvestments": 40000000, "netReceivables": 116595064, "inventory": 42734924, "totalCurrentAssets": 284546999, "longTermInvestments": 500000, "propertyPlantEquipment": 61007594, "intangibleAssets": 124227, "otherAssets": 10054209, "totalAssets": 356233029, "accountsPayable": 14354751, "shortLongTermDebt": 893343, "otherCurrentLiab": 21365598, "longTermDebt": 2106656, "otherLiab": 2285614, "deferredLongTermLiab": 3337632, "totalCurrentLiabilities": 65100950, "totalLiab": 69493220, "commonStock": 89713560, "retainedEarnings": 128542334, "treasuryStock": -1570296, "capitalSurplus": 70054215, "otherStockholderEquity": -1570296, "totalStockholderEquity": 286739813, "netTangibleAssets": 286615586}, {"maxAge": 1, "endDate": "2017-03-31", "cash": 26840719, "shortTermInvestments": 1883045, "netReceivables": 109109147, "inventory": 28447376, "totalCurrentAssets": 166280287, "longTermInvestments": 500000, "propertyPlantEquipment": 41921738, "intangibleAssets": 73842, "otherAssets": 2507333, "totalAssets": 211283200, "accountsPayable": 22472669, "otherCurrentLiab": 14078679, "otherLiab": 1908372, "totalCurrentLiabilities": 44410458, "totalLiab": 46318830, "commonStock": 10992260, "retainedEarnings": 147264193, "treasuryStock": -1570296, "capitalSurplus": 8278215, "otherStockholderEquity": -1570296, "totalStockholderEquity": 164964372, "netTangibleAssets": 164890530}], "maxAge": 86400}, "financialData": {"maxAge": 86400, "currentPrice": 309.15, "recommendationKey": "none", "grossProfits": 265030148, "financialCurrency": "INR"}}}