{"SHAHALLOYS.BO": {"cashflowStatementHistory": {"cashflowStatements": [{"maxAge": 1, "endDate": "2020-03-31", "netIncome": -144900000, "depreciation": 129800000, "changeToNetincome": 356100000, "changeToAccountReceivables": 107100000, "changeToLiabilities": 363100000, "changeToInventory": 398200000, "totalCashFromOperatingActivities": 1209400000, "otherCashflowsFromInvestingActivities": 1900000, "totalCashflowsFromInvestingActivities": 1900000, "netBorrowings": -1207900000, "otherCashflowsFromFinancingActivities": -4500000, "totalCashFromFinancingActivities": -1212400000, "changeInCash": -1100000}, {"maxAge": 1, "endDate": "2019-03-31", "netIncome": 75269000, "depreciation": 130075000, "changeToNetincome": -113418000, "changeToAccountReceivables": -232915000, "changeToLiabilities": 654855000, "changeToInventory": -406817000, "totalCashFromOperatingActivities": 107049000, "capitalExpenditures": -16282000, "otherCashflowsFromInvestingActivities": 1724000, "totalCashflowsFromInvestingActivities": -14493000, "netBorrowings": -98231000, "otherCashflowsFromFinancingActivities": -1013000, "totalCashFromFinancingActivities": -99244000, "changeInCash": -6688000}, {"maxAge": 1, "endDate": "2018-03-31", "netIncome": 420934000, "depreciation": 136430000, "changeToNetincome": 782918000, "changeToAccountReceivables": -4283000, "changeToLiabilities": -418322000, "changeToInventory": 323260000, "totalCashFromOperatingActivities": 1240937000, "capitalExpenditures": -10435000, "otherCashflowsFromInvestingActivities": 1513000, "totalCashflowsFromInvestingActivities": -8922000, "netBorrowings": -1239755000, "otherCashflowsFromFinancingActivities": -1313000, "totalCashFromFinancingActivities": -1241068000, "changeInCash": -9053000}, {"maxAge": 1, "endDate": "2017-03-31", "netIncome": 364762000, "depreciation": 137431000, "changeToNetincome": 234674000, "changeToAccountReceivables": 81285000, "changeToLiabilities": 305196000, "changeToInventory": -343200000, "totalCashFromOperatingActivities": 780148000, "capitalExpenditures": -10435000, "otherCashflowsFromInvestingActivities": 3957000, "totalCashflowsFromInvestingActivities": 4427000, "netBorrowings": -652525000, "otherCashflowsFromFinancingActivities": -143335000, "totalCashFromFinancingActivities": -795860000, "changeInCash": -11285000}], "maxAge": 86400}, "institutionOwnership": {"ownershipList": [], "maxAge": 1}, "balanceSheetHistoryQuarterly": {"balanceSheetStatements": [{"maxAge": 1, "endDate": "2020-06-30", "totalStockholderEquity": -179300000, "netTangibleAssets": -179300000}, {"maxAge": 1, "endDate": "2020-03-31", "cash": 2400000, "netReceivables": 243200000, "inventory": 852900000, "otherCurrentAssets": 19600000, "totalCurrentAssets": 1118100000, "propertyPlantEquipment": 1152100000, "otherAssets": 2042900000, "deferredLongTermAssetCharges": 1964900000, "totalAssets": 4313100000, "accountsPayable": 1454100000, "otherCurrentLiab": 1070900000, "longTermDebt": 1702300000, "otherLiab": 174300000, "totalCurrentLiabilities": 2615800000, "totalLiab": 4492400000, "commonStock": 198000000, "treasuryStock": -377300000, "otherStockholderEquity": -377300000, "totalStockholderEquity": -179300000, "netTangibleAssets": -179300000}, {"maxAge": 1, "endDate": "2019-12-31", "totalStockholderEquity": -1686800000, "netTangibleAssets": -1686800000}, {"maxAge": 1, "endDate": "2019-09-30", "cash": 2400000, "netReceivables": 282400000, "inventory": 1287700000, "otherCurrentAssets": 44300000, "totalCurrentAssets": 1616800000, "propertyPlantEquipment": 1228200000, "otherAssets": 2478800000, "deferredLongTermAssetCharges": 2415200000, "totalAssets": 5323800000, "accountsPayable": 1409200000, "otherCurrentLiab": 3318800000, "longTermDebt": 2055800000, "otherLiab": 149600000, "totalCurrentLiabilities": 4805200000, "totalLiab": 7010600000, "commonStock": 198000000, "treasuryStock": -1884800000, "otherStockholderEquity": -1884800000, "totalStockholderEquity": -1686800000, "netTangibleAssets": -1686800000}], "maxAge": 86400}, "indexTrend": {"maxAge": 1, "symbol": "SP5", "peRatio": 19.7411, "pegRatio": 1.34172, "estimates": [{"period": "0q", "growth": 0.549}, {"period": "+1q", "growth": 0.431}, {"period": "0y", "growth": 0.305}, {"period": "+1y", "growth": 0.109}, {"period": "+5y", "growth": 0.120859005}, {"period": "-5y"}]}, "insiderTransactions": {"transactions": [{"maxAge": 1, "shares": 145000, "filerUrl": "", "transactionText": "", "filerName": "Shah (Rajendrabhai V)", "filerRelation": "Non Executive Chairman", "moneyText": "", "startDate": "2018-03-13", "ownership": "D"}, {"maxAge": 1, "shares": 40000, "filerUrl": "", "transactionText": "", "filerName": "Shah (Karan R)", "filerRelation": "UNREPORTED", "moneyText": "", "startDate": "2018-03-12", "ownership": "D"}, {"maxAge": 1, "shares": 40000, "filerUrl": "", "transactionText": "", "filerName": "Shah (Rajendrabhai V)", "filerRelation": "Non Executive Chairman", "moneyText": "", "startDate": "2018-03-12", "ownership": "D"}, {"maxAge": 1, "shares": 50000, "filerUrl": "", "transactionText": "", "filerName": "Shah (Rajendrabhai V)", "filerRelation": "Non Executive Chairman", "moneyText": "", "startDate": "2018-03-09", "ownership": "D"}, {"maxAge": 1, "shares": 55000, "filerUrl": "", "transactionText": "", "filerName": "Shah (Rajendrabhai V)", "filerRelation": "Non Executive Chairman", "moneyText": "", "startDate": "2018-03-05", "ownership": "D"}, {"maxAge": 1, "shares": 55000, "filerUrl": "", "transactionText": "", "filerName": "Shah (Rajendrabhai V)", "filerRelation": "Non Executive Chairman", "moneyText": "", "startDate": "2018-03-05", "ownership": "D"}, {"maxAge": 1, "shares": 47960, "filerUrl": "", "transactionText": "", "filerName": "Shah (Sangita P)", "filerRelation": "UNREPORTED", "moneyText": "", "startDate": "2017-11-07", "ownership": "D"}, {"maxAge": 1, "shares": 47000, "filerUrl": "", "transactionText": "", "filerName": "Shah (Prakash V)", "filerRelation": "Promoter", "moneyText": "", "startDate": "2017-11-02", "ownership": "D"}, {"maxAge": 1, "shares": 40000, "filerUrl": "", "transactionText": "", "filerName": "Shah (Karan R)", "filerRelation": "UNREPORTED", "moneyText": "", "startDate": "2011-09-20", "ownership": "D"}, {"maxAge": 1, "shares": 40000, "filerUrl": "", "transactionText": "", "filerName": "Shah (Lalitaben V)", "filerRelation": "Promoter", "moneyText": "", "startDate": "2011-09-20", "ownership": "D"}], "maxAge": 1}, "quoteType": {"exchange": "BSE", "quoteType": "EQUITY", "symbol": "SHAHALLOYS.BO", "underlyingSymbol": "SHAHALLOYS.BO", "shortName": "SHAH ALLOYS LTD.", "longName": "Shah Alloys Limited", "firstTradeDateEpochUtc": "2002-01-02 09:15:00", "timeZoneFullName": "Asia/Kolkata", "timeZoneShortName": "IST", "uuid": "fd0f83b5-43d2-3f84-9338-64e2e36391e2", "gmtOffSetMilliseconds": 19800000, "maxAge": 1}, "incomeStatementHistory": {"incomeStatementHistory": [{"maxAge": 1, "endDate": "2020-03-31", "totalRevenue": 4893400000, "costOfRevenue": 5025800000, "grossProfit": -132400000, "researchDevelopment": {}, "sellingGeneralAdministrative": 211200000, "nonRecurring": {}, "otherOperatingExpenses": 203800000, "totalOperatingExpenses": 5570600000, "operatingIncome": -677200000, "totalOtherIncomeExpenseNet": 817000000, "ebit": -677200000, "interestExpense": -4500000, "incomeBeforeTax": 139800000, "incomeTaxExpense": 284700000, "minorityInterest": {}, "netIncomeFromContinuingOps": -144900000, "discontinuedOperations": {}, "extraordinaryItems": {}, "effectOfAccountingCharges": {}, "otherItems": {}, "netIncome": -144900000, "netIncomeApplicableToCommonShares": -144900000}, {"maxAge": 1, "endDate": "2019-03-31", "totalRevenue": 5700225000, "costOfRevenue": 4028911000, "grossProfit": 1671314000, "researchDevelopment": {}, "sellingGeneralAdministrative": 201737000, "nonRecurring": {}, "otherOperatingExpenses": 1413876000, "totalOperatingExpenses": 5774599000, "operatingIncome": -74374000, "totalOtherIncomeExpenseNet": 17273000, "ebit": -74374000, "interestExpense": -1013000, "incomeBeforeTax": -57101000, "incomeTaxExpense": -132370000, "minorityInterest": {}, "netIncomeFromContinuingOps": 75269000, "discontinuedOperations": {}, "extraordinaryItems": {}, "effectOfAccountingCharges": {}, "otherItems": {}, "netIncome": 75269000, "netIncomeApplicableToCommonShares": 75269000}, {"maxAge": 1, "endDate": "2018-03-31", "totalRevenue": 4797883000, "costOfRevenue": 3476147000, "grossProfit": 1321736000, "researchDevelopment": {}, "sellingGeneralAdministrative": 181330000, "nonRecurring": {}, "otherOperatingExpenses": 1145839000, "totalOperatingExpenses": 4939746000, "operatingIncome": -141863000, "totalOtherIncomeExpenseNet": 1413217000, "ebit": -141863000, "interestExpense": -1313000, "incomeBeforeTax": 1271354000, "incomeTaxExpense": 850420000, "minorityInterest": {}, "netIncomeFromContinuingOps": 420934000, "discontinuedOperations": {}, "extraordinaryItems": {}, "effectOfAccountingCharges": {}, "otherItems": {}, "netIncome": 420934000, "netIncomeApplicableToCommonShares": 420934000}, {"maxAge": 1, "endDate": "2017-03-31", "totalRevenue": 3113811000, "costOfRevenue": 1780465000, "grossProfit": 1333346000, "researchDevelopment": {}, "sellingGeneralAdministrative": 122936000, "nonRecurring": {}, "otherOperatingExpenses": 1216329000, "totalOperatingExpenses": 3257161000, "operatingIncome": -143350000, "totalOtherIncomeExpenseNet": 609487000, "ebit": -143350000, "interestExpense": -143335000, "incomeBeforeTax": 466137000, "incomeTaxExpense": 101375000, "minorityInterest": {}, "netIncomeFromContinuingOps": 364762000, "discontinuedOperations": {}, "extraordinaryItems": {}, "effectOfAccountingCharges": {}, "otherItems": {}, "netIncome": 364762000, "netIncomeApplicableToCommonShares": 364762000}], "maxAge": 86400}, "fundOwnership": {"ownershipList": [], "maxAge": 1}, "summaryDetail": {"maxAge": 1, "priceHint": 2, "previousClose": 11.83, "open": 12.42, "dayLow": 12.42, "dayHigh": 12.42, "regularMarketPreviousClose": 11.83, "regularMarketOpen": 12.42, "regularMarketDayLow": 12.42, "regularMarketDayHigh": 12.42, "volume": 2650, "regularMarketVolume": 2650, "averageVolume": 1745, "averageVolume10days": 15, "averageDailyVolume10Day": 15, "bid": 12.42, "ask": 0.0, "bidSize": 0, "askSize": 0, "marketCap": 245884944, "fiftyTwoWeekLow": 4.51, "fiftyTwoWeekHigh": 12.96, "fiftyDayAverage": 10.149091, "twoHundredDayAverage": 7.9629197, "currency": "INR", "fromCurrency": null, "lastMarket": null, "algorithm": null, "tradeable": false}, "incomeStatementHistoryQuarterly": {"incomeStatementHistory": [{"maxAge": 1, "endDate": "2020-06-30", "totalRevenue": 331800000, "costOfRevenue": 283900000, "grossProfit": 47900000, "researchDevelopment": {}, "sellingGeneralAdministrative": 26400000, "nonRecurring": {}, "otherOperatingExpenses": 8900000, "totalOperatingExpenses": 351600000, "operatingIncome": -19800000, "totalOtherIncomeExpenseNet": 57200000, "ebit": -19800000, "interestExpense": -9300000, "incomeBeforeTax": 37400000, "incomeTaxExpense": -10100000, "minorityInterest": {}, "netIncomeFromContinuingOps": 47500000, "discontinuedOperations": {}, "extraordinaryItems": {}, "effectOfAccountingCharges": {}, "otherItems": {}, "netIncome": 47500000, "netIncomeApplicableToCommonShares": 47500000}, {"maxAge": 1, "endDate": "2020-03-31", "totalRevenue": 1175700000, "costOfRevenue": 1029200000, "grossProfit": 146500000, "researchDevelopment": {}, "sellingGeneralAdministrative": 45600000, "nonRecurring": {}, "otherOperatingExpenses": 59600000, "totalOperatingExpenses": 1166900000, "operatingIncome": 8800000, "totalOtherIncomeExpenseNet": -23200000, "ebit": 8800000, "interestExpense": -1100000, "incomeBeforeTax": -14400000, "incomeTaxExpense": 52200000, "minorityInterest": {}, "netIncomeFromContinuingOps": -66600000, "discontinuedOperations": {}, "extraordinaryItems": {}, "effectOfAccountingCharges": {}, "otherItems": {}, "netIncome": -66600000, "netIncomeApplicableToCommonShares": -66600000}, {"maxAge": 1, "endDate": "2019-12-31", "totalRevenue": 1103800000, "costOfRevenue": 1433300000, "grossProfit": -329500000, "researchDevelopment": {}, "sellingGeneralAdministrative": 62800000, "nonRecurring": {}, "otherOperatingExpenses": 70100000, "totalOperatingExpenses": 1598600000, "operatingIncome": -494800000, "totalOtherIncomeExpenseNet": 903300000, "ebit": -494800000, "interestExpense": -500000, "incomeBeforeTax": 408500000, "incomeTaxExpense": 397600000, "minorityInterest": {}, "netIncomeFromContinuingOps": 10900000, "discontinuedOperations": {}, "extraordinaryItems": {}, "effectOfAccountingCharges": {}, "otherItems": {}, "netIncome": 10900000, "netIncomeApplicableToCommonShares": 10900000}, {"maxAge": 1, "endDate": "2019-09-30", "totalRevenue": 1198500000, "costOfRevenue": 1184400000, "grossProfit": 14100000, "researchDevelopment": {}, "sellingGeneralAdministrative": 51900000, "nonRecurring": {}, "otherOperatingExpenses": 39400000, "totalOperatingExpenses": 1308200000, "operatingIncome": -109700000, "totalOtherIncomeExpenseNet": -100000, "ebit": -109700000, "interestExpense": -1600000, "incomeBeforeTax": -109800000, "incomeTaxExpense": -54700000, "minorityInterest": {}, "netIncomeFromContinuingOps": -55100000, "discontinuedOperations": {}, "extraordinaryItems": {}, "effectOfAccountingCharges": {}, "otherItems": {}, "netIncome": -55100000, "netIncomeApplicableToCommonShares": -55100000}], "maxAge": 86400}, "cashflowStatementHistoryQuarterly": {"cashflowStatements": [{"maxAge": 1, "endDate": "2020-06-30", "netIncome": 47500000, "changeToLiabilities": 0}, {"maxAge": 1, "endDate": "2020-03-31", "netIncome": -66600000, "changeToLiabilities": 0}, {"maxAge": 1, "endDate": "2019-12-31", "netIncome": 10900000, "changeToLiabilities": 0}, {"maxAge": 1, "endDate": "2019-09-30", "netIncome": -55100000, "changeToLiabilities": 0}], "maxAge": 86400}, "insiderHolders": {"holders": [{"maxAge": 1, "name": "Shah (Karan R)", "relation": "UNREPORTED", "url": "", "transactionDescription": "Other", "latestTransDate": "2018-03-12", "positionDirect": 0, "positionDirectDate": "2018-03-12"}, {"maxAge": 1, "name": "Shah (Lalitaben V)", "relation": "Promoter", "url": "", "transactionDescription": "Sale", "latestTransDate": "2011-09-20", "positionDirect": 0, "positionDirectDate": "2011-09-20"}, {"maxAge": 1, "name": "Shah (Prakash V)", "relation": "Promoter", "url": "", "transactionDescription": "Other", "latestTransDate": "2017-11-02", "positionDirect": 0, "positionDirectDate": "2017-11-02"}, {"maxAge": 1, "name": "Shah (Rajendrabhai V)", "relation": "Non Executive Chairman", "url": "", "transactionDescription": "Sale", "latestTransDate": "2018-03-13", "positionDirect": 7912404, "positionDirectDate": "2018-03-13"}, {"maxAge": 1, "name": "Shah (Sangita P)", "relation": "UNREPORTED", "url": "", "transactionDescription": "Sale", "latestTransDate": "2017-11-07", "positionDirect": 0, "positionDirectDate": "2017-11-07"}], "maxAge": 1}, "calendarEvents": {"maxAge": 1, "earnings": {"earningsDate": []}}, "upgradeDowngradeHistory": {"history": [], "maxAge": 86400}, "price": {"maxAge": 1, "regularMarketChangePercent": 0.049873218, "regularMarketChange": 0.59000015, "regularMarketTime": "2021-04-30 14:26:39", "priceHint": 2, "regularMarketPrice": 12.42, "regularMarketDayHigh": 12.42, "regularMarketDayLow": 12.42, "regularMarketVolume": 2650, "averageDailyVolume10Day": 15, "averageDailyVolume3Month": 1745, "regularMarketPreviousClose": 11.83, "regularMarketSource": "FREE_REALTIME", "regularMarketOpen": 12.42, "exchange": "BSE", "exchangeName": "BSE", "exchangeDataDelayedBy": 0, "marketState": "CLOSED", "quoteType": "EQUITY", "symbol": "SHAHALLOYS.BO", "underlyingSymbol": null, "shortName": "SHAH ALLOYS LTD.", "longName": "Shah Alloys Limited", "currency": "INR", "quoteSourceName": "Delayed Quote", "currencySymbol": "\u20b9", "fromCurrency": null, "lastMarket": null, "marketCap": 245884944}, "balanceSheetHistory": {"balanceSheetStatements": [{"maxAge": 1, "endDate": "2020-03-31", "cash": 2400000, "netReceivables": 243200000, "inventory": 852900000, "otherCurrentAssets": 19600000, "totalCurrentAssets": 1118100000, "propertyPlantEquipment": 1152100000, "otherAssets": 2042900000, "deferredLongTermAssetCharges": 1964900000, "totalAssets": 4313100000, "accountsPayable": 1454100000, "otherCurrentLiab": 1070900000, "longTermDebt": 1702300000, "otherLiab": 174300000, "totalCurrentLiabilities": 2615800000, "totalLiab": 4492400000, "commonStock": 198000000, "treasuryStock": -377300000, "otherStockholderEquity": -377300000, "totalStockholderEquity": -179300000, "netTangibleAssets": -179300000}, {"maxAge": 1, "endDate": "2019-03-31", "cash": 3516000, "netReceivables": 286480000, "inventory": 1251081000, "otherCurrentAssets": 83258000, "totalCurrentAssets": 1624454000, "propertyPlantEquipment": 1281848000, "otherAssets": 2296688000, "deferredLongTermAssetCharges": 2250245000, "totalAssets": 5202990000, "accountsPayable": 1158914000, "shortLongTermDebt": 812932000, "otherCurrentLiab": 19570000, "longTermDebt": 1569173000, "otherLiab": 186394000, "totalCurrentLiabilities": 5105407000, "totalLiab": 6860974000, "commonStock": 197975000, "retainedEarnings": -6406837000, "treasuryStock": 4500617000, "capitalSurplus": 50261000, "otherStockholderEquity": 4500617000, "totalStockholderEquity": -1657984000, "netTangibleAssets": -1657984000}, {"maxAge": 1, "endDate": "2018-03-31", "cash": 10203000, "netReceivables": 44267000, "inventory": 844264000, "otherCurrentAssets": 75477000, "totalCurrentAssets": 991409000, "propertyPlantEquipment": 1395713000, "otherAssets": 2183568000, "deferredLongTermAssetCharges": 2118094000, "totalAssets": 4570690000, "accountsPayable": 502720000, "shortLongTermDebt": 244276000, "otherCurrentLiab": 62766000, "longTermDebt": 2382105000, "otherLiab": 190801000, "totalCurrentLiabilities": 3731445000, "totalLiab": 6304351000, "commonStock": 197975000, "retainedEarnings": -6482514000, "treasuryStock": 4500617000, "capitalSurplus": 50261000, "otherStockholderEquity": 4500617000, "totalStockholderEquity": -1733661000, "netTangibleAssets": -1733661000}, {"maxAge": 1, "endDate": "2017-03-31", "cash": 19256000, "netReceivables": 75593000, "inventory": 1167524000, "otherCurrentAssets": 52718000, "totalCurrentAssets": 1316008000, "propertyPlantEquipment": 1521708000, "otherAssets": 3444748000, "deferredLongTermAssetCharges": 3380443000, "totalAssets": 6282464000, "accountsPayable": 795365000, "shortLongTermDebt": 418639000, "otherCurrentLiab": 67022000, "longTermDebt": 2239744000, "otherLiab": 239933000, "totalCurrentLiabilities": 6555095000, "totalLiab": 9034772000, "commonStock": 197975000, "retainedEarnings": -6429779000, "treasuryStock": 3429235000, "capitalSurplus": 50261000, "otherStockholderEquity": 3429235000, "totalStockholderEquity": -2752308000, "netTangibleAssets": -2752308000}], "maxAge": 86400}, "financialData": {"maxAge": 86400, "currentPrice": 12.42, "recommendationKey": "none", "grossProfits": -132400000, "financialCurrency": "INR"}}}