{"SHAHFOOD.BO": {"cashflowStatementHistory": {"cashflowStatements": [{"maxAge": 1, "endDate": "2020-03-31", "netIncome": -17237950, "depreciation": 858735, "changeToNetincome": 1516649, "changeToAccountReceivables": 1779280, "changeToLiabilities": 0, "changeToInventory": 4591625, "changeToOperatingActivities": 3539559, "totalCashFromOperatingActivities": -4952102, "otherCashflowsFromInvestingActivities": 311863, "totalCashflowsFromInvestingActivities": 537639, "otherCashflowsFromFinancingActivities": -49854, "totalCashFromFinancingActivities": -49854, "changeInCash": -4464316}, {"maxAge": 1, "endDate": "2019-03-31", "netIncome": 1169737, "depreciation": 1607098, "changeToNetincome": -612101, "changeToAccountReceivables": -280926, "changeToLiabilities": 0, "changeToInventory": -1054396, "changeToOperatingActivities": -1429217, "totalCashFromOperatingActivities": -599805, "capitalExpenditures": -883661, "otherCashflowsFromInvestingActivities": 599978, "totalCashflowsFromInvestingActivities": -1558917, "dividendsPaid": -662472, "otherCashflowsFromFinancingActivities": -179053, "totalCashFromFinancingActivities": -841525, "changeInCash": -3000247}, {"maxAge": 1, "endDate": "2018-03-31", "netIncome": 1228558, "depreciation": 1408003, "changeToNetincome": -656677, "changeToAccountReceivables": -2011961, "changeToLiabilities": 0, "changeToInventory": 1166031, "changeToOperatingActivities": 5425183, "totalCashFromOperatingActivities": 6559137, "capitalExpenditures": -1239464, "otherCashflowsFromInvestingActivities": 646652, "totalCashflowsFromInvestingActivities": -592812, "dividendsPaid": -597500, "otherCashflowsFromFinancingActivities": -179711, "totalCashFromFinancingActivities": -777211, "changeInCash": 5189114}, {"maxAge": 1, "endDate": "2017-03-31", "netIncome": 5063196, "depreciation": 1464465, "changeToNetincome": -317309, "changeToAccountReceivables": -2011961, "changeToLiabilities": 0, "changeToInventory": -876824, "changeToOperatingActivities": -6193446, "totalCashFromOperatingActivities": -859918, "capitalExpenditures": -958066, "investments": 6000, "otherCashflowsFromInvestingActivities": 534775, "totalCashflowsFromInvestingActivities": -417291, "dividendsPaid": -49509, "netBorrowings": -148038, "otherCashflowsFromFinancingActivities": -142313, "totalCashFromFinancingActivities": -339860, "changeInCash": -1617069}], "maxAge": 86400}, "institutionOwnership": {"ownershipList": [], "maxAge": 1}, "balanceSheetHistoryQuarterly": {"balanceSheetStatements": [{"maxAge": 1, "endDate": "2020-06-30", "totalStockholderEquity": 5797000, "netTangibleAssets": 5797000}, {"maxAge": 1, "endDate": "2020-03-31", "cash": 1793329, "netReceivables": 5882861, "otherCurrentAssets": 5508913, "totalCurrentAssets": 13185103, "propertyPlantEquipment": 1131050, "otherAssets": 1804315, "totalAssets": 16120468, "otherCurrentLiab": 2258952, "otherLiab": 77711, "totalCurrentLiabilities": 10245453, "totalLiab": 10323164, "commonStock": 5975000, "retainedEarnings": -177696, "totalStockholderEquity": 5797304, "netTangibleAssets": 5797304}, {"maxAge": 1, "endDate": "2019-12-31", "totalStockholderEquity": 9936000, "netTangibleAssets": 9936000}, {"maxAge": 1, "endDate": "2019-09-30", "cash": 4992000, "netReceivables": 2145000, "inventory": 100000, "otherCurrentAssets": 4866000, "totalCurrentAssets": 12103000, "propertyPlantEquipment": 8360000, "totalAssets": 20463000, "accountsPayable": 129000, "otherCurrentLiab": 2022000, "longTermDebt": 8000000, "otherLiab": 376000, "totalCurrentLiabilities": 2151000, "totalLiab": 10527000, "commonStock": 5975000, "retainedEarnings": 3961000, "totalStockholderEquity": 9936000, "netTangibleAssets": 9936000}], "maxAge": 86400}, "indexTrend": {"maxAge": 1, "symbol": "SP5", "peRatio": 19.7411, "pegRatio": 1.34172, "estimates": [{"period": "0q", "growth": 0.549}, {"period": "+1q", "growth": 0.431}, {"period": "0y", "growth": 0.305}, {"period": "+1y", "growth": 0.109}, {"period": "+5y", "growth": 0.120859005}, {"period": "-5y"}]}, "insiderTransactions": {"transactions": [{"maxAge": 1, "shares": 500, "filerUrl": "", "transactionText": "", "filerName": "Shah (Nirav J.)", "filerRelation": "Promoter", "moneyText": "", "startDate": "2019-08-21", "ownership": "D"}, {"maxAge": 1, "shares": 501, "filerUrl": "", "transactionText": "", "filerName": "Shah (Nirav J.)", "filerRelation": "Promoter", "moneyText": "", "startDate": "2019-08-19", "ownership": "D"}, {"maxAge": 1, "shares": 1000, "filerUrl": "", "transactionText": "", "filerName": "Shah (Nirav J.)", "filerRelation": "Managing Director", "moneyText": "", "startDate": "2019-08-14", "ownership": "D"}, {"maxAge": 1, "shares": 1830, "filerUrl": "", "transactionText": "", "filerName": "Shah (Nirav J.)", "filerRelation": "Managing Director", "moneyText": "", "startDate": "2019-08-08", "ownership": "D"}, {"maxAge": 1, "shares": 1000, "filerUrl": "", "transactionText": "", "filerName": "Shah (Nirav J.)", "filerRelation": "Managing Director", "moneyText": "", "startDate": "2019-08-07", "ownership": "D"}, {"maxAge": 1, "shares": 843, "filerUrl": "", "transactionText": "", "filerName": "Shah (Nirav J.)", "filerRelation": "Managing Director", "moneyText": "", "startDate": "2019-08-01", "ownership": "D"}, {"maxAge": 1, "shares": 1000, "filerUrl": "", "transactionText": "", "filerName": "Shah (Nirav J.)", "filerRelation": "Managing Director", "moneyText": "", "startDate": "2019-07-30", "ownership": "D"}, {"maxAge": 1, "shares": 183, "filerUrl": "", "transactionText": "", "filerName": "Shah (Nirav J.)", "filerRelation": "Managing Director", "moneyText": "", "startDate": "2019-07-29", "ownership": "D"}, {"maxAge": 1, "shares": 350, "filerUrl": "", "transactionText": "", "filerName": "Shah (Nirav J.)", "filerRelation": "Managing Director", "moneyText": "", "startDate": "2019-07-26", "ownership": "D"}, {"maxAge": 1, "shares": 657, "filerUrl": "", "transactionText": "", "filerName": "Shah (Nirav J.)", "filerRelation": "Managing Director", "moneyText": "", "startDate": "2019-07-22", "ownership": "D"}, {"maxAge": 1, "shares": 59, "filerUrl": "", "transactionText": "", "filerName": "Shah (Nirav J.)", "filerRelation": "Managing Director", "moneyText": "", "startDate": "2019-07-18", "ownership": "D"}, {"maxAge": 1, "shares": 3, "filerUrl": "", "transactionText": "", "filerName": "Shah (Nirav J.)", "filerRelation": "Managing Director", "moneyText": "", "startDate": "2019-07-17", "ownership": "D"}, {"maxAge": 1, "shares": 93, "filerUrl": "", "transactionText": "", "filerName": "Shah (Nirav J.)", "filerRelation": "Managing Director", "moneyText": "", "startDate": "2019-07-16", "ownership": "D"}, {"maxAge": 1, "shares": 500, "filerUrl": "", "transactionText": "", "filerName": "Shah (Nirav J.)", "filerRelation": "Managing Director", "moneyText": "", "startDate": "2019-07-15", "ownership": "D"}, {"maxAge": 1, "shares": 200, "filerUrl": "", "transactionText": "", "filerName": "Shah (Nirav J.)", "filerRelation": "Managing Director", "moneyText": "", "startDate": "2019-07-11", "ownership": "D"}, {"maxAge": 1, "shares": 549, "filerUrl": "", "transactionText": "", "filerName": "Shah (Nirav J.)", "filerRelation": "Managing Director", "moneyText": "", "startDate": "2019-07-09", "ownership": "D"}, {"maxAge": 1, "shares": 585, "filerUrl": "", "transactionText": "", "filerName": "Shah (Nirav J.)", "filerRelation": "Managing Director", "moneyText": "", "startDate": "2019-06-20", "ownership": "D"}, {"maxAge": 1, "shares": 450, "filerUrl": "", "transactionText": "", "filerName": "Shah (Nirav J.)", "filerRelation": "Director", "moneyText": "", "startDate": "2019-06-18", "ownership": "D"}, {"maxAge": 1, "shares": 1000, "filerUrl": "", "transactionText": "", "filerName": "Shah (Janak Panalal)", "filerRelation": "Vice Chairman", "moneyText": "", "startDate": "2018-11-22", "ownership": "D"}, {"maxAge": 1, "shares": 6100, "filerUrl": "", "transactionText": "", "filerName": "Shah (Karan Pradip)", "filerRelation": "Promoter", "moneyText": "", "startDate": "2016-12-30", "ownership": "D"}, {"maxAge": 1, "shares": 5250, "filerUrl": "", "transactionText": "", "filerName": "Shah (Janak Panalal)", "filerRelation": "Vice Chairman", "moneyText": "", "startDate": "2016-08-22", "ownership": "D"}, {"maxAge": 1, "shares": 1000, "filerUrl": "", "transactionText": "", "filerName": "Shah (Sudha)", "filerRelation": "Promoter", "moneyText": "", "startDate": "2016-05-06", "ownership": "D"}, {"maxAge": 1, "shares": 8000, "filerUrl": "", "transactionText": "", "filerName": "Shah (Nirav J.)", "filerRelation": "Director", "moneyText": "", "startDate": "2014-12-05", "ownership": "D"}, {"maxAge": 1, "shares": 3250, "filerUrl": "", "transactionText": "", "filerName": "Shah (Janak Panalal)", "filerRelation": "Vice Chairman", "moneyText": "", "startDate": "2013-07-22", "ownership": "D"}, {"maxAge": 1, "shares": 1722, "filerUrl": "", "transactionText": "", "filerName": "Shah (Janak Panalal)", "filerRelation": "Vice Chairman", "moneyText": "", "startDate": "2013-03-28", "ownership": "D"}, {"maxAge": 1, "shares": 1000, "filerUrl": "", "transactionText": "", "filerName": "Shah (Pushpa Janak)", "filerRelation": "Promoter", "moneyText": "", "startDate": "2013-03-28", "ownership": "D"}, {"maxAge": 1, "shares": 200, "filerUrl": "", "transactionText": "", "filerName": "Shah (Janak Panalal)", "filerRelation": "Vice Chairman", "moneyText": "", "startDate": "2012-08-16", "ownership": "D"}, {"maxAge": 1, "shares": 5, "filerUrl": "", "transactionText": "", "filerName": "Shah (Janak Panalal)", "filerRelation": "Vice Chairman", "moneyText": "", "startDate": "2012-08-08", "ownership": "D"}, {"maxAge": 1, "shares": 30, "filerUrl": "", "transactionText": "", "filerName": "Shah (Janak Panalal)", "filerRelation": "Vice Chairman", "moneyText": "", "startDate": "2012-08-06", "ownership": "D"}, {"maxAge": 1, "shares": 1, "filerUrl": "", "transactionText": "", "filerName": "Shah (Janak Panalal)", "filerRelation": "Vice Chairman", "moneyText": "", "startDate": "2012-08-01", "ownership": "D"}, {"maxAge": 1, "shares": 100, "filerUrl": "", "transactionText": "", "filerName": "Shah (Janak Panalal)", "filerRelation": "Vice Chairman", "moneyText": "", "startDate": "2012-07-31", "ownership": "D"}, {"maxAge": 1, "shares": 102, "filerUrl": "", "transactionText": "", "filerName": "Shah (Janak Panalal)", "filerRelation": "Vice Chairman", "moneyText": "", "startDate": "2012-07-23", "ownership": "D"}, {"maxAge": 1, "shares": 100, "filerUrl": "", "transactionText": "", "filerName": "Shah (Janak Panalal)", "filerRelation": "Vice Chairman", "moneyText": "", "startDate": "2012-07-19", "ownership": "D"}, {"maxAge": 1, "shares": 100, "filerUrl": "", "transactionText": "", "filerName": "Shah (Janak Panalal)", "filerRelation": "Vice Chairman", "moneyText": "", "startDate": "2012-07-13", "ownership": "D"}, {"maxAge": 1, "shares": 290, "filerUrl": "", "transactionText": "", "filerName": "Shah (Janak Panalal)", "filerRelation": "Vice Chairman", "moneyText": "", "startDate": "2012-07-12", "ownership": "D"}, {"maxAge": 1, "shares": 80, "filerUrl": "", "transactionText": "", "filerName": "Shah (Janak Panalal)", "filerRelation": "Vice Chairman", "moneyText": "", "startDate": "2012-07-06", "ownership": "D"}, {"maxAge": 1, "shares": 200, "filerUrl": "", "transactionText": "", "filerName": "Shah (Janak Panalal)", "filerRelation": "Vice Chairman", "moneyText": "", "startDate": "2012-07-04", "ownership": "D"}, {"maxAge": 1, "shares": 1586, "filerUrl": "", "transactionText": "", "filerName": "Shah (Janak Panalal)", "filerRelation": "Vice Chairman", "moneyText": "", "startDate": "2012-07-02", "ownership": "D"}], "maxAge": 1}, "quoteType": {"exchange": "BSE", "quoteType": "EQUITY", "symbol": "SHAHFOOD.BO", "underlyingSymbol": "SHAHFOOD.BO", "shortName": "SHAH FOODS LTD.", "longName": "Shah Foods Limited", "firstTradeDateEpochUtc": "2002-01-24 09:15:00", "timeZoneFullName": "Asia/Kolkata", "timeZoneShortName": "IST", "uuid": "73941254-9e25-3207-ac01-add0d8c27037", "gmtOffSetMilliseconds": 19800000, "maxAge": 1}, "incomeStatementHistory": {"incomeStatementHistory": [{"maxAge": 1, "endDate": "2020-03-31", "totalRevenue": 10083353, "costOfRevenue": 115600, "grossProfit": 9967753, "researchDevelopment": {}, "sellingGeneralAdministrative": 2822549, "nonRecurring": {}, "otherOperatingExpenses": 21746157, "totalOperatingExpenses": 25543041, "operatingIncome": -15459688, "totalOtherIncomeExpenseNet": -2075421, "ebit": -15459688, "interestExpense": -42614, "incomeBeforeTax": -17535109, "incomeTaxExpense": -297159, "minorityInterest": {}, "netIncomeFromContinuingOps": -17237950, "discontinuedOperations": {}, "extraordinaryItems": {}, "effectOfAccountingCharges": {}, "otherItems": {}, "netIncome": -17237950, "netIncomeApplicableToCommonShares": -17237950}, {"maxAge": 1, "endDate": "2019-03-31", "totalRevenue": 56985903, "costOfRevenue": 1025809, "grossProfit": 55960094, "researchDevelopment": {}, "sellingGeneralAdministrative": 7376520, "nonRecurring": {}, "otherOperatingExpenses": 45328861, "totalOperatingExpenses": 55338288, "operatingIncome": 1647615, "totalOtherIncomeExpenseNet": -57414, "ebit": 1647615, "interestExpense": -52507, "incomeBeforeTax": 1590201, "incomeTaxExpense": 420464, "minorityInterest": {}, "netIncomeFromContinuingOps": 1169737, "discontinuedOperations": {}, "extraordinaryItems": {}, "effectOfAccountingCharges": {}, "otherItems": {}, "netIncome": 1169737, "netIncomeApplicableToCommonShares": 1169737}, {"maxAge": 1, "endDate": "2018-03-31", "totalRevenue": 54605700, "costOfRevenue": 2067080, "grossProfit": 52538620, "researchDevelopment": {}, "sellingGeneralAdministrative": 6184937, "nonRecurring": {}, "otherOperatingExpenses": 43247786, "totalOperatingExpenses": 52907806, "operatingIncome": 1697894, "totalOtherIncomeExpenseNet": -58071, "ebit": 1697894, "interestExpense": -19452, "incomeBeforeTax": 1639823, "incomeTaxExpense": 411265, "minorityInterest": {}, "netIncomeFromContinuingOps": 1228558, "discontinuedOperations": {}, "extraordinaryItems": {}, "effectOfAccountingCharges": {}, "otherItems": {}, "netIncome": 1228558, "netIncomeApplicableToCommonShares": 1228558}, {"maxAge": 1, "endDate": "2017-03-31", "totalRevenue": 54519084, "costOfRevenue": 0, "grossProfit": 54519084, "researchDevelopment": {}, "sellingGeneralAdministrative": 5526911, "nonRecurring": {}, "otherOperatingExpenses": 40374203, "totalOperatingExpenses": 47365579, "operatingIncome": 7153505, "totalOtherIncomeExpenseNet": -110120, "ebit": 7153505, "interestExpense": -55546, "incomeBeforeTax": 7043385, "incomeTaxExpense": 1980189, "minorityInterest": {}, "netIncomeFromContinuingOps": 5063196, "discontinuedOperations": {}, "extraordinaryItems": {}, "effectOfAccountingCharges": {}, "otherItems": {}, "netIncome": 5063196, "netIncomeApplicableToCommonShares": 5063196}], "maxAge": 86400}, "fundOwnership": {"ownershipList": [], "maxAge": 1}, "summaryDetail": {"maxAge": 1, "priceHint": 2, "previousClose": 22.9, "open": 22.9, "dayLow": 22.9, "dayHigh": 22.9, "regularMarketPreviousClose": 22.9, "regularMarketOpen": 22.9, "regularMarketDayLow": 22.9, "regularMarketDayHigh": 22.9, "volume": 30, "regularMarketVolume": 30, "averageVolume": 111, "averageVolume10days": 3, "averageDailyVolume10Day": 3, "bid": 22.9, "ask": 0.0, "bidSize": 0, "askSize": 0, "marketCap": 13682750, "fiftyTwoWeekLow": 16.0, "fiftyTwoWeekHigh": 38.0, "priceToSalesTrailing12Months": {}, "fiftyDayAverage": 30.554546, "twoHundredDayAverage": 21.349634, "trailingAnnualDividendRate": 1.0, "trailingAnnualDividendYield": 0.043668125, "navPrice": {}, "currency": "INR", "fromCurrency": null, "lastMarket": null, "volume24Hr": {}, "volumeAllCurrencies": {}, "circulatingSupply": {}, "algorithm": null, "maxSupply": {}, "startDate": {}, "tradeable": false}, "incomeStatementHistoryQuarterly": {"incomeStatementHistory": [{"maxAge": 1, "endDate": "2020-06-30", "totalRevenue": 85000, "costOfRevenue": 0, "grossProfit": 85000, "researchDevelopment": {}, "sellingGeneralAdministrative": 406000, "nonRecurring": {}, "otherOperatingExpenses": 470000, "totalOperatingExpenses": 995000, "operatingIncome": -910000, "totalOtherIncomeExpenseNet": -20000, "ebit": -910000, "interestExpense": -20000, "incomeBeforeTax": -930000, "incomeTaxExpense": -149000, "minorityInterest": {}, "netIncomeFromContinuingOps": -781000, "discontinuedOperations": {}, "extraordinaryItems": {}, "effectOfAccountingCharges": {}, "otherItems": {}, "netIncome": -781000, "netIncomeApplicableToCommonShares": -781000}, {"maxAge": 1, "endDate": "2020-03-31", "totalRevenue": 43353, "costOfRevenue": -483400, "grossProfit": 526753, "researchDevelopment": {}, "sellingGeneralAdministrative": 440549, "nonRecurring": {}, "otherOperatingExpenses": -98843, "totalOperatingExpenses": -184959, "operatingIncome": 228312, "totalOtherIncomeExpenseNet": -2085421, "ebit": 228312, "interestExpense": -42614, "incomeBeforeTax": -1857109, "incomeTaxExpense": -297159, "minorityInterest": {}, "netIncomeFromContinuingOps": -1559950, "discontinuedOperations": {}, "extraordinaryItems": {}, "effectOfAccountingCharges": {}, "otherItems": {}, "netIncome": -1559950, "netIncomeApplicableToCommonShares": -1559950}, {"maxAge": 1, "endDate": "2019-12-31", "totalRevenue": -94000, "costOfRevenue": 0, "grossProfit": -94000, "researchDevelopment": {}, "sellingGeneralAdministrative": 530000, "nonRecurring": {}, "otherOperatingExpenses": 1652000, "totalOperatingExpenses": 2483000, "operatingIncome": -2577000, "totalOtherIncomeExpenseNet": -2000, "ebit": -2577000, "interestExpense": -2000, "incomeBeforeTax": -2579000, "incomeTaxExpense": 0, "minorityInterest": {}, "netIncomeFromContinuingOps": -2579000, "discontinuedOperations": {}, "extraordinaryItems": {}, "effectOfAccountingCharges": {}, "otherItems": {}, "netIncome": -2579000, "netIncomeApplicableToCommonShares": -2579000}, {"maxAge": 1, "endDate": "2019-09-30", "totalRevenue": 130000, "costOfRevenue": 0, "grossProfit": 130000, "researchDevelopment": {}, "sellingGeneralAdministrative": 477000, "nonRecurring": {}, "otherOperatingExpenses": 6969000, "totalOperatingExpenses": 7714000, "operatingIncome": -7584000, "totalOtherIncomeExpenseNet": 44000, "ebit": -7584000, "interestExpense": -2000, "incomeBeforeTax": -7540000, "incomeTaxExpense": 0, "minorityInterest": {}, "netIncomeFromContinuingOps": -7540000, "discontinuedOperations": {}, "extraordinaryItems": {}, "effectOfAccountingCharges": {}, "otherItems": {}, "netIncome": -7540000, "netIncomeApplicableToCommonShares": -7540000}], "maxAge": 86400}, "cashflowStatementHistoryQuarterly": {"cashflowStatements": [{"maxAge": 1, "endDate": "2020-06-30", "netIncome": -781000, "changeToLiabilities": 0}, {"maxAge": 1, "endDate": "2020-03-31", "netIncome": -1559950, "changeToLiabilities": 0}, {"maxAge": 1, "endDate": "2019-12-31", "netIncome": -2579000, "changeToLiabilities": 0}, {"maxAge": 1, "endDate": "2019-09-30", "netIncome": -7540000, "changeToLiabilities": 0}], "maxAge": 86400}, "insiderHolders": {"holders": [{"maxAge": 1, "name": "Shah (Janak Panalal)", "relation": "Vice Chairman", "url": "", "transactionDescription": "Purchase", "latestTransDate": "2018-11-22", "positionDirectDate": "2018-11-22"}, {"maxAge": 1, "name": "Shah (Karan Pradip)", "relation": "Promoter", "url": "", "transactionDescription": "Acquisition", "latestTransDate": "2016-12-30", "positionDirect": 12200, "positionDirectDate": "2016-12-30"}, {"maxAge": 1, "name": "Shah (Nirav J.)", "relation": "Promoter", "url": "", "transactionDescription": "Acquisition", "latestTransDate": "2019-08-21", "positionDirect": 27382, "positionDirectDate": "2019-08-21"}, {"maxAge": 1, "name": "Shah (Pushpa Janak)", "relation": "Promoter", "url": "", "transactionDescription": "Acquisition", "latestTransDate": "2013-03-28", "positionDirect": 8100, "positionDirectDate": "2013-03-28"}, {"maxAge": 1, "name": "Shah (Sudha)", "relation": "Promoter", "url": "", "transactionDescription": "Purchase", "latestTransDate": "2016-05-06", "positionDirect": 25000, "positionDirectDate": "2016-05-06"}], "maxAge": 1}, "calendarEvents": {"maxAge": 1, "earnings": {"earningsDate": []}}, "upgradeDowngradeHistory": {"history": [], "maxAge": 86400}, "price": {"maxAge": 1, "regularMarketChangePercent": 0.0, "regularMarketChange": 0.0, "regularMarketTime": "2021-04-30 12:16:57", "priceHint": 2, "regularMarketPrice": 22.9, "regularMarketDayHigh": 22.9, "regularMarketDayLow": 22.9, "regularMarketVolume": 30, "averageDailyVolume10Day": 3, "averageDailyVolume3Month": 111, "regularMarketPreviousClose": 22.9, "regularMarketSource": "FREE_REALTIME", "regularMarketOpen": 22.9, "exchange": "BSE", "exchangeName": "BSE", "exchangeDataDelayedBy": 0, "marketState": "CLOSED", "quoteType": "EQUITY", "symbol": "SHAHFOOD.BO", "underlyingSymbol": null, "shortName": "SHAH FOODS LTD.", "longName": "Shah Foods Limited", "currency": "INR", "quoteSourceName": "Delayed Quote", "currencySymbol": "\u20b9", "fromCurrency": null, "lastMarket": null, "marketCap": 13682750}, "balanceSheetHistory": {"balanceSheetStatements": [{"maxAge": 1, "endDate": "2020-03-31", "cash": 1793329, "netReceivables": 5882861, "otherCurrentAssets": 5508913, "totalCurrentAssets": 13185103, "propertyPlantEquipment": 1131050, "otherAssets": 1804315, "totalAssets": 16120468, "otherCurrentLiab": 2258952, "otherLiab": 77711, "totalCurrentLiabilities": 10245453, "totalLiab": 10323164, "commonStock": 5975000, "retainedEarnings": -177696, "totalStockholderEquity": 5797304, "netTangibleAssets": 5797304}, {"maxAge": 1, "endDate": "2019-03-31", "cash": 6257646, "netReceivables": 6449810, "inventory": 53075, "totalCurrentAssets": 17299081, "propertyPlantEquipment": 9648516, "otherAssets": 1956091, "totalAssets": 28903688, "otherCurrentLiab": 5040299, "otherLiab": 374870, "totalCurrentLiabilities": 5493564, "totalLiab": 5868434, "commonStock": 5975000, "retainedEarnings": 17060254, "totalStockholderEquity": 23035254, "netTangibleAssets": 23035254}, {"maxAge": 1, "endDate": "2018-03-31", "cash": 9257892, "netReceivables": 4534615, "inventory": 53075, "totalCurrentAssets": 17329736, "propertyPlantEquipment": 10371953, "otherAssets": 680857, "totalAssets": 28382546, "otherCurrentLiab": 4663190, "otherLiab": 509378, "totalCurrentLiabilities": 5288512, "totalLiab": 5797890, "commonStock": 5975000, "retainedEarnings": 16609656, "totalStockholderEquity": 22584656, "netTangibleAssets": 22584656}, {"maxAge": 1, "endDate": "2017-03-31", "cash": 4068778, "netReceivables": 6588502, "inventory": 53075, "otherCurrentAssets": 65955, "totalCurrentAssets": 15426495, "propertyPlantEquipment": 10540492, "otherAssets": 680856, "totalAssets": 26647843, "otherCurrentLiab": 3585167, "otherLiab": 577475, "totalCurrentLiabilities": 3995131, "totalLiab": 4572606, "commonStock": 5975000, "retainedEarnings": 16100237, "totalStockholderEquity": 22075237, "netTangibleAssets": 22075237}], "maxAge": 86400}, "financialData": {"maxAge": 86400, "currentPrice": 22.9, "recommendationKey": "none", "grossProfits": 9967753, "financialCurrency": "INR"}}}