{"SHAHALLOYS.NS": {"assetProfile": {"address1": "Shah Alloys Corporate House", "address2": "Sola-Kalol Road Santej Ta. Kalol", "city": "Gandhinagar", "zip": "382721", "country": "India", "phone": "91 27 6466 1100", "website": "http://www.shahalloys.com", "industry": "Steel", "sector": "Basic Materials", "longBusinessSummary": "Shah Alloys Limited manufactures and sells flat and long stainless steel, alloy and special steel, carbon/mild steel, and armor steel products in India. It offers hot rolled coils, hot rolled sheets/plates, cold rolled coils and sheets, hot rolled round bars, bright round bars, peeled bars, and hot rolled flat bars, as well as angles, beams, flats, slabs, billets, etc. The company also exports its products to approximately 50 countries. Shah Alloys Limited was founded in 1990 and is based in Gandhinagar, India.", "fullTimeEmployees": 606, "companyOfficers": [{"maxAge": 1, "name": "Mr. Ashok A. Sharma", "age": 64, "title": "CFO & Whole-Time Director", "yearBorn": 1956, "fiscalYear": 2020, "totalPay": 1200000, "exercisedValue": 0, "unexercisedValue": 0}, {"maxAge": 1, "name": "Mr. Vinay Kumar Mishra", "title": "Company Sec. & Compliance Officer", "fiscalYear": 2020, "totalPay": 697721, "exercisedValue": 0, "unexercisedValue": 0}, {"maxAge": 1, "name": "Mr. Sankatha Prasad Mishra", "title": "Joint Chief Exec. Officer of Steel Melting Unit", "exercisedValue": 0, "unexercisedValue": 0}, {"maxAge": 1, "name": "Mr. Madhu Soodan Kalla", "title": "Joint Chief Exec. Officer of Hot Rolling Mill", "exercisedValue": 0, "unexercisedValue": 0}, {"maxAge": 1, "name": "Mr. Jai Prakash Goyal", "age": 62, "title": "Joint Chief Exec. Officer of Electronics & Instrumentation", "yearBorn": 1958, "exercisedValue": 0, "unexercisedValue": 0}], "compensationAsOfEpochDate": "2020-12-31 05:30:00", "maxAge": 86400}, "cashflowStatementHistory": {"cashflowStatements": [{"maxAge": 1, "endDate": "2020-03-31", "netIncome": -46535000, "depreciation": 129791000, "changeToNetincome": 257821000, "changeToAccountReceivables": 107070000, "changeToLiabilities": 363107000, "changeToInventory": 398162000, "totalCashFromOperatingActivities": 1209416000, "otherCashflowsFromInvestingActivities": 1853000, "totalCashflowsFromInvestingActivities": 1853000, "netBorrowings": -1207870000, "otherCashflowsFromFinancingActivities": -4540000, "totalCashFromFinancingActivities": -1212410000, "changeInCash": -1141000}, {"maxAge": 1, "endDate": "2019-03-31", "netIncome": 75268000, "depreciation": 130075000, "changeToNetincome": -113416000, "changeToAccountReceivables": -232915000, "changeToLiabilities": 690305000, "changeToInventory": -406817000, "totalCashFromOperatingActivities": 142500000, "capitalExpenditures": -16282000, "otherCashflowsFromInvestingActivities": 1724000, "totalCashflowsFromInvestingActivities": -14493000, "netBorrowings": -133681000, "otherCashflowsFromFinancingActivities": -1013000, "totalCashFromFinancingActivities": -134694000, "changeInCash": -6687000}, {"maxAge": 1, "endDate": "2018-03-31", "netIncome": 420934000, "depreciation": 136430000, "changeToNetincome": 782918000, "changeToAccountReceivables": -4283000, "changeToLiabilities": -418322000, "changeToInventory": 323260000, "totalCashFromOperatingActivities": 1240937000, "capitalExpenditures": -10435000, "otherCashflowsFromInvestingActivities": 1513000, "totalCashflowsFromInvestingActivities": -8922000, "netBorrowings": -1239755000, "otherCashflowsFromFinancingActivities": -1313000, "totalCashFromFinancingActivities": -1241068000, "changeInCash": -9053000}, {"maxAge": 1, "endDate": "2017-03-31", "netIncome": 364762000, "depreciation": 137431000, "changeToNetincome": 234674000, "changeToAccountReceivables": 81285000, "changeToLiabilities": 305196000, "changeToInventory": -343200000, "totalCashFromOperatingActivities": 780148000, "capitalExpenditures": -10435000, "otherCashflowsFromInvestingActivities": 3957000, "totalCashflowsFromInvestingActivities": 4427000, "netBorrowings": -652525000, "otherCashflowsFromFinancingActivities": -143335000, "totalCashFromFinancingActivities": -795860000, "changeInCash": -11285000}], "maxAge": 86400}, "institutionOwnership": {"ownershipList": [], "maxAge": 1}, "majorHoldersBreakdown": {"maxAge": 1, "insidersPercentHeld": 0.68321997, "institutionsPercentHeld": 0.0, "institutionsFloatPercentHeld": 0.0, "institutionsCount": 0}, "balanceSheetHistoryQuarterly": {"balanceSheetStatements": [{"maxAge": 1, "endDate": "2020-12-31", "totalStockholderEquity": -212300000, "netTangibleAssets": -212300000}, {"maxAge": 1, "endDate": "2020-09-30", "cash": 2400000, "netReceivables": 161600000, "inventory": 796000000, "otherCurrentAssets": 38800000, "totalCurrentAssets": 998800000, "propertyPlantEquipment": 1087200000, "otherAssets": 2061900000, "deferredLongTermAssetCharges": 1982600000, "totalAssets": 4147900000, "accountsPayable": 1334800000, "shortLongTermDebt": 1064500000, "otherCurrentLiab": 116400000, "longTermDebt": 1557300000, "otherLiab": 193700000, "totalCurrentLiabilities": 2609200000, "totalLiab": 4360200000, "commonStock": 198000000, "treasuryStock": -410300000, "otherStockholderEquity": -410300000, "totalStockholderEquity": -212300000, "netTangibleAssets": -212300000}, {"maxAge": 1, "endDate": "2020-06-30", "totalStockholderEquity": -179300000, "netTangibleAssets": -179300000}, {"maxAge": 1, "endDate": "2020-03-31", "cash": 2375000, "netReceivables": 243195000, "inventory": 852919000, "otherCurrentAssets": 19491000, "totalCurrentAssets": 1118081000, "propertyPlantEquipment": 1152057000, "otherAssets": 2042897000, "deferredLongTermAssetCharges": 1964853000, "totalAssets": 4313035000, "accountsPayable": 1454145000, "shortLongTermDebt": 383500000, "otherCurrentLiab": 25921000, "longTermDebt": 1702323000, "otherLiab": 174308000, "totalCurrentLiabilities": 2615791000, "totalLiab": 4492422000, "commonStock": 197975000, "retainedEarnings": -5912029000, "treasuryStock": 5484406000, "capitalSurplus": 50261000, "otherStockholderEquity": 5484406000, "totalStockholderEquity": -179387000, "netTangibleAssets": -179387000}], "maxAge": 86400}, "indexTrend": {"maxAge": 1, "symbol": "SP5", "peRatio": 19.7411, "pegRatio": 1.34172, "estimates": [{"period": "0q", "growth": 0.549}, {"period": "+1q", "growth": 0.431}, {"period": "0y", "growth": 0.305}, {"period": "+1y", "growth": 0.109}, {"period": "+5y", "growth": 0.120865}, {"period": "-5y"}]}, "defaultKeyStatistics": {"maxAge": 1, "priceHint": 2, "enterpriseValue": 2921324800, "profitMargins": -0.04976, "floatShares": 7077162, "sharesOutstanding": 19797500, "heldPercentInsiders": 0.68321997, "heldPercentInstitutions": 0.0, "beta": 0.983097, "category": null, "bookValue": -9.061, "fundFamily": null, "legalType": null, "lastFiscalYearEnd": "2020-03-31 05:30:00", "nextFiscalYearEnd": "2022-03-31 05:30:00", "mostRecentQuarter": "2020-12-31 05:30:00", "netIncomeToCommon": -216835008, "trailingEps": -21.765, "lastSplitFactor": "2:1", "lastSplitDate": "2006-02-13 05:30:00", "enterpriseToRevenue": 0.67, "enterpriseToEbitda": 15.844}, "summaryProfile": {"address1": "Shah Alloys Corporate House", "address2": "Sola-Kalol Road Santej Ta. Kalol", "city": "Gandhinagar", "zip": "382721", "country": "India", "phone": "91 27 6466 1100", "website": "http://www.shahalloys.com", "industry": "Steel", "sector": "Basic Materials", "longBusinessSummary": "Shah Alloys Limited manufactures and sells flat and long stainless steel, alloy and special steel, carbon/mild steel, and armor steel products in India. It offers hot rolled coils, hot rolled sheets/plates, cold rolled coils and sheets, hot rolled round bars, bright round bars, peeled bars, and hot rolled flat bars, as well as angles, beams, flats, slabs, billets, etc. The company also exports its products to approximately 50 countries. Shah Alloys Limited was founded in 1990 and is based in Gandhinagar, India.", "fullTimeEmployees": 606, "companyOfficers": [], "maxAge": 86400}, "netSharePurchaseActivity": {"maxAge": 1, "period": "6m", "buyInfoCount": 0, "buyInfoShares": 0, "sellInfoCount": 0, "netInfoCount": 0, "netInfoShares": 0, "netPercentInsiderShares": 0.0, "totalInsiderShares": 15929036}, "insiderTransactions": {"transactions": [{"maxAge": 1, "shares": 145000, "filerUrl": "", "transactionText": "", "filerName": "Shah (Rajendrabhai V)", "filerRelation": "Non Executive Chairman", "moneyText": "", "startDate": "2018-03-13", "ownership": "D"}, {"maxAge": 1, "shares": 40000, "filerUrl": "", "transactionText": "", "filerName": "Shah (Rajendrabhai V)", "filerRelation": "Non Executive Chairman", "moneyText": "", "startDate": "2018-03-12", "ownership": "D"}, {"maxAge": 1, "shares": 40000, "filerUrl": "", "transactionText": "", "filerName": "Shah (Karan R)", "filerRelation": "UNREPORTED", "moneyText": "", "startDate": "2018-03-12", "ownership": "D"}, {"maxAge": 1, "shares": 50000, "filerUrl": "", "transactionText": "", "filerName": "Shah (Rajendrabhai V)", "filerRelation": "Non Executive Chairman", "moneyText": "", "startDate": "2018-03-09", "ownership": "D"}, {"maxAge": 1, "shares": 55000, "filerUrl": "", "transactionText": "", "filerName": "Shah (Rajendrabhai V)", "filerRelation": "Non Executive Chairman", "moneyText": "", "startDate": "2018-03-05", "ownership": "D"}, {"maxAge": 1, "shares": 55000, "filerUrl": "", "transactionText": "", "filerName": "Shah (Rajendrabhai V)", "filerRelation": "Non Executive Chairman", "moneyText": "", "startDate": "2018-03-05", "ownership": "D"}, {"maxAge": 1, "shares": 47960, "filerUrl": "", "transactionText": "", "filerName": "Shah (Sangita P)", "filerRelation": "UNREPORTED", "moneyText": "", "startDate": "2017-11-07", "ownership": "D"}, {"maxAge": 1, "shares": 47000, "filerUrl": "", "transactionText": "", "filerName": "Shah (Prakash V)", "filerRelation": "Promoter", "moneyText": "", "startDate": "2017-11-02", "ownership": "D"}, {"maxAge": 1, "shares": 40000, "filerUrl": "", "transactionText": "", "filerName": "Shah (Lalitaben V)", "filerRelation": "Promoter", "moneyText": "", "startDate": "2011-09-20", "ownership": "D"}, {"maxAge": 1, "shares": 40000, "filerUrl": "", "transactionText": "", "filerName": "Shah (Karan R)", "filerRelation": "UNREPORTED", "moneyText": "", "startDate": "2011-09-20", "ownership": "D"}], "maxAge": 1}, "quoteType": {"exchange": "NSI", "quoteType": "EQUITY", "symbol": "SHAHALLOYS.NS", "underlyingSymbol": "SHAHALLOYS.NS", "shortName": "SHAH ALLOYS", "longName": "Shah Alloys Limited", "firstTradeDateEpochUtc": "2005-06-16 09:15:00", "timeZoneFullName": "Asia/Kolkata", "timeZoneShortName": "IST", "uuid": "c148734a-4b47-3fbc-a4a9-01bd85565609", "gmtOffSetMilliseconds": 19800000, "maxAge": 1}, "incomeStatementHistory": {"incomeStatementHistory": [{"maxAge": 1, "endDate": "2020-03-31", "totalRevenue": 4893395000, "costOfRevenue": 3599298000, "grossProfit": 1294097000, "researchDevelopment": {}, "sellingGeneralAdministrative": 212123000, "nonRecurring": {}, "otherOperatingExpenses": 1638076000, "totalOperatingExpenses": 5579288000, "operatingIncome": -685893000, "totalOtherIncomeExpenseNet": 924029000, "ebit": -685893000, "interestExpense": -4540000, "incomeBeforeTax": 238136000, "incomeTaxExpense": 284671000, "minorityInterest": {}, "netIncomeFromContinuingOps": -46535000, "discontinuedOperations": {}, "extraordinaryItems": {}, "effectOfAccountingCharges": {}, "otherItems": {}, "netIncome": -46535000, "netIncomeApplicableToCommonShares": -46535000}, {"maxAge": 1, "endDate": "2019-03-31", "totalRevenue": 5700225000, "costOfRevenue": 4028911000, "grossProfit": 1671314000, "researchDevelopment": {}, "sellingGeneralAdministrative": 201737000, "nonRecurring": {}, "otherOperatingExpenses": 1413877000, "totalOperatingExpenses": 5774600000, "operatingIncome": -74375000, "totalOtherIncomeExpenseNet": 17273000, "ebit": -74375000, "interestExpense": -1013000, "incomeBeforeTax": -57102000, "incomeTaxExpense": -132370000, "minorityInterest": {}, "netIncomeFromContinuingOps": 75268000, "discontinuedOperations": {}, "extraordinaryItems": {}, "effectOfAccountingCharges": {}, "otherItems": {}, "netIncome": 75268000, "netIncomeApplicableToCommonShares": 75268000}, {"maxAge": 1, "endDate": "2018-03-31", "totalRevenue": 4797883000, "costOfRevenue": 3476147000, "grossProfit": 1321736000, "researchDevelopment": {}, "sellingGeneralAdministrative": 181330000, "nonRecurring": {}, "otherOperatingExpenses": 1145839000, "totalOperatingExpenses": 4939746000, "operatingIncome": -141863000, "totalOtherIncomeExpenseNet": 1413217000, "ebit": -141863000, "interestExpense": -1313000, "incomeBeforeTax": 1271354000, "incomeTaxExpense": 850420000, "minorityInterest": {}, "netIncomeFromContinuingOps": 420934000, "discontinuedOperations": {}, "extraordinaryItems": {}, "effectOfAccountingCharges": {}, "otherItems": {}, "netIncome": 420934000, "netIncomeApplicableToCommonShares": 420934000}, {"maxAge": 1, "endDate": "2017-03-31", "totalRevenue": 3113811000, "costOfRevenue": 1780465000, "grossProfit": 1333346000, "researchDevelopment": {}, "sellingGeneralAdministrative": 122936000, "nonRecurring": {}, "otherOperatingExpenses": 1216329000, "totalOperatingExpenses": 3257161000, "operatingIncome": -143350000, "totalOtherIncomeExpenseNet": 609487000, "ebit": -143350000, "interestExpense": -143335000, "incomeBeforeTax": 466137000, "incomeTaxExpense": 101375000, "minorityInterest": {}, "netIncomeFromContinuingOps": 364762000, "discontinuedOperations": {}, "extraordinaryItems": {}, "effectOfAccountingCharges": {}, "otherItems": {}, "netIncome": 364762000, "netIncomeApplicableToCommonShares": 364762000}], "maxAge": 86400}, "fundOwnership": {"ownershipList": [], "maxAge": 1}, "summaryDetail": {"maxAge": 1, "priceHint": 2, "previousClose": 12.95, "open": 12.5, "dayLow": 12.5, "dayHigh": 13.5, "regularMarketPreviousClose": 12.95, "regularMarketOpen": 12.5, "regularMarketDayLow": 12.5, "regularMarketDayHigh": 13.5, "exDividendDate": "2007-09-06 05:30:00", "payoutRatio": 0.0, "beta": 0.983097, "volume": 22651, "regularMarketVolume": 22651, "averageVolume": 4592, "averageVolume10days": 2588, "averageDailyVolume10Day": 2588, "bid": 0.0, "ask": 0.0, "bidSize": 0, "askSize": 0, "marketCap": 236917440, "fiftyTwoWeekLow": 4.5, "fiftyTwoWeekHigh": 13.5, "priceToSalesTrailing12Months": 0.05437135, "fiftyDayAverage": 8.068182, "twoHundredDayAverage": 8.180715, "currency": "INR", "fromCurrency": null, "lastMarket": null, "algorithm": null, "tradeable": false}, "incomeStatementHistoryQuarterly": {"incomeStatementHistory": [{"maxAge": 1, "endDate": "2020-12-31", "totalRevenue": 1747200000, "costOfRevenue": 1601400000, "grossProfit": 145800000, "researchDevelopment": {}, "sellingGeneralAdministrative": 43200000, "nonRecurring": {}, "otherOperatingExpenses": 49500000, "totalOperatingExpenses": 1726600000, "operatingIncome": 20600000, "totalOtherIncomeExpenseNet": -6400000, "ebit": 20600000, "interestExpense": -6400000, "incomeBeforeTax": 14200000, "incomeTaxExpense": 305400000, "minorityInterest": {}, "netIncomeFromContinuingOps": -291200000, "discontinuedOperations": {}, "extraordinaryItems": {}, "effectOfAccountingCharges": {}, "otherItems": {}, "netIncome": -291200000, "netIncomeApplicableToCommonShares": -291200000}, {"maxAge": 1, "endDate": "2020-09-30", "totalRevenue": 1102700000, "costOfRevenue": 985700000, "grossProfit": 117000000, "researchDevelopment": {}, "sellingGeneralAdministrative": 67900000, "nonRecurring": {}, "otherOperatingExpenses": 39000000, "totalOperatingExpenses": 1125000000, "operatingIncome": -22300000, "totalOtherIncomeExpenseNet": -300000, "ebit": -22300000, "interestExpense": -300000, "incomeBeforeTax": -22600000, "incomeTaxExpense": -8000000, "minorityInterest": {}, "netIncomeFromContinuingOps": -14600000, "discontinuedOperations": {}, "extraordinaryItems": {}, "effectOfAccountingCharges": {}, "otherItems": {}, "netIncome": -14600000, "netIncomeApplicableToCommonShares": -14600000}, {"maxAge": 1, "endDate": "2020-06-30", "totalRevenue": 331800000, "costOfRevenue": 283900000, "grossProfit": 47900000, "researchDevelopment": {}, "sellingGeneralAdministrative": 26400000, "nonRecurring": {}, "otherOperatingExpenses": 8900000, "totalOperatingExpenses": 351600000, "operatingIncome": -19800000, "totalOtherIncomeExpenseNet": 57200000, "ebit": -19800000, "interestExpense": -9300000, "incomeBeforeTax": 37400000, "incomeTaxExpense": -10100000, "minorityInterest": {}, "netIncomeFromContinuingOps": 47500000, "discontinuedOperations": {}, "extraordinaryItems": {}, "effectOfAccountingCharges": {}, "otherItems": {}, "netIncome": 47500000, "netIncomeApplicableToCommonShares": 47500000}, {"maxAge": 1, "endDate": "2020-03-31", "totalRevenue": 1175695000, "costOfRevenue": -397302000, "grossProfit": 1572997000, "researchDevelopment": {}, "sellingGeneralAdministrative": 46523000, "nonRecurring": {}, "otherOperatingExpenses": 1493876000, "totalOperatingExpenses": 1175588000, "operatingIncome": 107000, "totalOtherIncomeExpenseNet": 83829000, "ebit": 107000, "interestExpense": -1140000, "incomeBeforeTax": 83936000, "incomeTaxExpense": 52171000, "minorityInterest": {}, "netIncomeFromContinuingOps": 31765000, "discontinuedOperations": {}, "extraordinaryItems": {}, "effectOfAccountingCharges": {}, "otherItems": {}, "netIncome": 31765000, "netIncomeApplicableToCommonShares": 31765000}], "maxAge": 86400}, "cashflowStatementHistoryQuarterly": {"cashflowStatements": [{"maxAge": 1, "endDate": "2020-12-31", "netIncome": -291200000, "changeToLiabilities": 0}, {"maxAge": 1, "endDate": "2020-09-30", "netIncome": -14600000, "changeToLiabilities": 0}, {"maxAge": 1, "endDate": "2020-06-30", "netIncome": 47500000, "changeToLiabilities": 0}, {"maxAge": 1, "endDate": "2020-03-31", "netIncome": 31765000, "changeToLiabilities": 0}], "maxAge": 86400}, "insiderHolders": {"holders": [{"maxAge": 1, "name": "Shah (Karan R)", "relation": "UNREPORTED", "url": "", "transactionDescription": "Other", "latestTransDate": "2018-03-12", "positionDirect": 0, "positionDirectDate": "2018-03-12"}, {"maxAge": 1, "name": "Shah (Lalitaben V)", "relation": "Promoter", "url": "", "transactionDescription": "Sale", "latestTransDate": "2011-09-20", "positionDirect": 0, "positionDirectDate": "2011-09-20"}, {"maxAge": 1, "name": "Shah (Prakash V)", "relation": "Promoter", "url": "", "transactionDescription": "Other", "latestTransDate": "2017-11-02", "positionDirect": 0, "positionDirectDate": "2017-11-02"}, {"maxAge": 1, "name": "Shah (Rajendrabhai V)", "relation": "Non Executive Chairman", "url": "", "transactionDescription": "Sale", "latestTransDate": "2018-03-13", "positionDirect": 7912404, "positionDirectDate": "2018-03-13"}, {"maxAge": 1, "name": "Shah (Sangita P)", "relation": "UNREPORTED", "url": "", "transactionDescription": "Sale", "latestTransDate": "2017-11-07", "positionDirect": 0, "positionDirectDate": "2017-11-07"}], "maxAge": 1}, "calendarEvents": {"maxAge": 1, "earnings": {"earningsDate": []}, "exDividendDate": "2007-09-06 05:30:00"}, "upgradeDowngradeHistory": {"history": [], "maxAge": 86400}, "price": {"maxAge": 1, "regularMarketChangePercent": 0.011583056, "regularMarketChange": 0.15000057, "regularMarketTime": "2021-04-30 15:28:48", "priceHint": 2, "regularMarketPrice": 13.1, "regularMarketDayHigh": 13.5, "regularMarketDayLow": 12.5, "regularMarketVolume": 22651, "averageDailyVolume10Day": 2588, "averageDailyVolume3Month": 4592, "regularMarketPreviousClose": 12.95, "regularMarketSource": "FREE_REALTIME", "regularMarketOpen": 12.5, "exchange": "NSI", "exchangeName": "NSE", "exchangeDataDelayedBy": 15, "marketState": "CLOSED", "quoteType": "EQUITY", "symbol": "SHAHALLOYS.NS", "underlyingSymbol": null, "shortName": "SHAH ALLOYS", "longName": "Shah Alloys Limited", "currency": "INR", "quoteSourceName": "Delayed Quote", "currencySymbol": "\u20b9", "fromCurrency": null, "lastMarket": null, "marketCap": 236917440}, "balanceSheetHistory": {"balanceSheetStatements": [{"maxAge": 1, "endDate": "2020-03-31", "cash": 2375000, "netReceivables": 243195000, "inventory": 852919000, "otherCurrentAssets": 19491000, "totalCurrentAssets": 1118081000, "propertyPlantEquipment": 1152057000, "otherAssets": 2042897000, "deferredLongTermAssetCharges": 1964853000, "totalAssets": 4313035000, "accountsPayable": 1454145000, "shortLongTermDebt": 383500000, "otherCurrentLiab": 25921000, "longTermDebt": 1702323000, "otherLiab": 174308000, "totalCurrentLiabilities": 2615791000, "totalLiab": 4492422000, "commonStock": 197975000, "retainedEarnings": -5912029000, "treasuryStock": 5484406000, "capitalSurplus": 50261000, "otherStockholderEquity": 5484406000, "totalStockholderEquity": -179387000, "netTangibleAssets": -179387000}, {"maxAge": 1, "endDate": "2019-03-31", "cash": 3516000, "netReceivables": 286480000, "inventory": 1251081000, "otherCurrentAssets": 83259000, "totalCurrentAssets": 1624454000, "propertyPlantEquipment": 1281848000, "otherAssets": 2296687000, "deferredLongTermAssetCharges": 2250245000, "totalAssets": 5202989000, "accountsPayable": 1158913000, "shortLongTermDebt": 812932000, "otherCurrentLiab": 19570000, "longTermDebt": 1569173000, "otherLiab": 186394000, "totalCurrentLiabilities": 5105405000, "totalLiab": 6860972000, "commonStock": 197975000, "retainedEarnings": -6406837000, "treasuryStock": 4500618000, "capitalSurplus": 50261000, "otherStockholderEquity": 4500618000, "totalStockholderEquity": -1657983000, "netTangibleAssets": -1657983000}, {"maxAge": 1, "endDate": "2018-03-31", "cash": 10203000, "netReceivables": 44267000, "inventory": 844264000, "otherCurrentAssets": 75477000, "totalCurrentAssets": 991409000, "propertyPlantEquipment": 1395713000, "otherAssets": 2183568000, "deferredLongTermAssetCharges": 2118094000, "totalAssets": 4570690000, "accountsPayable": 502720000, "shortLongTermDebt": 244276000, "otherCurrentLiab": 62766000, "longTermDebt": 2382105000, "otherLiab": 190801000, "totalCurrentLiabilities": 3731445000, "totalLiab": 6304351000, "commonStock": 197975000, "retainedEarnings": -6482514000, "treasuryStock": 4500617000, "capitalSurplus": 50261000, "otherStockholderEquity": 4500617000, "totalStockholderEquity": -1733661000, "netTangibleAssets": -1733661000}, {"maxAge": 1, "endDate": "2017-03-31", "cash": 19256000, "netReceivables": 75593000, "inventory": 1167524000, "otherCurrentAssets": 52718000, "totalCurrentAssets": 1316008000, "propertyPlantEquipment": 1521708000, "otherAssets": 3444748000, "deferredLongTermAssetCharges": 3380443000, "totalAssets": 6282464000, "accountsPayable": 795365000, "shortLongTermDebt": 418639000, "otherCurrentLiab": 67022000, "longTermDebt": 2239744000, "otherLiab": 239933000, "totalCurrentLiabilities": 6555095000, "totalLiab": 9034772000, "commonStock": 197975000, "retainedEarnings": -6429779000, "treasuryStock": 3429235000, "capitalSurplus": 50261000, "otherStockholderEquity": 3429235000, "totalStockholderEquity": -2752308000, "netTangibleAssets": -2752308000}], "maxAge": 86400}, "financialData": {"maxAge": 86400, "currentPrice": 13.1, "recommendationKey": "none", "totalCash": 2400000, "totalCashPerShare": 0.103, "ebitda": 184384992, "totalDebt": 2621799936, "totalRevenue": 4357394944, "revenuePerShare": 437.381, "grossProfits": 1294097000, "revenueGrowth": 0.583, "grossMargins": 0.4323, "ebitdaMargins": 0.04231, "operatingMargins": 0.01258, "profitMargins": -0.04976, "financialCurrency": "INR"}}}