{"SHAILY.BO": {"recommendationTrend": {"trend": [{"period": "0m", "strongBuy": 0, "buy": 0, "hold": 0, "sell": 0, "strongSell": 0}, {"period": "-1m", "strongBuy": 0, "buy": 0, "hold": 0, "sell": 0, "strongSell": 0}, {"period": "-2m", "strongBuy": 0, "buy": 0, "hold": 0, "sell": 0, "strongSell": 0}, {"period": "-3m", "strongBuy": 0, "buy": 0, "hold": 0, "sell": 0, "strongSell": 0}], "maxAge": 86400}, "cashflowStatementHistory": {"cashflowStatements": [{"maxAge": 1, "endDate": "2020-03-31", "netIncome": 235902000, "depreciation": 173253000, "changeToNetincome": 98846000, "changeToAccountReceivables": -18584000, "changeToLiabilities": 186637000, "changeToInventory": -65971000, "changeToOperatingActivities": 44239000, "totalCashFromOperatingActivities": 660001000, "capitalExpenditures": -541897000, "otherCashflowsFromInvestingActivities": -14146000, "totalCashflowsFromInvestingActivities": -638413000, "netBorrowings": 139112000, "otherCashflowsFromFinancingActivities": -96215000, "totalCashFromFinancingActivities": 42897000, "effectOfExchangeRate": 252000, "changeInCash": 64738000}, {"maxAge": 1, "endDate": "2019-03-31", "netIncome": 192807000, "depreciation": 144480000, "changeToNetincome": 98189000, "changeToAccountReceivables": 84598000, "changeToLiabilities": -44412000, "changeToInventory": -23772000, "changeToOperatingActivities": 208020000, "totalCashFromOperatingActivities": 664594000, "capitalExpenditures": -622059000, "otherCashflowsFromInvestingActivities": 22938000, "totalCashflowsFromInvestingActivities": -625293000, "dividendsPaid": -75122000, "netBorrowings": 129648000, "otherCashflowsFromFinancingActivities": -92181000, "totalCashFromFinancingActivities": -37655000, "effectOfExchangeRate": 325000, "changeInCash": 1971000}, {"maxAge": 1, "endDate": "2018-03-31", "netIncome": 238915000, "depreciation": 142877000, "changeToNetincome": 82305000, "changeToAccountReceivables": -219966000, "changeToLiabilities": 207665000, "changeToInventory": -131788000, "changeToOperatingActivities": -268882000, "totalCashFromOperatingActivities": 53184000, "capitalExpenditures": -263037000, "otherCashflowsFromInvestingActivities": 5306000, "totalCashflowsFromInvestingActivities": -256027000, "dividendsPaid": -49959000, "netBorrowings": 318914000, "otherCashflowsFromFinancingActivities": -68326000, "totalCashFromFinancingActivities": 200629000, "effectOfExchangeRate": -29000, "changeInCash": -2244000}, {"maxAge": 1, "endDate": "2017-03-31", "netIncome": 158556000, "depreciation": 132646000, "changeToNetincome": 80220000, "changeToAccountReceivables": -105059000, "changeToLiabilities": 14385000, "changeToInventory": -50521000, "changeToOperatingActivities": -61211000, "totalCashFromOperatingActivities": 170358000, "capitalExpenditures": -174552000, "investments": 17492000, "otherCashflowsFromInvestingActivities": 15426000, "totalCashflowsFromInvestingActivities": -139412000, "dividendsPaid": -40047000, "netBorrowings": 313000, "otherCashflowsFromFinancingActivities": -73700000, "totalCashFromFinancingActivities": -113434000, "effectOfExchangeRate": -29000, "changeInCash": -82488000}], "maxAge": 86400}, "institutionOwnership": {"maxAge": 1, "ownershipList": []}, "balanceSheetHistoryQuarterly": {"balanceSheetStatements": [{"maxAge": 1, "endDate": "2020-06-30", "totalStockholderEquity": 1593818000, "netTangibleAssets": 1484703000}, {"maxAge": 1, "endDate": "2020-03-31", "cash": 70233000, "netReceivables": 901535000, "inventory": 496882000, "otherCurrentAssets": 115289000, "totalCurrentAssets": 1605950000, "longTermInvestments": 2006000, "propertyPlantEquipment": 1921206000, "intangibleAssets": 109115000, "otherAssets": 176422000, "totalAssets": 3814699000, "accountsPayable": 511679000, "shortLongTermDebt": 109809000, "otherCurrentLiab": 206099000, "longTermDebt": 721164000, "otherLiab": 91613000, "totalCurrentLiabilities": 1408104000, "totalLiab": 2220881000, "commonStock": 83184000, "retainedEarnings": 1183356000, "treasuryStock": 6527000, "capitalSurplus": 320751000, "otherStockholderEquity": 6527000, "totalStockholderEquity": 1593818000, "netTangibleAssets": 1484703000}, {"maxAge": 1, "endDate": "2019-12-31", "totalStockholderEquity": 1462544000, "netTangibleAssets": 1408828000}, {"maxAge": 1, "endDate": "2019-09-30", "cash": 33591000, "shortTermInvestments": 131014000, "netReceivables": 533406000, "inventory": 397025000, "otherCurrentAssets": 246585000, "totalCurrentAssets": 1341621000, "longTermInvestments": 2006000, "propertyPlantEquipment": 1532236000, "intangibleAssets": 53716000, "otherAssets": 265761000, "totalAssets": 3195340000, "accountsPayable": 396209000, "shortLongTermDebt": 238416000, "otherCurrentLiab": 89682000, "longTermDebt": 504188000, "otherLiab": 100101000, "totalCurrentLiabilities": 1128507000, "totalLiab": 1732796000, "commonStock": 83184000, "treasuryStock": 1379360000, "otherStockholderEquity": 1379360000, "totalStockholderEquity": 1462544000, "netTangibleAssets": 1408828000}], "maxAge": 86400}, "earningsHistory": {"history": [{"maxAge": 1, "epsActual": {}, "epsEstimate": {}, "epsDifference": {}, "surprisePercent": {}, "quarter": {}, "period": "-4q"}, {"maxAge": 1, "epsActual": {}, "epsEstimate": {}, "epsDifference": {}, "surprisePercent": {}, "quarter": {}, "period": "-3q"}, {"maxAge": 1, "epsActual": 7.65, "epsEstimate": 5.7, "epsDifference": 1.95, "surprisePercent": 0.342, "quarter": "2017-09-30", "period": "-2q"}, {"maxAge": 1, "epsActual": 6.9, "epsEstimate": 9.76, "epsDifference": -2.86, "surprisePercent": -0.29299998, "quarter": "2018-06-30", "period": "-1q"}], "maxAge": 86400}, "indexTrend": {"maxAge": 1, "symbol": "SP5", "peRatio": 19.7411, "pegRatio": 1.34172, "estimates": [{"period": "0q", "growth": 0.549}, {"period": "+1q", "growth": 0.431}, {"period": "0y", "growth": 0.305}, {"period": "+1y", "growth": 0.109}, {"period": "+5y", "growth": 0.120859005}, {"period": "-5y"}]}, "industryTrend": {"maxAge": 1, "symbol": null, "estimates": []}, "insiderTransactions": {"transactions": [{"maxAge": 1, "shares": 658, "filerUrl": "", "transactionText": "", "filerName": "Sanghvi (Amit)", "filerRelation": "Promoter", "moneyText": "", "startDate": "2020-03-27", "ownership": "D"}, {"maxAge": 1, "shares": 173565, "filerUrl": "", "transactionText": "", "filerName": "Sanghvi (Tilottama Mahendra)", "filerRelation": "Director", "moneyText": "", "startDate": "2019-08-22", "ownership": "D"}, {"maxAge": 1, "shares": 173565, "filerUrl": "", "transactionText": "", "filerName": "Nagda (Vanita L)", "filerRelation": "UNREPORTED", "moneyText": "", "startDate": "2019-08-22", "ownership": "D"}, {"maxAge": 1, "shares": 200000, "filerUrl": "", "transactionText": "", "filerName": "Sanghvi (Tilottama Mahendra)", "filerRelation": "Director", "moneyText": "", "startDate": "2019-05-29", "ownership": "D"}, {"maxAge": 1, "shares": 200000, "filerUrl": "", "transactionText": "", "filerName": "Nagda (Lax)", "filerRelation": "Promoter", "moneyText": "", "startDate": "2019-05-29", "ownership": "D"}], "maxAge": 1}, "quoteType": {"exchange": "BSE", "quoteType": "EQUITY", "symbol": "SHAILY.BO", "underlyingSymbol": "SHAILY.BO", "shortName": "SHAILY ENGINEERING PLASTICS LT", "longName": "Shaily Engineering Plastics Limited", "firstTradeDateEpochUtc": "2006-11-23 09:15:00", "timeZoneFullName": "Asia/Kolkata", "timeZoneShortName": "IST", "uuid": "9c661c1e-a370-3945-8e6c-1b252c68030d", "messageBoardId": null, "gmtOffSetMilliseconds": 19800000, "maxAge": 1}, "incomeStatementHistory": {"incomeStatementHistory": [{"maxAge": 1, "endDate": "2020-03-31", "totalRevenue": 3360423000, "costOfRevenue": 2211288000, "grossProfit": 1149135000, "researchDevelopment": {}, "sellingGeneralAdministrative": 271366000, "nonRecurring": {}, "otherOperatingExpenses": 295833000, "totalOperatingExpenses": 2958109000, "operatingIncome": 402314000, "totalOtherIncomeExpenseNet": -95337000, "ebit": 402314000, "interestExpense": -102826000, "incomeBeforeTax": 306977000, "incomeTaxExpense": 71075000, "minorityInterest": {}, "netIncomeFromContinuingOps": 235902000, "discontinuedOperations": {}, "extraordinaryItems": {}, "effectOfAccountingCharges": {}, "otherItems": {}, "netIncome": 235902000, "netIncomeApplicableToCommonShares": 235902000}, {"maxAge": 1, "endDate": "2019-03-31", "totalRevenue": 3383399000, "costOfRevenue": 2322571000, "grossProfit": 1060828000, "researchDevelopment": {}, "sellingGeneralAdministrative": 258731000, "nonRecurring": {}, "otherOperatingExpenses": 275612000, "totalOperatingExpenses": 3006368000, "operatingIncome": 377031000, "totalOtherIncomeExpenseNet": -77486000, "ebit": 377031000, "interestExpense": -95038000, "incomeBeforeTax": 299545000, "incomeTaxExpense": 106738000, "minorityInterest": {}, "netIncomeFromContinuingOps": 192807000, "discontinuedOperations": {}, "extraordinaryItems": {}, "effectOfAccountingCharges": {}, "otherItems": {}, "netIncome": 192807000, "netIncomeApplicableToCommonShares": 192807000}, {"maxAge": 1, "endDate": "2018-03-31", "totalRevenue": 3183177000, "costOfRevenue": 2199441000, "grossProfit": 983736000, "researchDevelopment": {}, "sellingGeneralAdministrative": 208366000, "nonRecurring": {}, "otherOperatingExpenses": 242194000, "totalOperatingExpenses": 2795765000, "operatingIncome": 387412000, "totalOtherIncomeExpenseNet": -45137000, "ebit": 387412000, "interestExpense": -67273000, "incomeBeforeTax": 342275000, "incomeTaxExpense": 103360000, "minorityInterest": {}, "netIncomeFromContinuingOps": 238915000, "discontinuedOperations": {}, "extraordinaryItems": {}, "effectOfAccountingCharges": {}, "otherItems": {}, "netIncome": 238915000, "netIncomeApplicableToCommonShares": 238915000}, {"maxAge": 1, "endDate": "2017-03-31", "totalRevenue": 2458725000, "costOfRevenue": 1541120000, "grossProfit": 917605000, "researchDevelopment": {}, "sellingGeneralAdministrative": 269654000, "nonRecurring": {}, "otherOperatingExpenses": 242692000, "totalOperatingExpenses": 2186976000, "operatingIncome": 271749000, "totalOtherIncomeExpenseNet": -40083000, "ebit": 271749000, "interestExpense": -73765000, "incomeBeforeTax": 231666000, "incomeTaxExpense": 73110000, "minorityInterest": {}, "netIncomeFromContinuingOps": 158556000, "discontinuedOperations": {}, "extraordinaryItems": {}, "effectOfAccountingCharges": {}, "otherItems": {}, "netIncome": 158556000, "netIncomeApplicableToCommonShares": 158556000}], "maxAge": 86400}, "fundOwnership": {"maxAge": 1, "ownershipList": []}, "summaryDetail": {"maxAge": 1, "priceHint": 2, "previousClose": 1365.0, "open": 1349.95, "dayLow": 1264.0, "dayHigh": 1374.0, "regularMarketPreviousClose": 1365.0, "regularMarketOpen": 1349.95, "regularMarketDayLow": 1264.0, "regularMarketDayHigh": 1374.0, "trailingPE": 66.99832, "forwardPE": 27.430138, "volume": 2322, "regularMarketVolume": 2322, "averageVolume": 3852, "averageVolume10days": 3559, "averageDailyVolume10Day": 3559, "bid": 1276.05, "ask": 0.0, "bidSize": 0, "askSize": 0, "marketCap": 10614732800, "fiftyTwoWeekLow": 180.0, "fiftyTwoWeekHigh": 1374.0, "fiftyDayAverage": 843.9157, "twoHundredDayAverage": 691.1318, "trailingAnnualDividendRate": 7.5, "trailingAnnualDividendYield": 0.0054945056, "currency": "INR", "fromCurrency": null, "toCurrency": null, "lastMarket": null, "algorithm": null, "tradeable": false}, "sectorTrend": {"maxAge": 1, "symbol": null, "estimates": []}, "incomeStatementHistoryQuarterly": {"incomeStatementHistory": [{"maxAge": 1, "endDate": "2020-06-30", "totalRevenue": 466048000, "costOfRevenue": 306110000, "grossProfit": 159938000, "researchDevelopment": {}, "sellingGeneralAdministrative": 70153000, "nonRecurring": {}, "otherOperatingExpenses": 55662000, "totalOperatingExpenses": 477106000, "operatingIncome": -11058000, "totalOtherIncomeExpenseNet": -29093000, "ebit": -11058000, "interestExpense": -29524000, "incomeBeforeTax": -40151000, "incomeTaxExpense": -9941000, "minorityInterest": {}, "netIncomeFromContinuingOps": -30210000, "discontinuedOperations": {}, "extraordinaryItems": {}, "effectOfAccountingCharges": {}, "otherItems": {}, "netIncome": -30210000, "netIncomeApplicableToCommonShares": -30210000}, {"maxAge": 1, "endDate": "2020-03-31", "totalRevenue": 796148000, "costOfRevenue": 536412000, "grossProfit": 259736000, "researchDevelopment": {}, "sellingGeneralAdministrative": 81136000, "nonRecurring": {}, "otherOperatingExpenses": 26109000, "totalOperatingExpenses": 691063000, "operatingIncome": 105085000, "totalOtherIncomeExpenseNet": -29639000, "ebit": 105085000, "interestExpense": -25402000, "incomeBeforeTax": 75446000, "incomeTaxExpense": 5925000, "minorityInterest": {}, "netIncomeFromContinuingOps": 69521000, "discontinuedOperations": {}, "extraordinaryItems": {}, "effectOfAccountingCharges": {}, "otherItems": {}, "netIncome": 69521000, "netIncomeApplicableToCommonShares": 69521000}, {"maxAge": 1, "endDate": "2019-12-31", "totalRevenue": 882541000, "costOfRevenue": 567971000, "grossProfit": 314570000, "researchDevelopment": {}, "sellingGeneralAdministrative": 64798000, "nonRecurring": {}, "otherOperatingExpenses": 97808000, "totalOperatingExpenses": 775630000, "operatingIncome": 106911000, "totalOtherIncomeExpenseNet": -20259000, "ebit": 106911000, "interestExpense": -23427000, "incomeBeforeTax": 86652000, "incomeTaxExpense": 23890000, "minorityInterest": {}, "netIncomeFromContinuingOps": 62762000, "discontinuedOperations": {}, "extraordinaryItems": {}, "effectOfAccountingCharges": {}, "otherItems": {}, "netIncome": 62762000, "netIncomeApplicableToCommonShares": 62762000}, {"maxAge": 1, "endDate": "2019-09-30", "totalRevenue": 875795000, "costOfRevenue": 577093000, "grossProfit": 298702000, "researchDevelopment": {}, "sellingGeneralAdministrative": 64116000, "nonRecurring": {}, "otherOperatingExpenses": 90661000, "totalOperatingExpenses": 776948000, "operatingIncome": 98847000, "totalOtherIncomeExpenseNet": -19563000, "ebit": 98847000, "interestExpense": -27410000, "incomeBeforeTax": 79284000, "incomeTaxExpense": 22920000, "minorityInterest": {}, "netIncomeFromContinuingOps": 56364000, "discontinuedOperations": {}, "extraordinaryItems": {}, "effectOfAccountingCharges": {}, "otherItems": {}, "netIncome": 56364000, "netIncomeApplicableToCommonShares": 56364000}], "maxAge": 86400}, "cashflowStatementHistoryQuarterly": {"cashflowStatements": [{"maxAge": 1, "endDate": "2020-06-30", "netIncome": -30210000, "changeToLiabilities": 0}, {"maxAge": 1, "endDate": "2020-03-31", "netIncome": 69521000, "changeToLiabilities": 0}, {"maxAge": 1, "endDate": "2019-12-31", "netIncome": 62762000, "changeToLiabilities": 0}, {"maxAge": 1, "endDate": "2019-09-30", "netIncome": 56364000, "changeToLiabilities": 0}], "maxAge": 86400}, "insiderHolders": {"holders": [{"maxAge": 1, "name": "Nagda (Lax)", "relation": "Promoter", "url": "", "transactionDescription": "Other", "latestTransDate": "2019-05-29", "positionDirect": 208702, "positionDirectDate": "2019-05-29"}, {"maxAge": 1, "name": "Nagda (Vanita L)", "relation": "UNREPORTED", "url": "", "transactionDescription": "Other", "latestTransDate": "2019-08-22", "positionDirect": 0, "positionDirectDate": "2019-08-22"}, {"maxAge": 1, "name": "Sanghvi (Amit)", "relation": "Promoter", "url": "", "transactionDescription": "Acquisition", "latestTransDate": "2020-03-27", "positionDirect": 60658, "positionDirectDate": "2020-03-27"}, {"maxAge": 1, "name": "Sanghvi (Tilottama Mahendra)", "relation": "Director", "url": "", "transactionDescription": "Other", "latestTransDate": "2019-08-22", "positionDirect": 1287715, "positionDirectDate": "2019-08-22"}], "maxAge": 1}, "earnings": {"maxAge": 86400, "earningsChart": {"quarterly": [{"date": "3Q2017", "actual": 7.65, "estimate": 5.7}, {"date": "2Q2018", "actual": 6.9, "estimate": 9.76}], "currentQuarterEstimateDate": "3Q", "currentQuarterEstimateYear": 2018, "earningsDate": ["2020-08-08 05:30:S"]}, "financialsChart": {"yearly": [{"date": 2017, "revenue": 2458725000, "earnings": 158556000}, {"date": 2018, "revenue": 3183177000, "earnings": 238915000}, {"date": 2019, "revenue": 3383399000, "earnings": 192807000}, {"date": 2020, "revenue": 3360423000, "earnings": 235902000}], "quarterly": [{"date": "3Q2019", "revenue": 875795000, "earnings": 56364000}, {"date": "4Q2019", "revenue": 882541000, "earnings": 62762000}, {"date": "1Q2020", "revenue": 796148000, "earnings": 69521000}, {"date": "2Q2020", "revenue": 466048000, "earnings": -30210000}]}, "financialCurrency": "INR"}, "calendarEvents": {"maxAge": 1, "earnings": {"earningsDate": ["2020-08-08 05:30:S"], "revenueAverage": 863758000, "revenueLow": 965370000, "revenueHigh": 965370000}}, "price": {"maxAge": 1, "regularMarketChangePercent": -0.0651648, "regularMarketChange": -88.94995, "regularMarketTime": "2021-04-30 15:59:26", "priceHint": 2, "regularMarketPrice": 1276.05, "regularMarketDayHigh": 1374.0, "regularMarketDayLow": 1264.0, "regularMarketVolume": 2322, "averageDailyVolume10Day": 3559, "averageDailyVolume3Month": 3852, "regularMarketPreviousClose": 1365.0, "regularMarketSource": "FREE_REALTIME", "regularMarketOpen": 1349.95, "exchange": "BSE", "exchangeName": "BSE", "exchangeDataDelayedBy": 0, "marketState": "CLOSED", "quoteType": "EQUITY", "symbol": "SHAILY.BO", "underlyingSymbol": null, "shortName": "SHAILY ENGINEERING PLASTICS LT", "longName": "Shaily Engineering Plastics Limited", "currency": "INR", "quoteSourceName": "Delayed Quote", "currencySymbol": "\u20b9", "fromCurrency": null, "toCurrency": null, "lastMarket": null, "marketCap": 10614732800}, "balanceSheetHistory": {"balanceSheetStatements": [{"maxAge": 1, "endDate": "2020-03-31", "cash": 70233000, "netReceivables": 901535000, "inventory": 496882000, "otherCurrentAssets": 115289000, "totalCurrentAssets": 1605950000, "longTermInvestments": 2006000, "propertyPlantEquipment": 1921206000, "intangibleAssets": 109115000, "otherAssets": 176422000, "totalAssets": 3814699000, "accountsPayable": 511679000, "shortLongTermDebt": 109809000, "otherCurrentLiab": 206099000, "longTermDebt": 721164000, "otherLiab": 91613000, "totalCurrentLiabilities": 1408104000, "totalLiab": 2220881000, "commonStock": 83184000, "retainedEarnings": 1183356000, "treasuryStock": 6527000, "capitalSurplus": 320751000, "otherStockholderEquity": 6527000, "totalStockholderEquity": 1593818000, "netTangibleAssets": 1484703000}, {"maxAge": 1, "endDate": "2019-03-31", "cash": 5496000, "netReceivables": 882363000, "inventory": 430911000, "otherCurrentAssets": 25989000, "totalCurrentAssets": 1362823000, "longTermInvestments": 2040000, "propertyPlantEquipment": 1466817000, "intangibleAssets": 32756000, "otherAssets": 251284000, "totalAssets": 3115720000, "accountsPayable": 325042000, "shortLongTermDebt": 215159000, "otherCurrentLiab": 85079000, "longTermDebt": 471567000, "otherLiab": 100491000, "totalCurrentLiabilities": 1182286000, "totalLiab": 1754344000, "commonStock": 83184000, "retainedEarnings": 948150000, "treasuryStock": 9291000, "capitalSurplus": 320751000, "otherStockholderEquity": 9291000, "totalStockholderEquity": 1361376000, "netTangibleAssets": 1328620000}, {"maxAge": 1, "endDate": "2018-03-31", "cash": 3525000, "netReceivables": 1087958000, "inventory": 407139000, "otherCurrentAssets": 78086000, "totalCurrentAssets": 1585547000, "longTermInvestments": 2040000, "propertyPlantEquipment": 1121255000, "intangibleAssets": 11596000, "otherAssets": 127737000, "totalAssets": 2848175000, "accountsPayable": 369454000, "shortLongTermDebt": 218808000, "otherCurrentLiab": 67513000, "longTermDebt": 209617000, "otherLiab": 60075000, "totalCurrentLiabilities": 1335421000, "totalLiab": 1605113000, "commonStock": 83184000, "retainedEarnings": 829836000, "treasuryStock": 9291000, "capitalSurplus": 320751000, "otherStockholderEquity": 9291000, "totalStockholderEquity": 1243062000, "netTangibleAssets": 1231466000}, {"maxAge": 1, "endDate": "2017-03-31", "cash": 5769000, "netReceivables": 583615000, "inventory": 275351000, "otherCurrentAssets": 85018000, "totalCurrentAssets": 959885000, "longTermInvestments": 2040000, "propertyPlantEquipment": 968605000, "intangibleAssets": 8843000, "otherAssets": 63933000, "totalAssets": 2003306000, "accountsPayable": 199670000, "shortLongTermDebt": 130721000, "otherCurrentLiab": 48528000, "longTermDebt": 159679000, "otherLiab": 28043000, "totalCurrentLiabilities": 761085000, "totalLiab": 948807000, "commonStock": 83184000, "retainedEarnings": 641273000, "treasuryStock": 9291000, "capitalSurplus": 320751000, "otherStockholderEquity": 9291000, "totalStockholderEquity": 1054499000, "netTangibleAssets": 1045656000}], "maxAge": 86400}, "earningsTrend": {"trend": [{"maxAge": 1, "period": "0q", "endDate": "2018-09-30", "growth": {}, "earningsEstimate": {"avg": 0.0, "low": 0.0, "high": 0.0, "yearAgoEps": {}, "numberOfAnalysts": 0, "growth": {}}, "revenueEstimate": {"avg": 863758000, "low": 965370000, "high": 965370000, "numberOfAnalysts": 1, "yearAgoRevenue": 788173000, "growth": 0.096}, "epsTrend": {"current": 0.0, "7daysAgo": 0.0, "30daysAgo": 0.0, "60daysAgo": 0.0, "90daysAgo": 0.0}, "epsRevisions": {"upLast7days": 0, "upLast30days": 0, "downLast30days": 0, "downLast90days": {}}}, {"maxAge": 1, "period": "+1q", "endDate": "2018-12-31", "growth": {}, "earningsEstimate": {"avg": 0.0, "low": 0.0, "high": 0.0, "yearAgoEps": {}, "numberOfAnalysts": 0, "growth": {}}, "revenueEstimate": {"avg": 0, "low": 0, "high": 0, "numberOfAnalysts": 0, "yearAgoRevenue": {}, "growth": {}}, "epsTrend": {"current": 0.0, "7daysAgo": 0.0, "30daysAgo": 0.0, "60daysAgo": 0.0, "90daysAgo": 0.0}, "epsRevisions": {"upLast7days": 0, "upLast30days": 0, "downLast30days": 0, "downLast90days": {}}}, {"maxAge": 1, "period": "0y", "endDate": "2019-03-31", "growth": {}, "earningsEstimate": {"avg": 0.0, "low": 0.0, "high": 0.0, "yearAgoEps": {}, "numberOfAnalysts": 0, "growth": {}}, "revenueEstimate": {"avg": 3780760000, "low": 3612290000, "high": 3974000000, "numberOfAnalysts": 3, "yearAgoRevenue": 3182440000, "growth": 0.188}, "epsTrend": {"current": 0.0, "7daysAgo": 32.09, "30daysAgo": 32.09, "60daysAgo": 32.09, "90daysAgo": 32.09}, "epsRevisions": {"upLast7days": 0, "upLast30days": 0, "downLast30days": 0, "downLast90days": {}}}, {"maxAge": 1, "period": "+1y", "endDate": "2020-03-31", "growth": {}, "earningsEstimate": {"avg": 0.0, "low": 0.0, "high": 0.0, "yearAgoEps": {}, "numberOfAnalysts": 0, "growth": {}}, "revenueEstimate": {"avg": 4816880000, "low": 4009640000, "high": 5516000000, "numberOfAnalysts": 3, "yearAgoRevenue": 3780760000, "growth": 0.274}, "epsTrend": {"current": 0.0, "7daysAgo": 46.52, "30daysAgo": 46.52, "60daysAgo": 46.52, "90daysAgo": 46.52}, "epsRevisions": {"upLast7days": 0, "upLast30days": 0, "downLast30days": 0, "downLast90days": {}}}, {"maxAge": 1, "period": "+5y", "endDate": null, "growth": 0.447, "earningsEstimate": {"avg": {}, "low": {}, "high": {}, "yearAgoEps": {}, "numberOfAnalysts": {}, "growth": {}}, "revenueEstimate": {"avg": {}, "low": {}, "high": {}, "numberOfAnalysts": {}, "yearAgoRevenue": {}, "growth": {}}, "epsTrend": {"current": {}, "7daysAgo": {}, "30daysAgo": {}, "60daysAgo": {}, "90daysAgo": {}}, "epsRevisions": {"upLast7days": {}, "upLast30days": {}, "downLast30days": {}, "downLast90days": {}}}, {"maxAge": 1, "period": "-5y", "endDate": null, "growth": {}, "earningsEstimate": {"avg": {}, "low": {}, "high": {}, "yearAgoEps": {}, "numberOfAnalysts": {}, "growth": {}}, "revenueEstimate": {"avg": {}, "low": {}, "high": {}, "numberOfAnalysts": {}, "yearAgoRevenue": {}, "growth": {}}, "epsTrend": {"current": {}, "7daysAgo": {}, "30daysAgo": {}, "60daysAgo": {}, "90daysAgo": {}}, "epsRevisions": {"upLast7days": {}, "upLast30days": {}, "downLast30days": {}, "downLast90days": {}}}], "maxAge": 1}, "financialData": {"maxAge": 86400, "currentPrice": 1276.05, "targetHighPrice": 1120.0, "targetLowPrice": 1057.0, "targetMeanPrice": 1088.5, "targetMedianPrice": 1088.5, "recommendationKey": "none", "numberOfAnalystOpinions": 2, "grossProfits": 1149135000, "financialCurrency": "INR"}}}