{"SHALPRO.BO": {"cashflowStatementHistory": {"cashflowStatements": [{"maxAge": 1, "endDate": "2020-03-31", "netIncome": -106000, "depreciation": 556388, "changeToNetincome": -417, "changeToAccountReceivables": 15875500, "changeToLiabilities": -12811213, "changeToInventory": -4115790, "changeToOperatingActivities": 974343, "totalCashFromOperatingActivities": 650247, "changeInCash": 650247}, {"maxAge": 1, "endDate": "2019-03-31", "netIncome": 130655, "depreciation": 628915, "changeToNetincome": -417, "changeToAccountReceivables": 26614500, "changeToLiabilities": -33502522, "changeToInventory": 51163000, "changeToOperatingActivities": -44825252, "totalCashFromOperatingActivities": 70416, "changeInCash": 70416}, {"maxAge": 1, "endDate": "2018-03-31", "netIncome": 492943, "depreciation": 716192, "changeToNetincome": 220000, "changeToAccountReceivables": -37783010, "changeToLiabilities": 17303500, "changeToInventory": -12700534, "changeToOperatingActivities": 32083802, "totalCashFromOperatingActivities": 117723, "changeInCash": 117723}, {"maxAge": 1, "endDate": "2017-03-31", "netIncome": 263169, "depreciation": 757065, "changeToNetincome": -99470, "changeToAccountReceivables": -26884950, "changeToLiabilities": 0, "changeToInventory": -2366133, "changeToOperatingActivities": 23196775, "totalCashFromOperatingActivities": -5068284, "investments": 5850000, "totalCashflowsFromInvestingActivities": 5850000, "changeInCash": 781716}], "maxAge": 86400}, "institutionOwnership": {"maxAge": 1, "ownershipList": []}, "balanceSheetHistoryQuarterly": {"balanceSheetStatements": [{"maxAge": 1, "endDate": "2020-06-30", "totalStockholderEquity": 1011842000, "netTangibleAssets": 440343000}, {"maxAge": 1, "endDate": "2020-03-31", "cash": 290000, "netReceivables": 35813000, "inventory": 295817000, "otherCurrentAssets": 5013000, "totalCurrentAssets": 336933000, "longTermInvestments": 29920000, "propertyPlantEquipment": 69996000, "goodWill": 571206000, "intangibleAssets": 293000, "otherAssets": 6748000, "totalAssets": 1015096000, "accountsPayable": 168000, "otherCurrentLiab": 887000, "otherLiab": 949000, "totalCurrentLiabilities": 2305000, "totalLiab": 3254000, "commonStock": 984328000, "treasuryStock": 27514000, "otherStockholderEquity": 27514000, "totalStockholderEquity": 1011842000, "netTangibleAssets": 440343000}, {"maxAge": 1, "endDate": "2019-12-31", "totalStockholderEquity": 1013285000, "netTangibleAssets": 441805000}, {"maxAge": 1, "endDate": "2019-09-30", "cash": 844000, "netReceivables": 78019000, "inventory": 231832000, "otherCurrentAssets": 68613000, "totalCurrentAssets": 379308000, "longTermInvestments": 29252000, "propertyPlantEquipment": 70570000, "goodWill": 571206000, "intangibleAssets": 274000, "otherAssets": 6714000, "totalAssets": 1057324000, "accountsPayable": 41981000, "otherCurrentLiab": 559000, "otherLiab": 949000, "totalCurrentLiabilities": 43090000, "totalLiab": 44039000, "commonStock": 984328000, "treasuryStock": 28957000, "otherStockholderEquity": 28957000, "totalStockholderEquity": 1013285000, "netTangibleAssets": 441805000}], "maxAge": 86400}, "indexTrend": {"maxAge": 1, "symbol": "SP5", "peRatio": 19.7411, "pegRatio": 1.34172, "estimates": [{"period": "0q", "growth": 0.549}, {"period": "+1q", "growth": 0.431}, {"period": "0y", "growth": 0.305}, {"period": "+1y", "growth": 0.109}, {"period": "+5y", "growth": 0.120859005}, {"period": "-5y"}]}, "insiderTransactions": {"transactions": [{"maxAge": 1, "shares": 266737, "filerUrl": "", "transactionText": "", "filerName": "Shatbisha Trading Pvt. Ltd.", "filerRelation": "Institution- Corporation", "moneyText": "", "startDate": "2014-06-25", "ownership": "D"}, {"maxAge": 1, "shares": 280816, "filerUrl": "", "transactionText": "", "filerName": "Pakoba Finance & Trade Pvt Ltd", "filerRelation": "Institution- Corporation", "moneyText": "", "startDate": "2014-06-24", "ownership": "D"}, {"maxAge": 1, "shares": 4007898, "filerUrl": "", "transactionText": "", "filerName": "Jagrecha Fin & Trades Pvt Ltd", "filerRelation": "Promoter", "moneyText": "", "startDate": "2012-04-17", "ownership": "D"}, {"maxAge": 1, "shares": 8511, "filerUrl": "", "transactionText": "", "filerName": "Jagrecha Fin & Trades Pvt Ltd", "filerRelation": "Promoter", "moneyText": "", "startDate": "2012-04-17", "ownership": "D"}, {"maxAge": 1, "shares": 3999387, "filerUrl": "", "transactionText": "", "filerName": "Kothari (Tilokchand M.)", "filerRelation": "Director (Executive)", "moneyText": "", "startDate": "2012-04-17", "ownership": "D"}, {"maxAge": 1, "shares": 8509, "filerUrl": "", "transactionText": "", "filerName": "Kothari (Tilokchand M.)", "filerRelation": "Director (Executive)", "moneyText": "", "startDate": "2012-04-17", "ownership": "D"}, {"maxAge": 1, "shares": 5391700, "filerUrl": "", "transactionText": "", "filerName": "Jagrecha Fin & Trades Pvt Ltd", "filerRelation": "Promoter", "moneyText": "", "startDate": "2012-04-11", "ownership": "D"}, {"maxAge": 1, "shares": 5391700, "filerUrl": "", "transactionText": "", "filerName": "Rathi (Rajendra Kumar)", "filerRelation": "Director (Executive)", "moneyText": "", "startDate": "2012-04-11", "ownership": "D"}], "maxAge": 1}, "quoteType": {"exchange": "BSE", "quoteType": "EQUITY", "symbol": "SHALPRO.BO", "underlyingSymbol": "SHALPRO.BO", "shortName": "SHALIMAR PRODUCTIONS LTD.", "longName": "Shalimar Productions Limited", "firstTradeDateEpochUtc": "2002-07-01 09:15:00", "timeZoneFullName": "Asia/Kolkata", "timeZoneShortName": "IST", "uuid": "2d9bdbc1-8e8b-3725-b140-992ab7faca56", "messageBoardId": null, "gmtOffSetMilliseconds": 19800000, "maxAge": 1}, "incomeStatementHistory": {"incomeStatementHistory": [{"maxAge": 1, "endDate": "2020-03-31", "totalRevenue": 48600000, "costOfRevenue": 46547000, "grossProfit": 2053000, "researchDevelopment": {}, "sellingGeneralAdministrative": {}, "nonRecurring": {}, "otherOperatingExpenses": 1603000, "totalOperatingExpenses": 48706000, "operatingIncome": -106000, "totalOtherIncomeExpenseNet": 0, "ebit": -106000, "interestExpense": {}, "incomeBeforeTax": -106000, "incomeTaxExpense": 0, "minorityInterest": {}, "netIncomeFromContinuingOps": -106000, "discontinuedOperations": {}, "extraordinaryItems": {}, "effectOfAccountingCharges": {}, "otherItems": {}, "netIncome": -106000, "netIncomeApplicableToCommonShares": -106000}, {"maxAge": 1, "endDate": "2019-03-31", "totalRevenue": 81378000, "costOfRevenue": 79933348, "grossProfit": 1444652, "researchDevelopment": {}, "sellingGeneralAdministrative": 10832, "nonRecurring": {}, "otherOperatingExpenses": 644250, "totalOperatingExpenses": 81217345, "operatingIncome": 160655, "totalOtherIncomeExpenseNet": 0, "ebit": 160655, "interestExpense": {}, "incomeBeforeTax": 160655, "incomeTaxExpense": 30000, "minorityInterest": {}, "netIncomeFromContinuingOps": 130655, "discontinuedOperations": {}, "extraordinaryItems": {}, "effectOfAccountingCharges": {}, "otherItems": {}, "netIncome": 130655, "netIncomeApplicableToCommonShares": 130655}, {"maxAge": 1, "endDate": "2018-03-31", "totalRevenue": 101500000, "costOfRevenue": 98878357, "grossProfit": 2621643, "researchDevelopment": {}, "sellingGeneralAdministrative": 37401, "nonRecurring": {}, "otherOperatingExpenses": 1155107, "totalOperatingExpenses": 100787057, "operatingIncome": 712943, "totalOtherIncomeExpenseNet": 0, "ebit": 712943, "interestExpense": {}, "incomeBeforeTax": 712943, "incomeTaxExpense": 220000, "minorityInterest": {}, "netIncomeFromContinuingOps": 492943, "discontinuedOperations": {}, "extraordinaryItems": {}, "effectOfAccountingCharges": {}, "otherItems": {}, "netIncome": 492943, "netIncomeApplicableToCommonShares": 492943}, {"maxAge": 1, "endDate": "2017-03-31", "totalRevenue": 44293850, "costOfRevenue": 42414968, "grossProfit": 1878882, "researchDevelopment": {}, "sellingGeneralAdministrative": 39196, "nonRecurring": {}, "otherOperatingExpenses": 910870, "totalOperatingExpenses": 44187359, "operatingIncome": 106491, "totalOtherIncomeExpenseNet": 269178, "ebit": 106491, "interestExpense": {}, "incomeBeforeTax": 375669, "incomeTaxExpense": 112500, "minorityInterest": {}, "netIncomeFromContinuingOps": 263169, "discontinuedOperations": {}, "extraordinaryItems": {}, "effectOfAccountingCharges": {}, "otherItems": {}, "netIncome": 263169, "netIncomeApplicableToCommonShares": 263169}], "maxAge": 86400}, "fundOwnership": {"maxAge": 1, "ownershipList": []}, "summaryDetail": {"maxAge": 1, "priceHint": 4, "previousClose": 0.49, "open": 0.49, "dayLow": 0.49, "dayHigh": 0.49, "regularMarketPreviousClose": 0.49, "regularMarketOpen": 0.49, "regularMarketDayLow": 0.49, "regularMarketDayHigh": 0.49, "trailingPE": "Infinity", "volume": 31988, "regularMarketVolume": 31988, "averageVolume": 1079944, "averageVolume10days": 1112136, "averageDailyVolume10Day": 1112136, "bid": 0.0, "ask": 0.58, "bidSize": 0, "askSize": 0, "marketCap": 482320736, "fiftyTwoWeekLow": 0.49, "fiftyTwoWeekHigh": 0.72, "fiftyDayAverage": 0.5845714, "twoHundredDayAverage": 0.5143066, "currency": "INR", "fromCurrency": null, "toCurrency": null, "lastMarket": null, "algorithm": null, "tradeable": false}, "incomeStatementHistoryQuarterly": {"incomeStatementHistory": [{"maxAge": 1, "endDate": "2020-06-30", "totalRevenue": 11800000, "costOfRevenue": 12550000, "grossProfit": -750000, "researchDevelopment": {}, "sellingGeneralAdministrative": {}, "nonRecurring": {}, "otherOperatingExpenses": 375000, "totalOperatingExpenses": 12925000, "operatingIncome": -1125000, "totalOtherIncomeExpenseNet": 0, "ebit": -1125000, "interestExpense": {}, "incomeBeforeTax": -1125000, "incomeTaxExpense": 0, "minorityInterest": {}, "netIncomeFromContinuingOps": -1125000, "discontinuedOperations": {}, "extraordinaryItems": {}, "effectOfAccountingCharges": {}, "otherItems": {}, "netIncome": -1125000, "netIncomeApplicableToCommonShares": -1125000}, {"maxAge": 1, "endDate": "2020-03-31", "totalRevenue": 12500000, "costOfRevenue": 12192000, "grossProfit": 308000, "researchDevelopment": {}, "sellingGeneralAdministrative": {}, "nonRecurring": {}, "otherOperatingExpenses": 1032000, "totalOperatingExpenses": 13780000, "operatingIncome": -1280000, "totalOtherIncomeExpenseNet": 0, "ebit": -1280000, "interestExpense": {}, "incomeBeforeTax": -1280000, "incomeTaxExpense": 30000, "minorityInterest": {}, "netIncomeFromContinuingOps": -1310000, "discontinuedOperations": {}, "extraordinaryItems": {}, "effectOfAccountingCharges": {}, "otherItems": {}, "netIncome": -1310000, "netIncomeApplicableToCommonShares": -1310000}, {"maxAge": 1, "endDate": "2019-12-31", "totalRevenue": 12100000, "costOfRevenue": 12119000, "grossProfit": -19000, "researchDevelopment": {}, "sellingGeneralAdministrative": {}, "nonRecurring": {}, "otherOperatingExpenses": 143000, "totalOperatingExpenses": 12262000, "operatingIncome": -162000, "totalOtherIncomeExpenseNet": 0, "ebit": -162000, "interestExpense": {}, "incomeBeforeTax": -162000, "incomeTaxExpense": 0, "minorityInterest": {}, "netIncomeFromContinuingOps": -162000, "discontinuedOperations": {}, "extraordinaryItems": {}, "effectOfAccountingCharges": {}, "otherItems": {}, "netIncome": -162000, "netIncomeApplicableToCommonShares": -162000}, {"maxAge": 1, "endDate": "2019-09-30", "totalRevenue": 12000000, "costOfRevenue": 12127000, "grossProfit": -127000, "researchDevelopment": {}, "sellingGeneralAdministrative": {}, "nonRecurring": {}, "otherOperatingExpenses": 25000, "totalOperatingExpenses": 12152000, "operatingIncome": -152000, "totalOtherIncomeExpenseNet": 0, "ebit": -152000, "interestExpense": {}, "incomeBeforeTax": -152000, "incomeTaxExpense": 0, "minorityInterest": {}, "netIncomeFromContinuingOps": -152000, "discontinuedOperations": {}, "extraordinaryItems": {}, "effectOfAccountingCharges": {}, "otherItems": {}, "netIncome": -152000, "netIncomeApplicableToCommonShares": -152000}], "maxAge": 86400}, "cashflowStatementHistoryQuarterly": {"cashflowStatements": [{"maxAge": 1, "endDate": "2020-06-30", "netIncome": -1125000, "changeToLiabilities": 0}, {"maxAge": 1, "endDate": "2020-03-31", "netIncome": -1310000, "changeToLiabilities": 0}, {"maxAge": 1, "endDate": "2019-12-31", "netIncome": -162000, "changeToLiabilities": 0}, {"maxAge": 1, "endDate": "2019-09-30", "netIncome": -152000, "changeToLiabilities": 0}], "maxAge": 86400}, "insiderHolders": {"holders": [{"maxAge": 1, "name": "Jagrecha Fin & Trades Pvt Ltd", "relation": "Promoter", "url": "", "transactionDescription": "Acquisition", "latestTransDate": "2012-04-17", "positionDirect": 31399598, "positionDirectDate": "2012-04-17"}, {"maxAge": 1, "name": "Kothari (Tilokchand M.)", "relation": "Director (Executive)", "url": "", "transactionDescription": "Sale", "latestTransDate": "2012-04-17", "positionDirect": 0, "positionDirectDate": "2012-04-17"}, {"maxAge": 1, "name": "Pakoba Finance & Trade Pvt Ltd", "relation": "Institution- Corporation", "url": "", "transactionDescription": "Acquisition", "latestTransDate": "2014-06-24", "positionDirect": 49282908, "positionDirectDate": "2014-06-24"}, {"maxAge": 1, "name": "Rathi (Rajendra Kumar)", "relation": "Director (Executive)", "url": "", "transactionDescription": "Sale", "latestTransDate": "2012-04-11", "positionDirect": 0, "positionDirectDate": "2012-04-11"}, {"maxAge": 1, "name": "Shatbisha Trading Pvt. Ltd.", "relation": "Institution- Corporation", "url": "", "transactionDescription": "Acquisition", "latestTransDate": "2014-06-25", "positionDirect": 49456850, "positionDirectDate": "2014-06-25"}], "maxAge": 1}, "calendarEvents": {"maxAge": 1, "earnings": {"earningsDate": ["2020-09-14 05:30:S"]}}, "price": {"maxAge": 1, "regularMarketChangePercent": 0.0, "regularMarketChange": 0.0, "regularMarketTime": "2021-04-30 15:18:39", "priceHint": 4, "regularMarketPrice": 0.49, "regularMarketDayHigh": 0.49, "regularMarketDayLow": 0.49, "regularMarketVolume": 31988, "averageDailyVolume10Day": 1112136, "averageDailyVolume3Month": 1079944, "regularMarketPreviousClose": 0.49, "regularMarketSource": "FREE_REALTIME", "regularMarketOpen": 0.49, "exchange": "BSE", "exchangeName": "BSE", "exchangeDataDelayedBy": 0, "marketState": "CLOSED", "quoteType": "EQUITY", "symbol": "SHALPRO.BO", "underlyingSymbol": null, "shortName": "SHALIMAR PRODUCTIONS LTD.", "longName": "Shalimar Productions Limited", "currency": "INR", "quoteSourceName": "Delayed Quote", "currencySymbol": "\u20b9", "fromCurrency": null, "toCurrency": null, "lastMarket": null, "marketCap": 482320736}, "balanceSheetHistory": {"balanceSheetStatements": [{"maxAge": 1, "endDate": "2020-03-31", "cash": 290000, "netReceivables": 35813000, "inventory": 295817000, "otherCurrentAssets": 5013000, "totalCurrentAssets": 336933000, "longTermInvestments": 29920000, "propertyPlantEquipment": 69996000, "goodWill": 571206000, "intangibleAssets": 293000, "otherAssets": 6748000, "totalAssets": 1015096000, "accountsPayable": 168000, "otherCurrentLiab": 887000, "otherLiab": 949000, "totalCurrentLiabilities": 2305000, "totalLiab": 3254000, "commonStock": 984328000, "treasuryStock": 27514000, "otherStockholderEquity": 27514000, "totalStockholderEquity": 1011842000, "netTangibleAssets": 440343000}, {"maxAge": 1, "endDate": "2019-03-31", "cash": 940183, "netReceivables": 51688960, "inventory": 240136156, "otherCurrentAssets": 67251760, "totalCurrentAssets": 360017059, "longTermInvestments": 18855702, "propertyPlantEquipment": 48420264, "goodWill": 571206000, "intangibleAssets": 22424734, "otherAssets": 6773085, "totalAssets": 1027696844, "accountsPayable": 13724978, "otherCurrentLiab": 874583, "otherLiab": 948584, "totalCurrentLiabilities": 14799561, "totalLiab": 15748145, "commonStock": 984328313, "retainedEarnings": 7740386, "capitalSurplus": 19880000, "totalStockholderEquity": 1011948699, "netTangibleAssets": 418317965}, {"maxAge": 1, "endDate": "2018-03-31", "cash": 869709, "netReceivables": 78303460, "inventory": 291299156, "otherCurrentAssets": 26539295, "totalCurrentAssets": 397011620, "longTermInvestments": 18883702, "propertyPlantEquipment": 48970752, "goodWill": 571206000, "intangibleAssets": 22503219, "otherAssets": 8264895, "totalAssets": 1066840188, "accountsPayable": 47227500, "otherCurrentLiab": 748060, "otherLiab": 948584, "totalCurrentLiabilities": 54073560, "totalLiab": 55022144, "commonStock": 984328313, "retainedEarnings": 7609731, "capitalSurplus": 19880000, "totalStockholderEquity": 1011818044, "netTangibleAssets": 418108825}, {"maxAge": 1, "endDate": "2017-03-31", "cash": 987432, "netReceivables": 40520450, "inventory": 278598622, "otherCurrentAssets": 22973139, "totalCurrentAssets": 343079643, "longTermInvestments": 35383702, "propertyPlantEquipment": 49585979, "goodWill": 571206000, "intangibleAssets": 22604126, "otherAssets": 24731295, "totalAssets": 1046590745, "accountsPayable": 29924000, "otherCurrentLiab": 493060, "otherLiab": 948584, "totalCurrentLiabilities": 34317060, "totalLiab": 35265644, "commonStock": 984328313, "retainedEarnings": 7116788, "capitalSurplus": 19880000, "totalStockholderEquity": 1011325101, "netTangibleAssets": 417514975}], "maxAge": 86400}, "financialData": {"maxAge": 86400, "currentPrice": 0.49, "recommendationKey": "none", "grossProfits": 2053000, "financialCurrency": "INR"}}}