{"SHALIWIR.BO": {"cashflowStatementHistory": {"cashflowStatements": [{"maxAge": 1, "endDate": "2020-03-31", "netIncome": -33378000, "depreciation": 85023000, "changeToNetincome": 91669000, "changeToAccountReceivables": 10053000, "changeToLiabilities": 186558000, "changeToInventory": -76789000, "changeToOperatingActivities": 43036000, "totalCashFromOperatingActivities": 307571000, "capitalExpenditures": -289384000, "otherCashflowsFromInvestingActivities": 4115000, "totalCashflowsFromInvestingActivities": -202624000, "netBorrowings": 7507000, "otherCashflowsFromFinancingActivities": -117282000, "totalCashFromFinancingActivities": -109775000, "changeInCash": -4828000}, {"maxAge": 1, "endDate": "2019-03-31", "netIncome": -51299000, "depreciation": 49128000, "changeToNetincome": 82742000, "changeToAccountReceivables": 26479000, "changeToLiabilities": 67426000, "changeToInventory": -24445000, "changeToOperatingActivities": 4934000, "totalCashFromOperatingActivities": 156318000, "capitalExpenditures": -466796000, "otherCashflowsFromInvestingActivities": 11186000, "totalCashflowsFromInvestingActivities": -455411000, "netBorrowings": 150657000, "otherCashflowsFromFinancingActivities": -88131000, "totalCashFromFinancingActivities": 62526000, "changeInCash": -236567000}, {"maxAge": 1, "endDate": "2018-03-31", "netIncome": 2034657000, "depreciation": 52725000, "changeToNetincome": 2306224000, "changeToAccountReceivables": 31773000, "changeToLiabilities": 36425000, "changeToInventory": 21760000, "changeToOperatingActivities": -2075357000, "totalCashFromOperatingActivities": 2409109000, "capitalExpenditures": -32104000, "otherCashflowsFromInvestingActivities": 19561000, "totalCashflowsFromInvestingActivities": -15989000, "netBorrowings": 159679000, "otherCashflowsFromFinancingActivities": -2508607000, "totalCashFromFinancingActivities": -2348928000, "changeInCash": 44191000}, {"maxAge": 1, "endDate": "2017-03-31", "netIncome": 217657000, "depreciation": 63254000, "changeToNetincome": -143558000, "changeToAccountReceivables": -20774000, "changeToLiabilities": 11923000, "changeToInventory": 30464000, "changeToOperatingActivities": -10486000, "totalCashFromOperatingActivities": 148480000, "capitalExpenditures": -37149000, "otherCashflowsFromInvestingActivities": 26187000, "totalCashflowsFromInvestingActivities": 10964000, "netBorrowings": -40541000, "otherCashflowsFromFinancingActivities": 122237000, "totalCashFromFinancingActivities": 81696000, "changeInCash": 241140000}], "maxAge": 86400}, "institutionOwnership": {"maxAge": 1, "ownershipList": []}, "balanceSheetHistoryQuarterly": {"balanceSheetStatements": [{"maxAge": 1, "endDate": "2020-06-30", "totalStockholderEquity": 429822000, "netTangibleAssets": 425868000}, {"maxAge": 1, "endDate": "2020-03-31", "cash": 22819000, "netReceivables": 288000000, "inventory": 350834000, "otherCurrentAssets": 165346000, "totalCurrentAssets": 826999000, "longTermInvestments": 140000, "propertyPlantEquipment": 1085373000, "intangibleAssets": 3954000, "otherAssets": 65498000, "totalAssets": 1981964000, "accountsPayable": 408491000, "shortLongTermDebt": 94942000, "otherCurrentLiab": 65882000, "longTermDebt": 773084000, "otherLiab": 82139000, "totalCurrentLiabilities": 694772000, "totalLiab": 1552142000, "commonStock": 85510000, "retainedEarnings": 338809000, "treasuryStock": 5503000, "otherStockholderEquity": 5503000, "totalStockholderEquity": 429822000, "netTangibleAssets": 425868000}, {"maxAge": 1, "endDate": "2019-12-31", "totalStockholderEquity": 468653000, "netTangibleAssets": 465038000}, {"maxAge": 1, "endDate": "2019-09-30", "cash": 75627000, "netReceivables": 312679000, "inventory": 289247000, "otherCurrentAssets": 105034000, "totalCurrentAssets": 782587000, "longTermInvestments": 153000, "propertyPlantEquipment": 1037287000, "intangibleAssets": 3615000, "otherAssets": 52767000, "totalAssets": 1876409000, "accountsPayable": 263667000, "otherCurrentLiab": 152489000, "longTermDebt": 818159000, "otherLiab": 82598000, "totalCurrentLiabilities": 506999000, "totalLiab": 1407756000, "commonStock": 85510000, "treasuryStock": 383143000, "otherStockholderEquity": 383143000, "totalStockholderEquity": 468653000, "netTangibleAssets": 465038000}], "maxAge": 86400}, "indexTrend": {"maxAge": 1, "symbol": "SP5", "peRatio": 19.7411, "pegRatio": 1.34172, "estimates": [{"period": "0q", "growth": 0.549}, {"period": "+1q", "growth": 0.431}, {"period": "0y", "growth": 0.305}, {"period": "+1y", "growth": 0.109}, {"period": "+5y", "growth": 0.120859005}, {"period": "-5y"}]}, "quoteType": {"exchange": "BSE", "quoteType": "EQUITY", "symbol": "SHALIWIR.BO", "underlyingSymbol": "SHALIWIR.BO", "shortName": "SHALIMAR WIRES INDUSTRIES LTD.", "longName": "Shalimar Wires Industries Limited", "firstTradeDateEpochUtc": "2002-07-01 09:15:00", "timeZoneFullName": "Asia/Kolkata", "timeZoneShortName": "IST", "uuid": "40445309-44f6-3152-9888-725bf39a37fe", "messageBoardId": null, "gmtOffSetMilliseconds": 19800000, "maxAge": 1}, "incomeStatementHistory": {"incomeStatementHistory": [{"maxAge": 1, "endDate": "2020-03-31", "totalRevenue": 1109948000, "costOfRevenue": 400260000, "grossProfit": 709688000, "researchDevelopment": {}, "sellingGeneralAdministrative": 287071000, "nonRecurring": {}, "otherOperatingExpenses": 316021000, "totalOperatingExpenses": 1093445000, "operatingIncome": 16503000, "totalOtherIncomeExpenseNet": -49881000, "ebit": 16503000, "interestExpense": -117282000, "incomeBeforeTax": -33378000, "incomeTaxExpense": 0, "minorityInterest": {}, "netIncomeFromContinuingOps": -33378000, "discontinuedOperations": {}, "extraordinaryItems": {}, "effectOfAccountingCharges": {}, "otherItems": {}, "netIncome": -33378000, "netIncomeApplicableToCommonShares": -33378000}, {"maxAge": 1, "endDate": "2019-03-31", "totalRevenue": 1153455000, "costOfRevenue": 430865000, "grossProfit": 722590000, "researchDevelopment": {}, "sellingGeneralAdministrative": 278056000, "nonRecurring": {}, "otherOperatingExpenses": 390101000, "totalOperatingExpenses": 1149503000, "operatingIncome": 3952000, "totalOtherIncomeExpenseNet": -55251000, "ebit": 3952000, "interestExpense": -88131000, "incomeBeforeTax": -51299000, "incomeTaxExpense": 0, "minorityInterest": {}, "netIncomeFromContinuingOps": -51299000, "discontinuedOperations": {}, "extraordinaryItems": {}, "effectOfAccountingCharges": {}, "otherItems": {}, "netIncome": -51299000, "netIncomeApplicableToCommonShares": -51299000}, {"maxAge": 1, "endDate": "2018-03-31", "totalRevenue": 1053566000, "costOfRevenue": 413951000, "grossProfit": 639615000, "researchDevelopment": {}, "sellingGeneralAdministrative": 264945000, "nonRecurring": {}, "otherOperatingExpenses": 369003000, "totalOperatingExpenses": 1117206000, "operatingIncome": -63640000, "totalOtherIncomeExpenseNet": 2098297000, "ebit": -63640000, "interestExpense": -79706000, "incomeBeforeTax": 2034657000, "incomeTaxExpense": 0, "minorityInterest": {}, "netIncomeFromContinuingOps": 2034657000, "discontinuedOperations": {}, "extraordinaryItems": {}, "effectOfAccountingCharges": {}, "otherItems": {}, "netIncome": 2034657000, "netIncomeApplicableToCommonShares": 2034657000}, {"maxAge": 1, "endDate": "2017-03-31", "totalRevenue": 1006276000, "costOfRevenue": 365116000, "grossProfit": 641160000, "researchDevelopment": {}, "sellingGeneralAdministrative": 231934000, "nonRecurring": {}, "otherOperatingExpenses": 294434000, "totalOperatingExpenses": 954738000, "operatingIncome": 51538000, "totalOtherIncomeExpenseNet": 166119000, "ebit": 51538000, "interestExpense": -77492000, "incomeBeforeTax": 217657000, "incomeTaxExpense": 0, "minorityInterest": {}, "netIncomeFromContinuingOps": 217657000, "discontinuedOperations": {}, "extraordinaryItems": {}, "effectOfAccountingCharges": {}, "otherItems": {}, "netIncome": 217657000, "netIncomeApplicableToCommonShares": 217657000}], "maxAge": 86400}, "fundOwnership": {"maxAge": 1, "ownershipList": []}, "summaryDetail": {"maxAge": 1, "priceHint": 2, "previousClose": 4.89, "open": 5.16, "dayLow": 4.91, "dayHigh": 5.28, "regularMarketPreviousClose": 4.89, "regularMarketOpen": 5.16, "regularMarketDayLow": 4.91, "regularMarketDayHigh": 5.28, "volume": 10457, "regularMarketVolume": 10457, "averageVolume": 3528, "averageVolume10days": 2051, "averageDailyVolume10Day": 2051, "bid": 4.99, "ask": 5.25, "bidSize": 0, "askSize": 0, "marketCap": 218906112, "fiftyTwoWeekLow": 3.16, "fiftyTwoWeekHigh": 6.78, "fiftyDayAverage": 5.3217144, "twoHundredDayAverage": 4.6672263, "currency": "INR", "fromCurrency": null, "toCurrency": null, "lastMarket": null, "algorithm": null, "tradeable": false}, "incomeStatementHistoryQuarterly": {"incomeStatementHistory": [{"maxAge": 1, "endDate": "2020-06-30", "totalRevenue": 140087000, "costOfRevenue": 58871000, "grossProfit": 81216000, "researchDevelopment": {}, "sellingGeneralAdministrative": 27677000, "nonRecurring": {}, "otherOperatingExpenses": 36992000, "totalOperatingExpenses": 144600000, "operatingIncome": -4513000, "totalOtherIncomeExpenseNet": -34515000, "ebit": -4513000, "interestExpense": -35000000, "incomeBeforeTax": -39028000, "incomeTaxExpense": 0, "minorityInterest": {}, "netIncomeFromContinuingOps": -39028000, "discontinuedOperations": {}, "extraordinaryItems": {}, "effectOfAccountingCharges": {}, "otherItems": {}, "netIncome": -39028000, "netIncomeApplicableToCommonShares": -39028000}, {"maxAge": 1, "endDate": "2020-03-31", "totalRevenue": 233651000, "costOfRevenue": 131838000, "grossProfit": 101813000, "researchDevelopment": {}, "sellingGeneralAdministrative": 59094000, "nonRecurring": {}, "otherOperatingExpenses": 22900000, "totalOperatingExpenses": 262201000, "operatingIncome": -28550000, "totalOtherIncomeExpenseNet": -17148000, "ebit": -28550000, "interestExpense": -37972000, "incomeBeforeTax": -45698000, "incomeTaxExpense": 0, "minorityInterest": {}, "netIncomeFromContinuingOps": -45698000, "discontinuedOperations": {}, "extraordinaryItems": {}, "effectOfAccountingCharges": {}, "otherItems": {}, "netIncome": -45698000, "netIncomeApplicableToCommonShares": -45698000}, {"maxAge": 1, "endDate": "2019-12-31", "totalRevenue": 250498000, "costOfRevenue": 69856000, "grossProfit": 180642000, "researchDevelopment": {}, "sellingGeneralAdministrative": 76249000, "nonRecurring": {}, "otherOperatingExpenses": 93559000, "totalOperatingExpenses": 253597000, "operatingIncome": -3099000, "totalOtherIncomeExpenseNet": 6684000, "ebit": -3099000, "interestExpense": -27178000, "incomeBeforeTax": 3585000, "incomeTaxExpense": 0, "minorityInterest": {}, "netIncomeFromContinuingOps": 3585000, "discontinuedOperations": {}, "extraordinaryItems": {}, "effectOfAccountingCharges": {}, "otherItems": {}, "netIncome": 3585000, "netIncomeApplicableToCommonShares": 3585000}, {"maxAge": 1, "endDate": "2019-09-30", "totalRevenue": 320035000, "costOfRevenue": 109993000, "grossProfit": 210042000, "researchDevelopment": {}, "sellingGeneralAdministrative": 76196000, "nonRecurring": {}, "otherOperatingExpenses": 101529000, "totalOperatingExpenses": 301651000, "operatingIncome": 18384000, "totalOtherIncomeExpenseNet": -15105000, "ebit": 18384000, "interestExpense": -27272000, "incomeBeforeTax": 3279000, "incomeTaxExpense": 0, "minorityInterest": {}, "netIncomeFromContinuingOps": 3279000, "discontinuedOperations": {}, "extraordinaryItems": {}, "effectOfAccountingCharges": {}, "otherItems": {}, "netIncome": 3279000, "netIncomeApplicableToCommonShares": 3279000}], "maxAge": 86400}, "cashflowStatementHistoryQuarterly": {"cashflowStatements": [{"maxAge": 1, "endDate": "2020-06-30", "netIncome": -39028000, "changeToLiabilities": 0}, {"maxAge": 1, "endDate": "2020-03-31", "netIncome": -45698000, "changeToLiabilities": 0}, {"maxAge": 1, "endDate": "2019-12-31", "netIncome": 3585000, "changeToLiabilities": 0}, {"maxAge": 1, "endDate": "2019-09-30", "netIncome": 3279000, "changeToLiabilities": 0}], "maxAge": 86400}, "insiderHolders": {"holders": [], "maxAge": 1}, "calendarEvents": {"maxAge": 1, "earnings": {"earningsDate": []}}, "price": {"maxAge": 1, "regularMarketChangePercent": 0.04703477, "regularMarketChange": 0.23000002, "regularMarketTime": "2021-04-30 15:29:35", "priceHint": 2, "regularMarketPrice": 5.12, "regularMarketDayHigh": 5.28, "regularMarketDayLow": 4.91, "regularMarketVolume": 10457, "averageDailyVolume10Day": 2051, "averageDailyVolume3Month": 3528, "regularMarketPreviousClose": 4.89, "regularMarketSource": "FREE_REALTIME", "regularMarketOpen": 5.16, "exchange": "BSE", "exchangeName": "BSE", "exchangeDataDelayedBy": 0, "marketState": "CLOSED", "quoteType": "EQUITY", "symbol": "SHALIWIR.BO", "underlyingSymbol": null, "shortName": "SHALIMAR WIRES INDUSTRIES LTD.", "longName": "Shalimar Wires Industries Limited", "currency": "INR", "quoteSourceName": "Delayed Quote", "currencySymbol": "\u20b9", "fromCurrency": null, "toCurrency": null, "lastMarket": null, "marketCap": 218906112}, "balanceSheetHistory": {"balanceSheetStatements": [{"maxAge": 1, "endDate": "2020-03-31", "cash": 22819000, "netReceivables": 288000000, "inventory": 350834000, "otherCurrentAssets": 165346000, "totalCurrentAssets": 826999000, "longTermInvestments": 140000, "propertyPlantEquipment": 1085373000, "intangibleAssets": 3954000, "otherAssets": 65498000, "totalAssets": 1981964000, "accountsPayable": 408491000, "shortLongTermDebt": 94942000, "otherCurrentLiab": 65882000, "longTermDebt": 773084000, "otherLiab": 82139000, "totalCurrentLiabilities": 694772000, "totalLiab": 1552142000, "commonStock": 85510000, "retainedEarnings": 338809000, "treasuryStock": 5503000, "otherStockholderEquity": 5503000, "totalStockholderEquity": 429822000, "netTangibleAssets": 425868000}, {"maxAge": 1, "endDate": "2019-03-31", "cash": 27599000, "netReceivables": 301736000, "inventory": 274045000, "otherCurrentAssets": 154421000, "totalCurrentAssets": 757801000, "longTermInvestments": 140000, "propertyPlantEquipment": 939307000, "intangibleAssets": 4292000, "otherAssets": 72540000, "totalAssets": 1774080000, "accountsPayable": 221933000, "shortLongTermDebt": 84073000, "otherCurrentLiab": 44877000, "longTermDebt": 776225000, "otherLiab": 82597000, "totalCurrentLiabilities": 453521000, "totalLiab": 1314162000, "commonStock": 85510000, "retainedEarnings": 372188000, "treasuryStock": 2220000, "otherStockholderEquity": 2220000, "totalStockholderEquity": 459918000, "netTangibleAssets": 455626000}, {"maxAge": 1, "endDate": "2018-03-31", "cash": 297349000, "netReceivables": 328214000, "inventory": 249600000, "otherCurrentAssets": 62162000, "totalCurrentAssets": 937325000, "longTermInvestments": 140000, "propertyPlantEquipment": 522672000, "intangibleAssets": 5310000, "otherAssets": 119945000, "totalAssets": 1585392000, "accountsPayable": 154507000, "shortLongTermDebt": 63390000, "otherCurrentLiab": 38052000, "longTermDebt": 650602000, "otherLiab": 89735000, "totalCurrentLiabilities": 329540000, "totalLiab": 1072051000, "commonStock": 85510000, "retainedEarnings": 423486000, "treasuryStock": 4345000, "otherStockholderEquity": 4345000, "totalStockholderEquity": 513341000, "netTangibleAssets": 508031000}, {"maxAge": 1, "endDate": "2017-03-31", "cash": 255943000, "netReceivables": 418782000, "inventory": 271360000, "otherCurrentAssets": 61018000, "totalCurrentAssets": 1007103000, "longTermInvestments": 154000, "propertyPlantEquipment": 544605000, "intangibleAssets": 2366000, "otherAssets": 107699000, "totalAssets": 1661927000, "accountsPayable": 118082000, "shortLongTermDebt": 295704000, "otherCurrentLiab": 32734000, "longTermDebt": 519878000, "otherLiab": 85624000, "totalCurrentLiabilities": 2297032000, "totalLiab": 2904383000, "commonStock": 75210000, "retainedEarnings": -1611170000, "treasuryStock": 69000, "otherStockholderEquity": 69000, "totalStockholderEquity": -1535891000, "netTangibleAssets": -1538257000}], "maxAge": 86400}, "financialData": {"maxAge": 86400, "currentPrice": 5.12, "recommendationKey": "none", "grossProfits": 709688000, "financialCurrency": "INR"}}}