{"SHALBY.NS": {"assetProfile": {"address1": "Shalby Hospitals", "address2": "Opposite Karnavati Club Sarkhej Gandhinagar Highway Near Prahlad Nagar Garden", "city": "Ahmedabad", "zip": "380015", "country": "India", "phone": "91 79 4020 3000", "fax": "91 79 4020 3109", "website": "http://www.shalby.org", "industry": "Medical Care Facilities", "sector": "Healthcare", "longBusinessSummary": "Shalby Limited operates multi-specialty hospitals primarily in India. The company offers arthroscopy, arthroplasty, cardiology, cardiothoracic and vascular surgery, cosmetic and aesthetic, dental cosmetic and implant ology, emergency medicine, endocrinology, endoscopy and laparoscopy, ENT surgery, gastroentero surgery, gastroenterology, general medicine and surgery, hair transplant, liver disease and transplant, and hip and knee joint replacement services. It also provides infectious disease, infertility and IVF, intensive and critical care, maxillofacial surgery, nephrology, neuro surgery, neurology, obesity surgery, obstetrics and gynecology, oncology, oncosurgery, ophthalmology and glaucoma, orthopedic and trauma, pediatric orthopedic, pathology and microbiology, pediatrics and neonatology, plastic surgery, pulmonology and chest, radiology and imaging, rheumatology, trauma, organ donation, and urosurgery services. The company operates 11 hospitals comprising aggregate capacity of 2,012 beds. In addition, it offers outpatient services through 37 outpatient clinics and shared surgery centers within third party hospitals, as well as provides hospital management contract services; educational programs and fellowships for paramedical students and other healthcare professionals; and homecare health services, such as attendants, doctors, nursing, physiotherapy, pathology, pharmacy, and medical equipment, as well as conducts clinical research trials. It also operates in Kenya, Tanzania, Rwanda, Uganda, the United Arab Emirates, Bangladesh, Cambodia, Jakarta, Oman, Uzbekistan, Nepal, and internationally. The company was formerly known as Shalby Hospitals Limited and changed its name to Shalby Limited in February 2008. Shalby Limited was founded in 1994 and is based in Ahmedabad, India.", "fullTimeEmployees": 4000, "companyOfficers": [{"maxAge": 1, "name": "Dr. Vikram I. Shah", "age": 57, "title": "Founder, Chairman & MD", "yearBorn": 1963, "fiscalYear": 2020, "totalPay": 19390000, "exercisedValue": 0, "unexercisedValue": 0}, {"maxAge": 1, "name": "Mr. Prahlad Rai Inani", "title": "Chief Financial Officer", "fiscalYear": 2020, "totalPay": 5210000, "exercisedValue": 0, "unexercisedValue": 0}, {"maxAge": 1, "name": "Ms. Nishita  Shukla", "title": "Chief Operating Officer of Ahmedabad Cluster", "fiscalYear": 2020, "totalPay": 5750000, "exercisedValue": 0, "unexercisedValue": 0}, {"maxAge": 1, "name": "Mr. Shalinder  Madhok", "title": "Chief Information Officer", "exercisedValue": 0, "unexercisedValue": 0}, {"maxAge": 1, "name": "Mr. Tushar D. Shah", "age": 42, "title": "Company Sec. & Compliance Officer", "yearBorn": 1978, "exercisedValue": 0, "unexercisedValue": 0}, {"maxAge": 1, "name": "Mr. Babu  Thomas", "title": "Chief HR Officer", "exercisedValue": 0, "unexercisedValue": 0}, {"maxAge": 1, "name": "Mr. Shanay  Shah", "age": 28, "title": "Director of International Bus.", "yearBorn": 1992, "exercisedValue": 0, "unexercisedValue": 0}, {"maxAge": 1, "name": "Mr. Chittaranjan  Tripathy", "title": "VP of Projects", "exercisedValue": 0, "unexercisedValue": 0}, {"maxAge": 1, "name": "Mr. Mahesh  Purohit", "title": "Assistant Mang. of Corp. Strategy & IR", "exercisedValue": 0, "unexercisedValue": 0}, {"maxAge": 1, "name": "Mr. Murari  Rajan MBA,ACA,B.Com", "age": 57, "title": "Principal Advisor to Chairman & Managing Director", "yearBorn": 1963, "exercisedValue": 0, "unexercisedValue": 0}], "compensationAsOfEpochDate": "2020-12-31 05:30:00", "maxAge": 86400}, "recommendationTrend": {"trend": [{"period": "0m", "strongBuy": 0, "buy": 0, "hold": 0, "sell": 0, "strongSell": 0}, {"period": "-1m", "strongBuy": 0, "buy": 0, "hold": 0, "sell": 0, "strongSell": 0}, {"period": "-2m", "strongBuy": 0, "buy": 0, "hold": 0, "sell": 0, "strongSell": 0}, {"period": "-3m", "strongBuy": 0, "buy": 0, "hold": 0, "sell": 0, "strongSell": 0}], "maxAge": 86400}, "cashflowStatementHistory": {"cashflowStatements": [{"maxAge": 1, "endDate": "2020-03-31", "netIncome": 275870000, "depreciation": 356500000, "changeToNetincome": 93330000, "changeToAccountReceivables": -185670000, "changeToLiabilities": 89530000, "changeToInventory": -24140000, "changeToOperatingActivities": -55380000, "totalCashFromOperatingActivities": 553740000, "capitalExpenditures": -197690000, "investments": -160340000, "otherCashflowsFromInvestingActivities": 51350000, "totalCashflowsFromInvestingActivities": -306680000, "dividendsPaid": -54000000, "netBorrowings": -86070000, "otherCashflowsFromFinancingActivities": -74920000, "totalCashFromFinancingActivities": -214990000, "changeInCash": 32070000}, {"maxAge": 1, "endDate": "2019-03-31", "netIncome": 316610000, "depreciation": 329800000, "changeToNetincome": 118880000, "changeToAccountReceivables": -421360000, "changeToLiabilities": 177750000, "changeToInventory": -7570000, "changeToOperatingActivities": -82050000, "totalCashFromOperatingActivities": 433990000, "capitalExpenditures": -314940000, "investments": -114840000, "otherCashflowsFromInvestingActivities": 442220000, "totalCashflowsFromInvestingActivities": 13940000, "dividendsPaid": -54000000, "netBorrowings": -428590000, "otherCashflowsFromFinancingActivities": -83870000, "totalCashFromFinancingActivities": -512460000, "changeInCash": -64530000}, {"maxAge": 1, "endDate": "2018-03-31", "netIncome": 393780000, "depreciation": 227140000, "changeToNetincome": 124220000, "changeToAccountReceivables": -220390000, "changeToLiabilities": 79900000, "changeToInventory": -43510000, "changeToOperatingActivities": -423210000, "totalCashFromOperatingActivities": 139350000, "capitalExpenditures": -1383590000, "investments": -114840000, "otherCashflowsFromInvestingActivities": -981490000, "totalCashflowsFromInvestingActivities": -2365080000, "dividendsPaid": -54000000, "netBorrowings": -2286950000, "otherCashflowsFromFinancingActivities": -375360000, "totalCashFromFinancingActivities": 2222180000, "changeInCash": 120000, "issuanceOfStock": 4884490000}, {"maxAge": 1, "endDate": "2017-03-31", "netIncome": 296930000, "depreciation": 164210000, "changeToNetincome": 196140000, "changeToAccountReceivables": -51830000, "changeToLiabilities": -76310000, "changeToInventory": -1580000, "changeToOperatingActivities": 74090000, "totalCashFromOperatingActivities": 604460000, "capitalExpenditures": -1581230000, "investments": -114840000, "otherCashflowsFromInvestingActivities": 48200000, "totalCashflowsFromInvestingActivities": -1533030000, "dividendsPaid": -54000000, "netBorrowings": 998180000, "otherCashflowsFromFinancingActivities": -48300000, "totalCashFromFinancingActivities": 956390000, "changeInCash": 27820000, "issuanceOfStock": 6510000}], "maxAge": 86400}, "indexTrend": {"maxAge": 1, "symbol": "SP5", "peRatio": 19.7411, "pegRatio": 1.34172, "estimates": [{"period": "0q", "growth": 0.549}, {"period": "+1q", "growth": 0.431}, {"period": "0y", "growth": 0.305}, {"period": "+1y", "growth": 0.109}, {"period": "+5y", "growth": 0.120865}, {"period": "-5y"}]}, "defaultKeyStatistics": {"maxAge": 1, "priceHint": 2, "enterpriseValue": 12604503040, "profitMargins": 0.03923, "floatShares": 18673467, "sharesOutstanding": 108010000, "heldPercentInsiders": 0.80194, "heldPercentInstitutions": 0.00278, "beta": 1.37706, "category": null, "bookValue": 75.022, "priceToBook": 1.6301885, "fundFamily": null, "legalType": null, "lastFiscalYearEnd": "2020-03-31 05:30:00", "nextFiscalYearEnd": "2022-03-31 05:30:00", "mostRecentQuarter": "2020-12-31 05:30:00", "earningsQuarterlyGrowth": 1.064, "netIncomeToCommon": 154850000, "trailingEps": 1.43, "lastSplitFactor": null, "enterpriseToRevenue": 3.193, "enterpriseToEbitda": 21.392}, "industryTrend": {"maxAge": 1, "symbol": null, "estimates": []}, "quoteType": {"exchange": "NSI", "quoteType": "EQUITY", "symbol": "SHALBY.NS", "underlyingSymbol": "SHALBY.NS", "shortName": "SHALBY LTD", "longName": "Shalby Limited", "firstTradeDateEpochUtc": "2017-12-15 09:15:00", "timeZoneFullName": "Asia/Kolkata", "timeZoneShortName": "IST", "uuid": "241ccdc8-62b6-3762-a6a4-314505141072", "gmtOffSetMilliseconds": 19800000, "maxAge": 1}, "incomeStatementHistory": {"incomeStatementHistory": [{"maxAge": 1, "endDate": "2020-03-31", "totalRevenue": 4868580000, "costOfRevenue": 3723810000, "grossProfit": 1144770000, "researchDevelopment": {}, "sellingGeneralAdministrative": 99710000, "nonRecurring": {}, "otherOperatingExpenses": 220180000, "totalOperatingExpenses": 4403900000, "operatingIncome": 464680000, "totalOtherIncomeExpenseNet": 102590000, "ebit": 464680000, "interestExpense": -59020000, "incomeBeforeTax": 567270000, "incomeTaxExpense": 291410000, "minorityInterest": 500000, "netIncomeFromContinuingOps": 275860000, "discontinuedOperations": {}, "extraordinaryItems": {}, "effectOfAccountingCharges": {}, "otherItems": {}, "netIncome": 275870000, "netIncomeApplicableToCommonShares": 275870000}, {"maxAge": 1, "endDate": "2019-03-31", "totalRevenue": 4622640000, "costOfRevenue": 3565950000, "grossProfit": 1056690000, "researchDevelopment": {}, "sellingGeneralAdministrative": 68910000, "nonRecurring": {}, "otherOperatingExpenses": 157800000, "totalOperatingExpenses": 4124390000, "operatingIncome": 498250000, "totalOtherIncomeExpenseNet": 5630000, "ebit": 498250000, "interestExpense": -79180000, "incomeBeforeTax": 503880000, "incomeTaxExpense": 187340000, "minorityInterest": 510000, "netIncomeFromContinuingOps": 316540000, "discontinuedOperations": {}, "extraordinaryItems": {}, "effectOfAccountingCharges": {}, "otherItems": {}, "netIncome": 316610000, "netIncomeApplicableToCommonShares": 316610000}, {"maxAge": 1, "endDate": "2018-03-31", "totalRevenue": 3779940000, "costOfRevenue": 2740560000, "grossProfit": 1039380000, "researchDevelopment": {}, "sellingGeneralAdministrative": 72720000, "nonRecurring": {}, "otherOperatingExpenses": 155850000, "totalOperatingExpenses": 3197690000, "operatingIncome": 582250000, "totalOtherIncomeExpenseNet": -44960000, "ebit": 582250000, "interestExpense": -113930000, "incomeBeforeTax": 537290000, "incomeTaxExpense": 145590000, "minorityInterest": 580000, "netIncomeFromContinuingOps": 391700000, "discontinuedOperations": {}, "extraordinaryItems": {}, "effectOfAccountingCharges": {}, "otherItems": {}, "netIncome": 393780000, "netIncomeApplicableToCommonShares": 233440000}, {"maxAge": 1, "endDate": "2017-03-31", "totalRevenue": 3237660000, "costOfRevenue": 2324830000, "grossProfit": 912830000, "researchDevelopment": {}, "sellingGeneralAdministrative": 46650000, "nonRecurring": {}, "otherOperatingExpenses": 152860000, "totalOperatingExpenses": 2691360000, "operatingIncome": 546300000, "totalOtherIncomeExpenseNet": -41330000, "ebit": 546300000, "interestExpense": -104300000, "incomeBeforeTax": 504970000, "incomeTaxExpense": 217950000, "minorityInterest": -6220000, "netIncomeFromContinuingOps": 287020000, "discontinuedOperations": {}, "extraordinaryItems": {}, "effectOfAccountingCharges": {}, "otherItems": {}, "netIncome": 296930000, "netIncomeApplicableToCommonShares": 296930000}], "maxAge": 86400}, "fundOwnership": {"ownershipList": [], "maxAge": 1}, "summaryDetail": {"maxAge": 1, "priceHint": 2, "previousClose": 122.9, "open": 121.7, "dayLow": 120.2, "dayHigh": 126.6, "regularMarketPreviousClose": 122.9, "regularMarketOpen": 121.7, "regularMarketDayLow": 120.2, "regularMarketDayHigh": 126.6, "dividendRate": 0.5, "dividendYield": 0.0041, "exDividendDate": "2020-09-04 05:30:00", "payoutRatio": 0.3497, "beta": 1.37706, "trailingPE": 85.52448, "volume": 790958, "regularMarketVolume": 790958, "averageVolume": 402925, "averageVolume10days": 321911, "averageDailyVolume10Day": 321911, "bid": 0.0, "ask": 0.0, "bidSize": 0, "askSize": 0, "marketCap": 13215004672, "fiftyTwoWeekLow": 44.5, "fiftyTwoWeekHigh": 134.6, "priceToSalesTrailing12Months": 3.347715, "fiftyDayAverage": 105.11617, "twoHundredDayAverage": 102.01737, "trailingAnnualDividendRate": 0.5, "trailingAnnualDividendYield": 0.004068348, "currency": "INR", "fromCurrency": null, "lastMarket": null, "algorithm": null, "tradeable": false}, "insiderHolders": {"holders": [{"maxAge": 1, "name": "Shah (Kairav Kirit)", "relation": "Promoter", "url": "", "transactionDescription": "Acquisition", "latestTransDate": "2020-09-21", "positionDirect": 57306, "positionDirectDate": "2020-09-21"}], "maxAge": 1}, "calendarEvents": {"maxAge": 1, "earnings": {"earningsDate": []}, "exDividendDate": "2020-09-04 05:30:00"}, "upgradeDowngradeHistory": {"history": [], "maxAge": 86400}, "price": {"maxAge": 1, "regularMarketChangePercent": -0.0048820055, "regularMarketChange": -0.5999985, "regularMarketTime": "2021-04-30 15:30:00", "priceHint": 2, "regularMarketPrice": 122.3, "regularMarketDayHigh": 126.6, "regularMarketDayLow": 120.2, "regularMarketVolume": 790958, "averageDailyVolume10Day": 321911, "averageDailyVolume3Month": 402925, "regularMarketPreviousClose": 122.9, "regularMarketSource": "FREE_REALTIME", "regularMarketOpen": 121.7, "exchange": "NSI", "exchangeName": "NSE", "exchangeDataDelayedBy": 15, "marketState": "CLOSED", "quoteType": "EQUITY", "symbol": "SHALBY.NS", "underlyingSymbol": null, "shortName": "SHALBY LTD", "longName": "Shalby Limited", "currency": "INR", "quoteSourceName": "Delayed Quote", "currencySymbol": "\u20b9", "fromCurrency": null, "lastMarket": null, "volume24Hr": {}, "volumeAllCurrencies": {}, "circulatingSupply": {}, "marketCap": 13215004672}, "balanceSheetHistory": {"balanceSheetStatements": [{"maxAge": 1, "endDate": "2020-03-31", "cash": 84600000, "netReceivables": 1036260000, "inventory": 152240000, "otherCurrentAssets": 785380000, "totalCurrentAssets": 2337260000, "propertyPlantEquipment": 6646070000, "goodWill": 101550000, "intangibleAssets": 42190000, "otherAssets": 539250000, "totalAssets": 9666320000, "accountsPayable": 601550000, "shortLongTermDebt": 135440000, "otherCurrentLiab": 27960000, "longTermDebt": 486730000, "otherLiab": 310200000, "minorityInterest": 500000, "totalCurrentLiabilities": 832470000, "totalLiab": 1674140000, "commonStock": 1080100000, "retainedEarnings": 2424120000, "treasuryStock": 14510000, "capitalSurplus": 4472950000, "otherStockholderEquity": 14510000, "totalStockholderEquity": 7991680000, "netTangibleAssets": 7847940000}, {"maxAge": 1, "endDate": "2019-03-31", "cash": 51830000, "netReceivables": 899860000, "inventory": 128100000, "otherCurrentAssets": 785400000, "totalCurrentAssets": 1972950000, "propertyPlantEquipment": 6831130000, "goodWill": 101550000, "intangibleAssets": 20650000, "otherAssets": 465290000, "deferredLongTermAssetCharges": 20300000, "totalAssets": 9391570000, "accountsPayable": 562750000, "shortLongTermDebt": 139160000, "otherCurrentLiab": 116220000, "longTermDebt": 569080000, "otherLiab": 140060000, "minorityInterest": 510000, "totalCurrentLiabilities": 884050000, "totalLiab": 1593190000, "commonStock": 1080100000, "retainedEarnings": 2213180000, "treasuryStock": 14510000, "capitalSurplus": 4490080000, "otherStockholderEquity": 14510000, "totalStockholderEquity": 7797870000, "netTangibleAssets": 7675670000}, {"maxAge": 1, "endDate": "2018-03-31", "cash": 116690000, "netReceivables": 684890000, "inventory": 120530000, "otherCurrentAssets": 1191710000, "totalCurrentAssets": 2120400000, "propertyPlantEquipment": 6862760000, "goodWill": 101550000, "intangibleAssets": 7880000, "otherAssets": 521620000, "deferredLongTermAssetCharges": 113350000, "totalAssets": 9614210000, "accountsPayable": 491670000, "shortLongTermDebt": 225490000, "otherCurrentLiab": 212600000, "longTermDebt": 754420000, "otherLiab": 196880000, "minorityInterest": 580000, "totalCurrentLiabilities": 1147770000, "totalLiab": 2099070000, "commonStock": 1080100000, "retainedEarnings": 1895840000, "treasuryStock": 14510000, "capitalSurplus": 4524110000, "otherStockholderEquity": 14510000, "totalStockholderEquity": 7514560000, "netTangibleAssets": 7405130000}, {"maxAge": 1, "endDate": "2017-03-31", "cash": 116970000, "netReceivables": 525800000, "inventory": 76470000, "otherCurrentAssets": 164660000, "totalCurrentAssets": 890060000, "propertyPlantEquipment": 5415880000, "goodWill": 19580000, "intangibleAssets": 5030000, "otherAssets": 454560000, "deferredLongTermAssetCharges": 71700000, "totalAssets": 6785110000, "accountsPayable": 392310000, "shortLongTermDebt": 164410000, "otherCurrentLiab": 403840000, "longTermDebt": 2854040000, "otherLiab": 126440000, "minorityInterest": -6220000, "totalCurrentLiabilities": 1296800000, "totalLiab": 4277280000, "commonStock": 874090000, "retainedEarnings": 1619480000, "treasuryStock": 17240000, "capitalSurplus": 3240000, "otherStockholderEquity": 17240000, "totalStockholderEquity": 2514050000, "netTangibleAssets": 2489440000}], "maxAge": 86400}, "earningsTrend": {"trend": [{"maxAge": 1, "period": "0q", "endDate": null, "growth": {}, "earningsEstimate": {"avg": 0.0, "low": 0.0, "high": 0.0, "yearAgoEps": {}, "numberOfAnalysts": 0, "growth": {}}, "revenueEstimate": {"avg": 0, "low": 0, "high": 0, "numberOfAnalysts": 0, "yearAgoRevenue": {}, "growth": {}}, "epsTrend": {"current": 0.0, "7daysAgo": 0.0, "30daysAgo": 0.0, "60daysAgo": 0.0, "90daysAgo": 0.0}, "epsRevisions": {"upLast7days": 0, "upLast30days": 0, "downLast30days": 0, "downLast90days": {}}}, {"maxAge": 1, "period": "+1q", "endDate": null, "growth": {}, "earningsEstimate": {"avg": 0.0, "low": 0.0, "high": 0.0, "yearAgoEps": {}, "numberOfAnalysts": 0, "growth": {}}, "revenueEstimate": {"avg": 0, "low": 0, "high": 0, "numberOfAnalysts": 0, "yearAgoRevenue": {}, "growth": {}}, "epsTrend": {"current": 0.0, "7daysAgo": 0.0, "30daysAgo": 0.0, "60daysAgo": 0.0, "90daysAgo": 0.0}, "epsRevisions": {"upLast7days": 0, "upLast30days": 0, "downLast30days": 0, "downLast90days": {}}}, {"maxAge": 1, "period": "0y", "endDate": null, "growth": {}, "earningsEstimate": {"avg": 0.0, "low": 0.0, "high": 0.0, "yearAgoEps": {}, "numberOfAnalysts": 0, "growth": {}}, "revenueEstimate": {"avg": 0, "low": 0, "high": 0, "numberOfAnalysts": 0, "yearAgoRevenue": {}, "growth": {}}, "epsTrend": {"current": 0.0, "7daysAgo": 0.0, "30daysAgo": 0.0, "60daysAgo": 0.0, "90daysAgo": 0.0}, "epsRevisions": {"upLast7days": 0, "upLast30days": 0, "downLast30days": 0, "downLast90days": {}}}, {"maxAge": 1, "period": "+1y", "endDate": null, "growth": {}, "earningsEstimate": {"avg": 0.0, "low": 0.0, "high": 0.0, "yearAgoEps": {}, "numberOfAnalysts": 0, "growth": {}}, "revenueEstimate": {"avg": 0, "low": 0, "high": 0, "numberOfAnalysts": 0, "yearAgoRevenue": {}, "growth": {}}, "epsTrend": {"current": 0.0, "7daysAgo": 0.0, "30daysAgo": 0.0, "60daysAgo": 0.0, "90daysAgo": 0.0}, "epsRevisions": {"upLast7days": 0, "upLast30days": 0, "downLast30days": 0, "downLast90days": {}}}, {"maxAge": 1, "period": "+5y", "endDate": null, "growth": {}, "earningsEstimate": {"avg": {}, "low": {}, "high": {}, "yearAgoEps": {}, "numberOfAnalysts": {}, "growth": {}}, "revenueEstimate": {"avg": {}, "low": {}, "high": {}, "numberOfAnalysts": {}, "yearAgoRevenue": {}, "growth": {}}, "epsTrend": {"current": {}, "7daysAgo": {}, "30daysAgo": {}, "60daysAgo": {}, "90daysAgo": {}}, "epsRevisions": {"upLast7days": {}, "upLast30days": {}, "downLast30days": {}, "downLast90days": {}}}, {"maxAge": 1, "period": "-5y", "endDate": null, "growth": {}, "earningsEstimate": {"avg": {}, "low": {}, "high": {}, "yearAgoEps": {}, "numberOfAnalysts": {}, "growth": {}}, "revenueEstimate": {"avg": {}, "low": {}, "high": {}, "numberOfAnalysts": {}, "yearAgoRevenue": {}, "growth": {}}, "epsTrend": {"current": {}, "7daysAgo": {}, "30daysAgo": {}, "60daysAgo": {}, "90daysAgo": {}}, "epsRevisions": {"upLast7days": {}, "upLast30days": {}, "downLast30days": {}, "downLast90days": {}}}], "maxAge": 1}, "institutionOwnership": {"ownershipList": [], "maxAge": 1}, "majorHoldersBreakdown": {"maxAge": 1, "insidersPercentHeld": 0.80194, "institutionsPercentHeld": 0.00278, "institutionsFloatPercentHeld": 0.014040001, "institutionsCount": 2}, "balanceSheetHistoryQuarterly": {"balanceSheetStatements": [{"maxAge": 1, "endDate": "2020-12-31", "totalStockholderEquity": 8086510000, "netTangibleAssets": 7938180000}, {"maxAge": 1, "endDate": "2020-09-30", "cash": 323670000, "shortTermInvestments": 817320000, "netReceivables": 846310000, "inventory": 216760000, "otherCurrentAssets": 145230000, "totalCurrentAssets": 2349290000, "longTermInvestments": 52230000, "propertyPlantEquipment": 6489480000, "goodWill": 101550000, "intangibleAssets": 46780000, "otherAssets": 525150000, "deferredLongTermAssetCharges": 350000, "totalAssets": 9564480000, "accountsPayable": 556330000, "shortLongTermDebt": 159980000, "otherCurrentLiab": 76570000, "longTermDebt": 397790000, "otherLiab": 276630000, "minorityInterest": 490000, "totalCurrentLiabilities": 803060000, "totalLiab": 1477480000, "commonStock": 1080100000, "treasuryStock": 7006410000, "otherStockholderEquity": 7006410000, "totalStockholderEquity": 8086510000, "netTangibleAssets": 7938180000}, {"maxAge": 1, "endDate": "2020-06-30", "totalStockholderEquity": 7991680000, "netTangibleAssets": 7847940000}, {"maxAge": 1, "endDate": "2020-03-31", "cash": 84600000, "netReceivables": 1036260000, "inventory": 152240000, "otherCurrentAssets": 785380000, "totalCurrentAssets": 2337260000, "propertyPlantEquipment": 6646070000, "goodWill": 101550000, "intangibleAssets": 42190000, "otherAssets": 539250000, "totalAssets": 9666320000, "accountsPayable": 601550000, "shortLongTermDebt": 135440000, "otherCurrentLiab": 27960000, "longTermDebt": 486730000, "otherLiab": 310200000, "minorityInterest": 500000, "totalCurrentLiabilities": 832470000, "totalLiab": 1674140000, "commonStock": 1080100000, "retainedEarnings": 2424120000, "treasuryStock": 14510000, "capitalSurplus": 4472950000, "otherStockholderEquity": 14510000, "totalStockholderEquity": 7991680000, "netTangibleAssets": 7847940000}], "maxAge": 86400}, "earningsHistory": {"history": [{"maxAge": 1, "epsActual": {}, "epsEstimate": {}, "epsDifference": {}, "surprisePercent": {}, "quarter": {}, "period": "-4q"}, {"maxAge": 1, "epsActual": {}, "epsEstimate": {}, "epsDifference": {}, "surprisePercent": {}, "quarter": {}, "period": "-3q"}, {"maxAge": 1, "epsActual": {}, "epsEstimate": {}, "epsDifference": {}, "surprisePercent": {}, "quarter": {}, "period": "-2q"}, {"maxAge": 1, "epsActual": {}, "epsEstimate": {}, "epsDifference": {}, "surprisePercent": {}, "quarter": {}, "period": "-1q"}], "maxAge": 86400}, "summaryProfile": {"address1": "Shalby Hospitals", "address2": "Opposite Karnavati Club Sarkhej Gandhinagar Highway Near Prahlad Nagar Garden", "city": "Ahmedabad", "zip": "380015", "country": "India", "phone": "91 79 4020 3000", "fax": "91 79 4020 3109", "website": "http://www.shalby.org", "industry": "Medical Care Facilities", "sector": "Healthcare", "longBusinessSummary": "Shalby Limited operates multi-specialty hospitals primarily in India. The company offers arthroscopy, arthroplasty, cardiology, cardiothoracic and vascular surgery, cosmetic and aesthetic, dental cosmetic and implant ology, emergency medicine, endocrinology, endoscopy and laparoscopy, ENT surgery, gastroentero surgery, gastroenterology, general medicine and surgery, hair transplant, liver disease and transplant, and hip and knee joint replacement services. It also provides infectious disease, infertility and IVF, intensive and critical care, maxillofacial surgery, nephrology, neuro surgery, neurology, obesity surgery, obstetrics and gynecology, oncology, oncosurgery, ophthalmology and glaucoma, orthopedic and trauma, pediatric orthopedic, pathology and microbiology, pediatrics and neonatology, plastic surgery, pulmonology and chest, radiology and imaging, rheumatology, trauma, organ donation, and urosurgery services. The company operates 11 hospitals comprising aggregate capacity of 2,012 beds. In addition, it offers outpatient services through 37 outpatient clinics and shared surgery centers within third party hospitals, as well as provides hospital management contract services; educational programs and fellowships for paramedical students and other healthcare professionals; and homecare health services, such as attendants, doctors, nursing, physiotherapy, pathology, pharmacy, and medical equipment, as well as conducts clinical research trials. It also operates in Kenya, Tanzania, Rwanda, Uganda, the United Arab Emirates, Bangladesh, Cambodia, Jakarta, Oman, Uzbekistan, Nepal, and internationally. The company was formerly known as Shalby Hospitals Limited and changed its name to Shalby Limited in February 2008. Shalby Limited was founded in 1994 and is based in Ahmedabad, India.", "fullTimeEmployees": 4000, "companyOfficers": [], "maxAge": 86400}, "netSharePurchaseActivity": {"maxAge": 1, "period": "6m", "buyInfoCount": 0, "buyInfoShares": 0, "sellInfoCount": 0, "netInfoCount": 0, "netInfoShares": 0, "netPercentInsiderShares": 0.0, "totalInsiderShares": 86470720}, "insiderTransactions": {"transactions": [{"maxAge": 1, "shares": 500, "value": 552, "filerUrl": "", "transactionText": "Acquisition at price 1.11 per share.", "filerName": "Shah (Kairav Kirit)", "filerRelation": "Promoter", "moneyText": "", "startDate": "2020-09-21", "ownership": "D"}, {"maxAge": 1, "shares": 3500, "value": 3979, "filerUrl": "", "transactionText": "Acquisition at price 1.14 per share.", "filerName": "Shah (Kairav Kirit)", "filerRelation": "Promoter", "moneyText": "", "startDate": "2020-09-18", "ownership": "D"}, {"maxAge": 1, "shares": 6000, "value": 6478, "filerUrl": "", "transactionText": "Acquisition at price 1.08 per share.", "filerName": "Shah (Kairav Kirit)", "filerRelation": "Promoter", "moneyText": "", "startDate": "2020-09-17", "ownership": "D"}, {"maxAge": 1, "shares": 8206, "filerUrl": "", "transactionText": "", "filerName": "Shah (Kairav Kirit)", "filerRelation": "Promoter", "moneyText": "", "startDate": "2020-02-24", "ownership": "D"}, {"maxAge": 1, "shares": 12199, "filerUrl": "", "transactionText": "", "filerName": "Shah (Kairav Kirit)", "filerRelation": "Promoter", "moneyText": "", "startDate": "2019-05-30", "ownership": "D"}, {"maxAge": 1, "shares": 4501, "filerUrl": "", "transactionText": "", "filerName": "Shah (Kairav Kirit)", "filerRelation": "Promoter", "moneyText": "", "startDate": "2019-05-29", "ownership": "D"}, {"maxAge": 1, "shares": 7400, "filerUrl": "", "transactionText": "", "filerName": "Shah (Kairav Kirit)", "filerRelation": "Promoter", "moneyText": "", "startDate": "2019-05-28", "ownership": "D"}, {"maxAge": 1, "shares": 5000, "filerUrl": "", "transactionText": "", "filerName": "Shah (Kairav Kirit)", "filerRelation": "Promoter", "moneyText": "", "startDate": "2018-02-21", "ownership": "D"}, {"maxAge": 1, "shares": 1000, "filerUrl": "", "transactionText": "", "filerName": "Shah (Kairav Kirit)", "filerRelation": "Promoter", "moneyText": "", "startDate": "2017-12-22", "ownership": "D"}, {"maxAge": 1, "shares": 7000, "filerUrl": "", "transactionText": "", "filerName": "Shah (Kairav Kirit)", "filerRelation": "Promoter", "moneyText": "", "startDate": "2017-12-19", "ownership": "D"}], "maxAge": 1}, "sectorTrend": {"maxAge": 1, "symbol": null, "estimates": []}, "incomeStatementHistoryQuarterly": {"incomeStatementHistory": [{"maxAge": 1, "endDate": "2020-12-31", "totalRevenue": 1317950000, "costOfRevenue": 910530000, "grossProfit": 407420000, "researchDevelopment": {}, "sellingGeneralAdministrative": {}, "nonRecurring": {}, "otherOperatingExpenses": 99860000, "totalOperatingExpenses": 1102970000, "operatingIncome": 214980000, "totalOtherIncomeExpenseNet": 13580000, "ebit": 214980000, "interestExpense": -9000000, "incomeBeforeTax": 228560000, "incomeTaxExpense": 60370000, "minorityInterest": {}, "netIncomeFromContinuingOps": 168190000, "discontinuedOperations": {}, "extraordinaryItems": {}, "effectOfAccountingCharges": {}, "otherItems": {}, "netIncome": 168210000, "netIncomeApplicableToCommonShares": 168210000}, {"maxAge": 1, "endDate": "2020-09-30", "totalRevenue": 1156160000, "costOfRevenue": 775470000, "grossProfit": 380690000, "researchDevelopment": {}, "sellingGeneralAdministrative": {}, "nonRecurring": {}, "otherOperatingExpenses": 85790000, "totalOperatingExpenses": 953220000, "operatingIncome": 202940000, "totalOtherIncomeExpenseNet": 15790000, "ebit": 202940000, "interestExpense": -7790000, "incomeBeforeTax": 218730000, "incomeTaxExpense": -25940000, "minorityInterest": 490000, "netIncomeFromContinuingOps": 244670000, "discontinuedOperations": {}, "extraordinaryItems": {}, "effectOfAccountingCharges": {}, "otherItems": {}, "netIncome": 244680000, "netIncomeApplicableToCommonShares": 244680000}, {"maxAge": 1, "endDate": "2020-06-30", "totalRevenue": 384440000, "costOfRevenue": 358730000, "grossProfit": 25710000, "researchDevelopment": {}, "sellingGeneralAdministrative": {}, "nonRecurring": {}, "otherOperatingExpenses": 74090000, "totalOperatingExpenses": 522500000, "operatingIncome": -138060000, "totalOtherIncomeExpenseNet": 11270000, "ebit": -138060000, "interestExpense": -11820000, "incomeBeforeTax": -126790000, "incomeTaxExpense": -39780000, "minorityInterest": 490000, "netIncomeFromContinuingOps": -87010000, "discontinuedOperations": {}, "extraordinaryItems": {}, "effectOfAccountingCharges": {}, "otherItems": {}, "netIncome": -87000000, "netIncomeApplicableToCommonShares": -87000000}, {"maxAge": 1, "endDate": "2020-03-31", "totalRevenue": 1088920000, "costOfRevenue": 1006150000, "grossProfit": 82770000, "researchDevelopment": {}, "sellingGeneralAdministrative": 99710000, "nonRecurring": {}, "otherOperatingExpenses": -49620000, "totalOperatingExpenses": 1146610000, "operatingIncome": -57690000, "totalOtherIncomeExpenseNet": 76580000, "ebit": -57690000, "interestExpense": -22300000, "incomeBeforeTax": 18890000, "incomeTaxExpense": 189940000, "minorityInterest": 500000, "netIncomeFromContinuingOps": -171050000, "discontinuedOperations": {}, "extraordinaryItems": {}, "effectOfAccountingCharges": {}, "otherItems": {}, "netIncome": -171040000, "netIncomeApplicableToCommonShares": -171040000}], "maxAge": 86400}, "cashflowStatementHistoryQuarterly": {"cashflowStatements": [{"maxAge": 1, "endDate": "2020-12-31", "netIncome": 168210000, "changeToLiabilities": 0}, {"maxAge": 1, "endDate": "2020-09-30", "netIncome": 244680000, "changeToLiabilities": 0}, {"maxAge": 1, "endDate": "2020-06-30", "netIncome": -87000000, "changeToLiabilities": 0}, {"maxAge": 1, "endDate": "2020-03-31", "netIncome": -171040000, "changeToLiabilities": 0}], "maxAge": 86400}, "earnings": {"maxAge": 86400, "earningsChart": {"quarterly": [], "earningsDate": []}, "financialsChart": {"yearly": [{"date": 2017, "revenue": 3237660000, "earnings": 296930000}, {"date": 2018, "revenue": 3779940000, "earnings": 393780000}, {"date": 2019, "revenue": 4622640000, "earnings": 316610000}, {"date": 2020, "revenue": 4868580000, "earnings": 275870000}], "quarterly": [{"date": "1Q2020", "revenue": 1088920000, "earnings": -171040000}, {"date": "2Q2020", "revenue": 384440000, "earnings": -87000000}, {"date": "3Q2020", "revenue": 1156160000, "earnings": 244680000}, {"date": "4Q2020", "revenue": 1317950000, "earnings": 168210000}]}, "financialCurrency": "INR"}, "financialData": {"maxAge": 86400, "currentPrice": 122.3, "targetHighPrice": 275.0, "targetLowPrice": 275.0, "targetMeanPrice": 275.0, "targetMedianPrice": 275.0, "recommendationMean": 1.0, "recommendationKey": "strong_buy", "numberOfAnalystOpinions": 1, "totalCash": 1140989952, "totalCashPerShare": 10.582, "ebitda": 589209984, "totalDebt": 557769984, "totalRevenue": 3947470080, "debtToEquity": 6.897, "revenuePerShare": 36.557, "grossProfits": 1144770000, "earningsGrowth": 1.08, "revenueGrowth": 0.091, "grossMargins": 0.22713, "ebitdaMargins": 0.14926, "operatingMargins": 0.05628, "profitMargins": 0.03923, "financialCurrency": "INR"}}}