{"SHALPAINTS.NS": {"assetProfile": {"address1": "Stainless Centre", "address2": "4th Floor Plot No. 50 Sector 32", "city": "Gurugram", "zip": "122001", "country": "India", "phone": "91 12 4461 6600", "fax": "91 12 4461 6659", "website": "http://www.shalimarpaints.com", "industry": "Specialty Chemicals", "sector": "Basic Materials", "longBusinessSummary": "Shalimar Paints Limited engages in manufacturing, selling, and distributing paints and coatings in India. The company offers decorative paints for interior and exterior surfaces; industrial paints; marine paints, including antifouling paints; packaging coatings for metal decoration; and emulsions, distempers, primers, putty, enamels, varnishes, and lacquers. It markets its products under the Weather Pro, Xtra Tough Premier, Shaktiman, Signature, Stay Clean, Superlac Advance, No 1 Silk and Master, and NO.1 Distemper brand names. The company was formerly known as Shalimar Paint Colour & Varnish Co. Ltd. and changed its name to Shalimar Paints Limited in September 1963. Shalimar Paints Limited was founded in 1902 and is based in Gurugram, India.", "fullTimeEmployees": 617, "companyOfficers": [{"maxAge": 1, "name": "Mr. Ashok Kumar Gupta", "age": 64, "title": "MD & Vice Chairman", "yearBorn": 1956, "fiscalYear": 2020, "totalPay": 24699999, "exercisedValue": 0, "unexercisedValue": 0}, {"maxAge": 1, "name": "Mr. .  Gautam", "title": "Company Sec. & Compliance Officer", "fiscalYear": 2020, "totalPay": 1355834, "exercisedValue": 0, "unexercisedValue": 0}, {"maxAge": 1, "name": "Mr. Jasbir  Singh Bindra", "age": 58, "title": "Director of Sales", "yearBorn": 1962, "fiscalYear": 2019, "exercisedValue": 0, "unexercisedValue": 0}, {"maxAge": 1, "name": "Shalini  Adhaar", "age": 46, "title": "Chief HR Officer", "yearBorn": 1974, "fiscalYear": 2019, "exercisedValue": 0, "unexercisedValue": 0}, {"maxAge": 1, "name": "Mr. Girish  Mahendle", "age": 46, "title": "Head of R&D Decorative", "yearBorn": 1974, "exercisedValue": 0, "unexercisedValue": 0}, {"maxAge": 1, "name": "Mr. Chinmaya  Nayak", "age": 47, "title": "Head R & D - Industrial", "yearBorn": 1973, "fiscalYear": 2018, "exercisedValue": 0, "unexercisedValue": 0}, {"maxAge": 1, "name": "Mayank  Goel", "age": 42, "title": "Head of National Sales", "yearBorn": 1978, "exercisedValue": 0, "unexercisedValue": 0}, {"maxAge": 1, "name": "Mr. Anil  Pandey", "age": 51, "title": "VP", "yearBorn": 1969, "fiscalYear": 2019, "exercisedValue": 0, "unexercisedValue": 0}, {"maxAge": 1, "name": "Suresh  Nair", "title": "VP", "fiscalYear": 2019, "exercisedValue": 0, "unexercisedValue": 0}, {"maxAge": 1, "name": "Minal  Srivastava", "title": "VP", "fiscalYear": 2019, "exercisedValue": 0, "unexercisedValue": 0}], "compensationAsOfEpochDate": "2020-12-31 05:30:00", "maxAge": 86400}, "cashflowStatementHistory": {"cashflowStatements": [{"maxAge": 1, "endDate": "2020-03-31", "netIncome": -381844000, "depreciation": 105703000, "changeToNetincome": 276716000, "changeToAccountReceivables": 11983000, "changeToLiabilities": 67660000, "changeToInventory": -152578000, "changeToOperatingActivities": -23438000, "totalCashFromOperatingActivities": -92961000, "capitalExpenditures": -327717000, "otherCashflowsFromInvestingActivities": 48748000, "totalCashflowsFromInvestingActivities": -278969000, "netBorrowings": -316123000, "otherCashflowsFromFinancingActivities": -198525000, "totalCashFromFinancingActivities": -457613000, "changeInCash": -829542000, "issuanceOfStock": 57035000}, {"maxAge": 1, "endDate": "2019-03-31", "netIncome": -817754000, "depreciation": 84121000, "changeToNetincome": 363989000, "changeToAccountReceivables": -182613000, "changeToLiabilities": -403111000, "changeToInventory": -89047000, "changeToOperatingActivities": 100921000, "totalCashFromOperatingActivities": -939865000, "capitalExpenditures": -332456000, "otherCashflowsFromInvestingActivities": -4591000, "totalCashflowsFromInvestingActivities": -337047000, "netBorrowings": -267135000, "otherCashflowsFromFinancingActivities": -260145000, "totalCashFromFinancingActivities": 1978775000, "changeInCash": 701862000, "issuanceOfStock": 2506055000}, {"maxAge": 1, "endDate": "2018-03-31", "netIncome": -455549000, "depreciation": 74696000, "changeToNetincome": 43342000, "changeToAccountReceivables": 335662000, "changeToLiabilities": 170587000, "changeToInventory": 185468000, "changeToOperatingActivities": 100921000, "totalCashFromOperatingActivities": 358306000, "capitalExpenditures": -144474000, "investments": 29533000, "otherCashflowsFromInvestingActivities": 2257000, "totalCashflowsFromInvestingActivities": -105281000, "netBorrowings": 83320000, "otherCashflowsFromFinancingActivities": -261982000, "totalCashFromFinancingActivities": -178662000, "changeInCash": 74364000, "issuanceOfStock": 2506055000}, {"maxAge": 1, "endDate": "2017-03-31", "netIncome": -96934000, "depreciation": 76166000, "changeToNetincome": 171336000, "changeToAccountReceivables": -688000, "changeToLiabilities": 4791000, "changeToInventory": 183679000, "changeToOperatingActivities": 100921000, "totalCashFromOperatingActivities": 343620000, "capitalExpenditures": -135659000, "investments": -24680000, "otherCashflowsFromInvestingActivities": -34244000, "totalCashflowsFromInvestingActivities": -159990000, "netBorrowings": 34809000, "otherCashflowsFromFinancingActivities": -223688000, "totalCashFromFinancingActivities": -188879000, "changeInCash": -5249000, "issuanceOfStock": 2506055000}], "maxAge": 86400}, "institutionOwnership": {"ownershipList": [], "maxAge": 1}, "majorHoldersBreakdown": {"maxAge": 1, "insidersPercentHeld": 0.68685997, "institutionsPercentHeld": 0.020569999, "institutionsFloatPercentHeld": 0.065689996, "institutionsCount": 1}, "balanceSheetHistoryQuarterly": {"balanceSheetStatements": [{"maxAge": 1, "endDate": "2020-12-31", "totalStockholderEquity": 2586200000, "netTangibleAssets": 2535800000}, {"maxAge": 1, "endDate": "2020-09-30", "cash": 46200000, "netReceivables": 656100000, "inventory": 758000000, "otherCurrentAssets": 178400000, "totalCurrentAssets": 1638700000, "propertyPlantEquipment": 2838900000, "intangibleAssets": 50400000, "otherAssets": 539300000, "deferredLongTermAssetCharges": 522900000, "totalAssets": 5067300000, "accountsPayable": 741200000, "otherCurrentLiab": 216200000, "longTermDebt": 266000000, "otherLiab": 102400000, "totalCurrentLiabilities": 2106400000, "totalLiab": 2481100000, "commonStock": 108600000, "treasuryStock": 2477600000, "otherStockholderEquity": 2477600000, "totalStockholderEquity": 2586200000, "netTangibleAssets": 2535800000}, {"maxAge": 1, "endDate": "2020-06-30", "totalStockholderEquity": 2728700000, "netTangibleAssets": 2673900000}, {"maxAge": 1, "endDate": "2020-03-31", "cash": 28089000, "shortTermInvestments": 17633000, "netReceivables": 799635000, "inventory": 866152000, "otherCurrentAssets": 200989000, "totalCurrentAssets": 1935873000, "longTermInvestments": 23000, "propertyPlantEquipment": 2892693000, "intangibleAssets": 54808000, "otherAssets": 477371000, "deferredLongTermAssetCharges": 459140000, "totalAssets": 5360768000, "accountsPayable": 961038000, "shortLongTermDebt": 18647000, "otherCurrentLiab": 15900000, "longTermDebt": 182029000, "otherLiab": 75680000, "totalCurrentLiabilities": 2365118000, "totalLiab": 2632052000, "commonStock": 108601000, "retainedEarnings": 41975000, "treasuryStock": -348000, "capitalSurplus": 2578488000, "otherStockholderEquity": -348000, "totalStockholderEquity": 2728716000, "netTangibleAssets": 2673908000}], "maxAge": 86400}, "indexTrend": {"maxAge": 1, "symbol": "SP5", "peRatio": 19.7411, "pegRatio": 1.34172, "estimates": [{"period": "0q", "growth": 0.549}, {"period": "+1q", "growth": 0.431}, {"period": "0y", "growth": 0.305}, {"period": "+1y", "growth": 0.109}, {"period": "+5y", "growth": 0.120865}, {"period": "-5y"}]}, "defaultKeyStatistics": {"maxAge": 1, "priceHint": 2, "enterpriseValue": 6130230272, "profitMargins": -0.14693, "floatShares": 18507974, "sharesOutstanding": 54985700, "heldPercentInsiders": 0.68685997, "heldPercentInstitutions": 0.020569999, "beta": 0.952032, "category": null, "bookValue": 47.788, "priceToBook": 1.8582072, "fundFamily": null, "legalType": null, "lastFiscalYearEnd": "2020-03-31 05:30:00", "nextFiscalYearEnd": "2022-03-31 05:30:00", "mostRecentQuarter": "2020-12-31 05:30:00", "netIncomeToCommon": -436744000, "trailingEps": -8.043, "lastSplitFactor": "5:1", "lastSplitDate": "2012-11-22 05:30:00", "enterpriseToRevenue": 2.062, "enterpriseToEbitda": -19.941}, "summaryProfile": {"address1": "Stainless Centre", "address2": "4th Floor Plot No. 50 Sector 32", "city": "Gurugram", "zip": "122001", "country": "India", "phone": "91 12 4461 6600", "fax": "91 12 4461 6659", "website": "http://www.shalimarpaints.com", "industry": "Specialty Chemicals", "sector": "Basic Materials", "longBusinessSummary": "Shalimar Paints Limited engages in manufacturing, selling, and distributing paints and coatings in India. The company offers decorative paints for interior and exterior surfaces; industrial paints; marine paints, including antifouling paints; packaging coatings for metal decoration; and emulsions, distempers, primers, putty, enamels, varnishes, and lacquers. It markets its products under the Weather Pro, Xtra Tough Premier, Shaktiman, Signature, Stay Clean, Superlac Advance, No 1 Silk and Master, and NO.1 Distemper brand names. The company was formerly known as Shalimar Paint Colour & Varnish Co. Ltd. and changed its name to Shalimar Paints Limited in September 1963. Shalimar Paints Limited was founded in 1902 and is based in Gurugram, India.", "fullTimeEmployees": 617, "companyOfficers": [], "maxAge": 86400}, "netSharePurchaseActivity": {"maxAge": 1, "period": "6m", "buyInfoCount": 0, "buyInfoShares": 0, "sellInfoCount": 0, "netInfoCount": 0, "netInfoShares": 0, "netPercentInsiderShares": 0.0, "totalInsiderShares": 37431204}, "insiderTransactions": {"transactions": [{"maxAge": 1, "shares": 775159, "value": 975770, "filerUrl": "", "transactionText": "Other at price 1.26 per share.", "filerName": "Jhunjhunwala (Sarika)", "filerRelation": "Promoter", "moneyText": "", "startDate": "2021-03-30", "ownership": "D"}, {"maxAge": 1, "shares": 582347, "value": 733058, "filerUrl": "", "transactionText": "Other at price 1.26 per share.", "filerName": "Jhunjunwal (Gaurang)", "filerRelation": "UNREPORTED", "moneyText": "", "startDate": "2021-03-30", "ownership": "D"}, {"maxAge": 1, "shares": 775159, "value": 975770, "filerUrl": "", "transactionText": "Other at price 1.26 per share.", "filerName": "Jhunjunwala (Shivang)", "filerRelation": "UNREPORTED", "moneyText": "", "startDate": "2021-03-30", "ownership": "D"}, {"maxAge": 1, "shares": 2715012, "value": 3417657, "filerUrl": "", "transactionText": "Other at price 1.26 per share.", "filerName": "Hind Strategic Investment", "filerRelation": "Promoter", "moneyText": "", "startDate": "2021-03-30", "ownership": "D"}, {"maxAge": 1, "shares": 582347, "value": 733058, "filerUrl": "", "transactionText": "Other at price 1.26 per share.", "filerName": "Jhunjhunwala (Ritu)", "filerRelation": "UNREPORTED", "moneyText": "", "startDate": "2021-03-30", "ownership": "D"}, {"maxAge": 1, "shares": 30000, "filerUrl": "", "transactionText": "", "filerName": "Goyal (Hina Devi)", "filerRelation": "Promoter", "moneyText": "", "startDate": "2019-01-08", "ownership": "D"}, {"maxAge": 1, "shares": 30000, "filerUrl": "", "transactionText": "", "filerName": "Mittal (Kusum)", "filerRelation": "Promoter", "moneyText": "", "startDate": "2019-01-08", "ownership": "D"}, {"maxAge": 1, "shares": 21909, "filerUrl": "", "transactionText": "", "filerName": "Jindal (Savitri Devi)", "filerRelation": "Promoter", "moneyText": "", "startDate": "2019-01-08", "ownership": "D"}, {"maxAge": 1, "shares": 18450, "filerUrl": "", "transactionText": "", "filerName": "Jindal (RK & Sons) HUF", "filerRelation": "Promoter", "moneyText": "", "startDate": "2019-01-08", "ownership": "D"}, {"maxAge": 1, "shares": 99327, "filerUrl": "", "transactionText": "", "filerName": "Jindal (Ratan)", "filerRelation": "Promoter", "moneyText": "", "startDate": "2019-01-08", "ownership": "D"}, {"maxAge": 1, "shares": 21909, "filerUrl": "", "transactionText": "", "filerName": "Jindal (Naveen) HUF", "filerRelation": "Promoter", "moneyText": "", "startDate": "2019-01-08", "ownership": "D"}, {"maxAge": 1, "shares": 53437, "filerUrl": "", "transactionText": "", "filerName": "Jindal (Deepika)", "filerRelation": "Promoter", "moneyText": "", "startDate": "2019-01-08", "ownership": "D"}, {"maxAge": 1, "shares": 350000, "filerUrl": "", "transactionText": "", "filerName": "Jhunjhunwala (Sarika)", "filerRelation": "Promoter", "moneyText": "", "startDate": "2019-01-08", "ownership": "D"}, {"maxAge": 1, "shares": 2000, "filerUrl": "", "transactionText": "", "filerName": "Jhunjhunwala (Sarika)", "filerRelation": "UNREPORTED", "moneyText": "", "startDate": "2018-07-24", "ownership": "D"}, {"maxAge": 1, "shares": 923286, "filerUrl": "", "transactionText": "", "filerName": "Jhunjhunwala (Surya Kumar)", "filerRelation": "UNREPORTED", "moneyText": "", "startDate": "2018-04-11", "ownership": "D"}, {"maxAge": 1, "shares": 31000, "filerUrl": "", "transactionText": "", "filerName": "Jindal (Sajjan)", "filerRelation": "Promoter", "moneyText": "", "startDate": "2017-12-02", "ownership": "D"}, {"maxAge": 1, "shares": 31000, "filerUrl": "", "transactionText": "", "filerName": "Jindal (Sangita)", "filerRelation": "Promoter", "moneyText": "", "startDate": "2017-12-02", "ownership": "D"}, {"maxAge": 1, "shares": 60000, "filerUrl": "", "transactionText": "", "filerName": "Jhunjhunwala (Sarika)", "filerRelation": "Promoter", "moneyText": "", "startDate": "2013-12-09", "ownership": "D"}], "maxAge": 1}, "quoteType": {"exchange": "NSI", "quoteType": "EQUITY", "symbol": "SHALPAINTS.NS", "underlyingSymbol": "SHALPAINTS.NS", "shortName": "SHALIMAR PAINTS", "longName": "Shalimar Paints Limited", "firstTradeDateEpochUtc": "2008-03-03 09:15:00", "timeZoneFullName": "Asia/Kolkata", "timeZoneShortName": "IST", "uuid": "b106b9cf-8928-39c9-9b4d-71e86de18019", "gmtOffSetMilliseconds": 19800000, "maxAge": 1}, "incomeStatementHistory": {"incomeStatementHistory": [{"maxAge": 1, "endDate": "2020-03-31", "totalRevenue": 3438502000, "costOfRevenue": 2352104000, "grossProfit": 1086398000, "researchDevelopment": {}, "sellingGeneralAdministrative": 517014000, "nonRecurring": {}, "otherOperatingExpenses": 904651000, "totalOperatingExpenses": 3882309000, "operatingIncome": -443807000, "totalOtherIncomeExpenseNet": -117759000, "ebit": -443807000, "interestExpense": -174837000, "incomeBeforeTax": -561566000, "incomeTaxExpense": -179722000, "minorityInterest": {}, "netIncomeFromContinuingOps": -381844000, "discontinuedOperations": {}, "extraordinaryItems": {}, "effectOfAccountingCharges": {}, "otherItems": {}, "netIncome": -381844000, "netIncomeApplicableToCommonShares": -381844000}, {"maxAge": 1, "endDate": "2019-03-31", "totalRevenue": 2876199000, "costOfRevenue": 2233945000, "grossProfit": 642254000, "researchDevelopment": {}, "sellingGeneralAdministrative": 463362000, "nonRecurring": {}, "otherOperatingExpenses": 793881000, "totalOperatingExpenses": 3578938000, "operatingIncome": -702739000, "totalOtherIncomeExpenseNet": -389042000, "ebit": -702739000, "interestExpense": -219526000, "incomeBeforeTax": -1091781000, "incomeTaxExpense": -274027000, "minorityInterest": {}, "netIncomeFromContinuingOps": -817754000, "discontinuedOperations": {}, "extraordinaryItems": {}, "effectOfAccountingCharges": {}, "otherItems": {}, "netIncome": -817754000, "netIncomeApplicableToCommonShares": -817754000}, {"maxAge": 1, "endDate": "2018-03-31", "totalRevenue": 2711867000, "costOfRevenue": 2117839000, "grossProfit": 594028000, "researchDevelopment": {}, "sellingGeneralAdministrative": 448813000, "nonRecurring": {}, "otherOperatingExpenses": 488484000, "totalOperatingExpenses": 3131370000, "operatingIncome": -419503000, "totalOtherIncomeExpenseNet": -254191000, "ebit": -419503000, "interestExpense": -229246000, "incomeBeforeTax": -673694000, "incomeTaxExpense": -218145000, "minorityInterest": {}, "netIncomeFromContinuingOps": -455549000, "discontinuedOperations": {}, "extraordinaryItems": {}, "effectOfAccountingCharges": {}, "otherItems": {}, "netIncome": -455549000, "netIncomeApplicableToCommonShares": -455549000}, {"maxAge": 1, "endDate": "2017-03-31", "totalRevenue": 3497822000, "costOfRevenue": 2461595000, "grossProfit": 1036227000, "researchDevelopment": {}, "sellingGeneralAdministrative": 404858000, "nonRecurring": {}, "otherOperatingExpenses": 488452000, "totalOperatingExpenses": 3436341000, "operatingIncome": 61481000, "totalOtherIncomeExpenseNet": -213577000, "ebit": 61481000, "interestExpense": -194013000, "incomeBeforeTax": -152096000, "incomeTaxExpense": -55162000, "minorityInterest": {}, "netIncomeFromContinuingOps": -96934000, "discontinuedOperations": {}, "extraordinaryItems": {}, "effectOfAccountingCharges": {}, "otherItems": {}, "netIncome": -96934000, "netIncomeApplicableToCommonShares": -96934000}], "maxAge": 86400}, "fundOwnership": {"ownershipList": [], "maxAge": 1}, "summaryDetail": {"maxAge": 1, "priceHint": 2, "previousClose": 88.95, "open": 88.95, "dayLow": 87.15, "dayHigh": 90.75, "regularMarketPreviousClose": 88.95, "regularMarketOpen": 88.95, "regularMarketDayLow": 87.15, "regularMarketDayHigh": 90.75, "exDividendDate": "2012-07-09 05:30:00", "payoutRatio": 0.0, "beta": 0.952032, "volume": 44149, "regularMarketVolume": 44149, "averageVolume": 316524, "averageVolume10days": 228186, "averageDailyVolume10Day": 228186, "bid": 0.0, "ask": 0.0, "bidSize": 0, "askSize": 0, "marketCap": 4874489856, "fiftyTwoWeekLow": 49.8, "fiftyTwoWeekHigh": 117.0, "priceToSalesTrailing12Months": 1.6398609, "fiftyDayAverage": 93.02941, "twoHundredDayAverage": 84.18936, "currency": "INR", "fromCurrency": null, "lastMarket": null, "algorithm": null, "tradeable": false}, "incomeStatementHistoryQuarterly": {"incomeStatementHistory": [{"maxAge": 1, "endDate": "2020-12-31", "totalRevenue": 925200000, "costOfRevenue": 590600000, "grossProfit": 334600000, "researchDevelopment": {}, "sellingGeneralAdministrative": 119600000, "nonRecurring": {}, "otherOperatingExpenses": 157300000, "totalOperatingExpenses": 900700000, "operatingIncome": 24500000, "totalOtherIncomeExpenseNet": -48800000, "ebit": 24500000, "interestExpense": -49100000, "incomeBeforeTax": -24300000, "incomeTaxExpense": 46000000, "minorityInterest": {}, "netIncomeFromContinuingOps": -70300000, "discontinuedOperations": {}, "extraordinaryItems": {}, "effectOfAccountingCharges": {}, "otherItems": {}, "netIncome": -70300000, "netIncomeApplicableToCommonShares": -70300000}, {"maxAge": 1, "endDate": "2020-09-30", "totalRevenue": 768100000, "costOfRevenue": 500600000, "grossProfit": 267500000, "researchDevelopment": {}, "sellingGeneralAdministrative": 96300000, "nonRecurring": {}, "otherOperatingExpenses": 126200000, "totalOperatingExpenses": 756400000, "operatingIncome": 11700000, "totalOtherIncomeExpenseNet": -45100000, "ebit": 11700000, "interestExpense": -46500000, "incomeBeforeTax": -33400000, "incomeTaxExpense": 3400000, "minorityInterest": {}, "netIncomeFromContinuingOps": -36800000, "discontinuedOperations": {}, "extraordinaryItems": {}, "effectOfAccountingCharges": {}, "otherItems": {}, "netIncome": -36800000, "netIncomeApplicableToCommonShares": -36800000}, {"maxAge": 1, "endDate": "2020-06-30", "totalRevenue": 444800000, "costOfRevenue": 310100000, "grossProfit": 134700000, "researchDevelopment": {}, "sellingGeneralAdministrative": 95900000, "nonRecurring": {}, "otherOperatingExpenses": 92100000, "totalOperatingExpenses": 531400000, "operatingIncome": -86600000, "totalOtherIncomeExpenseNet": -61900000, "ebit": -86600000, "interestExpense": -45600000, "incomeBeforeTax": -148500000, "incomeTaxExpense": -42400000, "minorityInterest": {}, "netIncomeFromContinuingOps": -106100000, "discontinuedOperations": {}, "extraordinaryItems": {}, "effectOfAccountingCharges": {}, "otherItems": {}, "netIncome": -106100000, "netIncomeApplicableToCommonShares": -106100000}, {"maxAge": 1, "endDate": "2020-03-31", "totalRevenue": 834302000, "costOfRevenue": 596304000, "grossProfit": 237998000, "researchDevelopment": {}, "sellingGeneralAdministrative": 160014000, "nonRecurring": {}, "otherOperatingExpenses": 416051000, "totalOperatingExpenses": 1205509000, "operatingIncome": -371207000, "totalOtherIncomeExpenseNet": 20941000, "ebit": -371207000, "interestExpense": -30537000, "incomeBeforeTax": -350266000, "incomeTaxExpense": -126622000, "minorityInterest": {}, "netIncomeFromContinuingOps": -223644000, "discontinuedOperations": {}, "extraordinaryItems": {}, "effectOfAccountingCharges": {}, "otherItems": {}, "netIncome": -223644000, "netIncomeApplicableToCommonShares": -223644000}], "maxAge": 86400}, "cashflowStatementHistoryQuarterly": {"cashflowStatements": [{"maxAge": 1, "endDate": "2020-12-31", "netIncome": -70300000, "changeToLiabilities": 0}, {"maxAge": 1, "endDate": "2020-09-30", "netIncome": -36800000, "changeToLiabilities": 0}, {"maxAge": 1, "endDate": "2020-06-30", "netIncome": -106100000, "changeToLiabilities": 0}, {"maxAge": 1, "endDate": "2020-03-31", "netIncome": -223644000, "changeToLiabilities": 0}], "maxAge": 86400}, "insiderHolders": {"holders": [{"maxAge": 1, "name": "Goyal (Hina Devi)", "relation": "Promoter", "url": "", "transactionDescription": "Other", "latestTransDate": "2019-01-08", "positionDirect": 50000, "positionDirectDate": "2019-01-08"}, {"maxAge": 1, "name": "Hind Strategic Investment", "relation": "Promoter", "url": "", "transactionDescription": "Other", "latestTransDate": "2021-03-30", "positionDirect": 3785430, "positionDirectDate": "2021-03-30"}, {"maxAge": 1, "name": "Jhunjhunwala (Ritu)", "relation": "UNREPORTED", "url": "", "transactionDescription": "Other", "latestTransDate": "2021-03-30", "positionDirect": 582347, "positionDirectDate": "2021-03-30"}, {"maxAge": 1, "name": "Jhunjhunwala (Sarika)", "relation": "Promoter", "url": "", "transactionDescription": "Other", "latestTransDate": "2021-03-30", "positionDirect": 1127159, "positionDirectDate": "2021-03-30"}, {"maxAge": 1, "name": "Jhunjunwal (Gaurang)", "relation": "UNREPORTED", "url": "", "transactionDescription": "Other", "latestTransDate": "2021-03-30", "positionDirect": 582347, "positionDirectDate": "2021-03-30"}, {"maxAge": 1, "name": "Jhunjunwala (Shivang)", "relation": "UNREPORTED", "url": "", "transactionDescription": "Other", "latestTransDate": "2021-03-30", "positionDirect": 775159, "positionDirectDate": "2021-03-30"}, {"maxAge": 1, "name": "Jindal (RK & Sons) HUF", "relation": "Promoter", "url": "", "transactionDescription": "Other", "latestTransDate": "2019-01-08", "positionDirect": 30750, "positionDirectDate": "2019-01-08"}, {"maxAge": 1, "name": "Jindal (Ratan)", "relation": "Promoter", "url": "", "transactionDescription": "Other", "latestTransDate": "2019-01-08", "positionDirect": 165545, "positionDirectDate": "2019-01-08"}, {"maxAge": 1, "name": "Jindal (Savitri Devi)", "relation": "Promoter", "url": "", "transactionDescription": "Other", "latestTransDate": "2019-01-08", "positionDirect": 36515, "positionDirectDate": "2019-01-08"}, {"maxAge": 1, "name": "Mittal (Kusum)", "relation": "Promoter", "url": "", "transactionDescription": "Other", "latestTransDate": "2019-01-08", "positionDirect": 50000, "positionDirectDate": "2019-01-08"}], "maxAge": 1}, "calendarEvents": {"maxAge": 1, "earnings": {"earningsDate": []}, "exDividendDate": "2012-07-09 05:30:00"}, "upgradeDowngradeHistory": {"history": [], "maxAge": 86400}, "price": {"maxAge": 1, "regularMarketChangePercent": -0.001686272, "regularMarketChange": -0.1499939, "regularMarketTime": "2021-04-30 15:29:55", "priceHint": 2, "regularMarketPrice": 88.8, "regularMarketDayHigh": 90.75, "regularMarketDayLow": 87.15, "regularMarketVolume": 44149, "averageDailyVolume10Day": 228186, "averageDailyVolume3Month": 316524, "regularMarketPreviousClose": 88.95, "regularMarketSource": "FREE_REALTIME", "regularMarketOpen": 88.95, "exchange": "NSI", "exchangeName": "NSE", "exchangeDataDelayedBy": 15, "marketState": "CLOSED", "quoteType": "EQUITY", "symbol": "SHALPAINTS.NS", "underlyingSymbol": null, "shortName": "SHALIMAR PAINTS", "longName": "Shalimar Paints Limited", "currency": "INR", "quoteSourceName": "Delayed Quote", "currencySymbol": "\u20b9", "fromCurrency": null, "lastMarket": null, "marketCap": 4874489856}, "balanceSheetHistory": {"balanceSheetStatements": [{"maxAge": 1, "endDate": "2020-03-31", "cash": 28089000, "shortTermInvestments": 17633000, "netReceivables": 799635000, "inventory": 866152000, "otherCurrentAssets": 200989000, "totalCurrentAssets": 1935873000, "longTermInvestments": 23000, "propertyPlantEquipment": 2892693000, "intangibleAssets": 54808000, "otherAssets": 477371000, "deferredLongTermAssetCharges": 459140000, "totalAssets": 5360768000, "accountsPayable": 961038000, "shortLongTermDebt": 18647000, "otherCurrentLiab": 15900000, "longTermDebt": 182029000, "otherLiab": 75680000, "totalCurrentLiabilities": 2365118000, "totalLiab": 2632052000, "commonStock": 108601000, "retainedEarnings": 41975000, "treasuryStock": -348000, "capitalSurplus": 2578488000, "otherStockholderEquity": -348000, "totalStockholderEquity": 2728716000, "netTangibleAssets": 2673908000}, {"maxAge": 1, "endDate": "2019-03-31", "cash": 857630000, "shortTermInvestments": 51809000, "netReceivables": 1085038000, "inventory": 713574000, "otherCurrentAssets": 175326000, "totalCurrentAssets": 2902900000, "longTermInvestments": 23000, "propertyPlantEquipment": 2679762000, "intangibleAssets": 13307000, "otherAssets": 346034000, "deferredLongTermAssetCharges": 280078000, "totalAssets": 5942026000, "accountsPayable": 976372000, "shortLongTermDebt": 74591000, "otherCurrentLiab": 23258000, "longTermDebt": 180910000, "otherLiab": 71276000, "totalCurrentLiabilities": 2622581000, "totalLiab": 2889447000, "commonStock": 107283000, "retainedEarnings": 424176000, "treasuryStock": -1647000, "capitalSurplus": 2522767000, "otherStockholderEquity": -1647000, "totalStockholderEquity": 3052579000, "netTangibleAssets": 3039272000}, {"maxAge": 1, "endDate": "2018-03-31", "cash": 155768000, "shortTermInvestments": 33145000, "netReceivables": 1316208000, "inventory": 740065000, "otherCurrentAssets": 145721000, "totalCurrentAssets": 2409175000, "longTermInvestments": 23000, "propertyPlantEquipment": 2485245000, "intangibleAssets": 17505000, "otherAssets": 30270000, "deferredLongTermAssetCharges": 3569000, "totalAssets": 4942218000, "accountsPayable": 1395175000, "shortLongTermDebt": 41139000, "otherCurrentLiab": 69060000, "longTermDebt": 249444000, "otherLiab": 69335000, "totalCurrentLiabilities": 3243023000, "totalLiab": 3561802000, "commonStock": 37892000, "retainedEarnings": 1241695000, "treasuryStock": 4722000, "capitalSurplus": 96107000, "otherStockholderEquity": 4722000, "totalStockholderEquity": 1380416000, "netTangibleAssets": 1362911000}, {"maxAge": 1, "endDate": "2017-03-31", "cash": 81404000, "shortTermInvestments": 34577000, "netReceivables": 1625903000, "inventory": 925534000, "otherCurrentAssets": 181936000, "totalCurrentAssets": 2891733000, "longTermInvestments": 23000, "propertyPlantEquipment": 2336071000, "intangibleAssets": 18537000, "otherAssets": 99109000, "totalAssets": 5345473000, "accountsPayable": 1290719000, "shortLongTermDebt": 99589000, "otherCurrentLiab": 36183000, "longTermDebt": 236707000, "otherLiab": 285378000, "deferredLongTermLiab": 209000, "totalCurrentLiabilities": 2985076000, "totalLiab": 3507161000, "commonStock": 37892000, "retainedEarnings": 1697242000, "treasuryStock": 7068000, "capitalSurplus": 96110000, "otherStockholderEquity": 7068000, "totalStockholderEquity": 1838312000, "netTangibleAssets": 1819775000}], "maxAge": 86400}, "financialData": {"maxAge": 86400, "currentPrice": 88.8, "recommendationKey": "none", "totalCash": 46200000, "totalCashPerShare": 0.848, "ebitda": -307420000, "totalDebt": 1328999936, "totalRevenue": 2972502016, "debtToEquity": 51.388, "revenuePerShare": 54.743, "grossProfits": 1086398000, "revenueGrowth": -0.008, "grossMargins": 0.32797, "ebitdaMargins": -0.10342, "operatingMargins": -0.14187, "profitMargins": -0.14693, "financialCurrency": "INR"}}}