{"SHANGAR.BO": {"cashflowStatementHistory": {"cashflowStatements": [{"maxAge": 1, "endDate": "2020-03-31", "netIncome": 3309000, "depreciation": 7452486, "changeToNetincome": 448, "changeToLiabilities": 0, "changeToOperatingActivities": -5458949, "totalCashFromOperatingActivities": 5707985, "capitalExpenditures": -18687308, "investments": 1700000, "totalCashflowsFromInvestingActivities": -16987308, "netBorrowings": -1374387, "otherCashflowsFromFinancingActivities": 18442816, "totalCashFromFinancingActivities": 17068429, "changeInCash": 5789106}, {"maxAge": 1, "endDate": "2019-03-31", "netIncome": 1926041, "depreciation": 8087596, "changeToNetincome": 448, "changeToLiabilities": 0, "changeToOperatingActivities": 11802760, "totalCashFromOperatingActivities": 21828923, "capitalExpenditures": -23581617, "investments": 1700000, "totalCashflowsFromInvestingActivities": -23581617, "netBorrowings": -1374387, "otherCashflowsFromFinancingActivities": 5830663, "totalCashFromFinancingActivities": 5830663, "changeInCash": 4077969}, {"maxAge": 1, "endDate": "2018-03-31", "netIncome": 1875009, "depreciation": 5368443, "changeToNetincome": 333927, "changeToLiabilities": 0, "changeToOperatingActivities": 4526296, "totalCashFromOperatingActivities": 12103675, "capitalExpenditures": -14930066, "investments": 1700000, "totalCashflowsFromInvestingActivities": -14930066, "netBorrowings": -1374387, "otherCashflowsFromFinancingActivities": 2472520, "totalCashFromFinancingActivities": 2472520, "changeInCash": -353871}, {"maxAge": 1, "endDate": "2017-03-31", "netIncome": 989206, "depreciation": 5368443, "changeToNetincome": 333927, "changeToLiabilities": 0, "changeToOperatingActivities": 4526296, "totalCashFromOperatingActivities": 12103675, "capitalExpenditures": -14930066, "investments": 1700000, "totalCashflowsFromInvestingActivities": -14930066, "netBorrowings": -1374387, "otherCashflowsFromFinancingActivities": 2472520, "totalCashFromFinancingActivities": 2472520, "changeInCash": -353871}], "maxAge": 86400}, "institutionOwnership": {"ownershipList": [], "maxAge": 1}, "balanceSheetHistoryQuarterly": {"balanceSheetStatements": [{"maxAge": 1, "endDate": "2020-06-30", "totalStockholderEquity": 61142000, "netTangibleAssets": 61142000}, {"maxAge": 1, "endDate": "2020-03-31", "cash": 11600000, "shortTermInvestments": 5764000, "netReceivables": 56904000, "inventory": 26251000, "otherCurrentAssets": 2323000, "totalCurrentAssets": 102842000, "longTermInvestments": 213000, "propertyPlantEquipment": 80098000, "totalAssets": 183153000, "accountsPayable": 81284000, "otherCurrentLiab": 5430000, "longTermDebt": 33846000, "otherLiab": 1451000, "totalCurrentLiabilities": 86714000, "totalLiab": 122011000, "commonStock": 30600000, "treasuryStock": 30542000, "otherStockholderEquity": 30542000, "totalStockholderEquity": 61142000, "netTangibleAssets": 61142000}, {"maxAge": 1, "endDate": "2019-12-31", "cash": 163000, "shortTermInvestments": 5964000, "netReceivables": 53120000, "inventory": 25401900, "otherCurrentAssets": 5502100, "totalCurrentAssets": 90151000, "longTermInvestments": 1913000, "propertyPlantEquipment": 67386300, "otherAssets": 1315700, "totalAssets": 160766000, "accountsPayable": 46792000, "otherCurrentLiab": 10609000, "longTermDebt": 40928700, "otherLiab": 1449300, "totalCurrentLiabilities": 57401000, "totalLiab": 99779000, "commonStock": 30600000, "treasuryStock": 30387000, "otherStockholderEquity": 30387000, "totalStockholderEquity": 60987000, "netTangibleAssets": 60987000}, {"maxAge": 1, "endDate": "2019-09-30", "cash": 588000, "netReceivables": 52054000, "inventory": 22586000, "otherCurrentAssets": 6585000, "totalCurrentAssets": 81813000, "longTermInvestments": 1913000, "propertyPlantEquipment": 66454000, "otherAssets": 1417000, "totalAssets": 151597000, "accountsPayable": 46509000, "otherCurrentLiab": 8272000, "longTermDebt": 35277000, "otherLiab": 1450000, "totalCurrentLiabilities": 54781000, "totalLiab": 91508000, "commonStock": 30600000, "treasuryStock": 29489000, "otherStockholderEquity": 29489000, "totalStockholderEquity": 60089000, "netTangibleAssets": 60089000}], "maxAge": 86400}, "indexTrend": {"maxAge": 1, "symbol": "SP5", "peRatio": 19.7411, "pegRatio": 1.34172, "estimates": [{"period": "0q", "growth": 0.549}, {"period": "+1q", "growth": 0.431}, {"period": "0y", "growth": 0.305}, {"period": "+1y", "growth": 0.109}, {"period": "+5y", "growth": 0.120859005}, {"period": "-5y"}]}, "insiderTransactions": {"transactions": [{"maxAge": 1, "shares": 35000, "value": 36095, "filerUrl": "", "transactionText": "Sale at price 1.03 per share.", "filerName": "Shah (Samir)", "filerRelation": "Promoter", "moneyText": "", "startDate": "2020-08-11", "ownership": "D"}, {"maxAge": 1, "shares": 190993, "filerUrl": "", "transactionText": "", "filerName": "Shah (Samir)", "filerRelation": "Promoter", "moneyText": "", "startDate": "2020-07-31", "ownership": "D"}, {"maxAge": 1, "shares": 10, "value": 71, "filerUrl": "", "transactionText": "Sale at price 7.11 per share.", "filerName": "Shah (Samir)", "filerRelation": "Promoter", "moneyText": "", "startDate": "2020-07-28", "ownership": "D"}], "maxAge": 1}, "quoteType": {"exchange": "BSE", "quoteType": "EQUITY", "symbol": "SHANGAR.BO", "underlyingSymbol": "SHANGAR.BO", "shortName": "SHANGAR DECOR LIMITED", "longName": "Shangar D\u00e9cor Limited", "firstTradeDateEpochUtc": "2017-11-27 09:15:00", "timeZoneFullName": "Asia/Kolkata", "timeZoneShortName": "IST", "uuid": "e648d272-52eb-31f0-a0db-9853c75d3b33", "gmtOffSetMilliseconds": 19800000, "maxAge": 1}, "incomeStatementHistory": {"incomeStatementHistory": [{"maxAge": 1, "endDate": "2020-03-31", "totalRevenue": 70171000, "costOfRevenue": 34215000, "grossProfit": 35956000, "researchDevelopment": {}, "sellingGeneralAdministrative": {}, "nonRecurring": {}, "otherOperatingExpenses": 24233000, "totalOperatingExpenses": 65900000, "operatingIncome": 4271000, "totalOtherIncomeExpenseNet": -341000, "ebit": 4271000, "interestExpense": -340000, "incomeBeforeTax": 3930000, "incomeTaxExpense": 621000, "minorityInterest": {}, "netIncomeFromContinuingOps": 3309000, "discontinuedOperations": {}, "extraordinaryItems": {}, "effectOfAccountingCharges": {}, "otherItems": {}, "netIncome": 3309000, "netIncomeApplicableToCommonShares": 3309000}, {"maxAge": 1, "endDate": "2019-03-31", "totalRevenue": 62218736, "costOfRevenue": 35680323, "grossProfit": 26538413, "researchDevelopment": {}, "sellingGeneralAdministrative": {}, "nonRecurring": {}, "otherOperatingExpenses": 15118926, "totalOperatingExpenses": 58886845, "operatingIncome": 3331891, "totalOtherIncomeExpenseNet": -742324, "ebit": 3331891, "interestExpense": -742324, "incomeBeforeTax": 2589567, "incomeTaxExpense": 663526, "minorityInterest": {}, "netIncomeFromContinuingOps": 1926041, "discontinuedOperations": {}, "extraordinaryItems": {}, "effectOfAccountingCharges": {}, "otherItems": {}, "netIncome": 1926041, "netIncomeApplicableToCommonShares": 1926041}, {"maxAge": 1, "endDate": "2018-03-31", "totalRevenue": 76780833, "costOfRevenue": 44467509, "grossProfit": 32313324, "researchDevelopment": {}, "sellingGeneralAdministrative": {}, "nonRecurring": {}, "otherOperatingExpenses": 23851665, "totalOperatingExpenses": 73684017, "operatingIncome": 3096816, "totalOtherIncomeExpenseNet": -887880, "ebit": 3096816, "interestExpense": -887880, "incomeBeforeTax": 2208936, "incomeTaxExpense": 333927, "minorityInterest": {}, "netIncomeFromContinuingOps": 1875009, "discontinuedOperations": {}, "extraordinaryItems": {}, "effectOfAccountingCharges": {}, "otherItems": {}, "netIncome": 1875009, "netIncomeApplicableToCommonShares": 1875009}, {"maxAge": 1, "endDate": "2017-03-31", "totalRevenue": 38708288, "costOfRevenue": 19274775, "grossProfit": 19433513, "researchDevelopment": {}, "sellingGeneralAdministrative": 11570, "nonRecurring": {}, "otherOperatingExpenses": 13140097, "totalOperatingExpenses": 35851932, "operatingIncome": 2856356, "totalOtherIncomeExpenseNet": -1302046, "ebit": 2856356, "interestExpense": -876421, "incomeBeforeTax": 1554310, "incomeTaxExpense": 565104, "minorityInterest": {}, "netIncomeFromContinuingOps": 989206, "discontinuedOperations": {}, "extraordinaryItems": {}, "effectOfAccountingCharges": {}, "otherItems": {}, "netIncome": 989206, "netIncomeApplicableToCommonShares": 989206}], "maxAge": 86400}, "fundOwnership": {"ownershipList": [], "maxAge": 1}, "summaryDetail": {"maxAge": 1, "priceHint": 2, "previousClose": 13.57, "open": 14.3, "dayLow": 13.2, "dayHigh": 14.45, "regularMarketPreviousClose": 13.57, "regularMarketOpen": 14.3, "regularMarketDayLow": 13.2, "regularMarketDayHigh": 14.45, "trailingPE": 21.208267, "volume": 404646, "regularMarketVolume": 404646, "averageVolume": 12902, "averageVolume10days": 3268, "averageDailyVolume10Day": 3268, "bid": 13.23, "ask": 13.24, "bidSize": 0, "askSize": 0, "marketCap": 163286944, "fiftyTwoWeekLow": 7.5625, "fiftyTwoWeekHigh": 30.15, "fiftyDayAverage": 15.722121, "twoHundredDayAverage": 19.740456, "trailingAnnualDividendRate": 0.05, "trailingAnnualDividendYield": 0.0036845985, "currency": "INR", "fromCurrency": null, "lastMarket": null, "algorithm": null, "tradeable": false}, "incomeStatementHistoryQuarterly": {"incomeStatementHistory": [{"maxAge": 1, "endDate": "2020-06-30", "totalRevenue": 19376000, "costOfRevenue": 8195000, "grossProfit": 11181000, "researchDevelopment": {}, "sellingGeneralAdministrative": {}, "nonRecurring": {}, "otherOperatingExpenses": 1529000, "totalOperatingExpenses": 12093000, "operatingIncome": 7283000, "totalOtherIncomeExpenseNet": -40000, "ebit": 7283000, "interestExpense": -40000, "incomeBeforeTax": 7243000, "incomeTaxExpense": 1810000, "minorityInterest": {}, "netIncomeFromContinuingOps": 5433000, "discontinuedOperations": {}, "extraordinaryItems": {}, "effectOfAccountingCharges": {}, "otherItems": {}, "netIncome": 5433000, "netIncomeApplicableToCommonShares": 5433000}, {"maxAge": 1, "endDate": "2020-03-31", "totalRevenue": 44092000, "costOfRevenue": 31637000, "grossProfit": 12455000, "researchDevelopment": {}, "sellingGeneralAdministrative": {}, "nonRecurring": {}, "otherOperatingExpenses": 10430000, "totalOperatingExpenses": 43257000, "operatingIncome": 835000, "totalOtherIncomeExpenseNet": -93000, "ebit": 835000, "interestExpense": -93000, "incomeBeforeTax": 742000, "incomeTaxExpense": 584000, "minorityInterest": {}, "netIncomeFromContinuingOps": 158000, "discontinuedOperations": {}, "extraordinaryItems": {}, "effectOfAccountingCharges": {}, "otherItems": {}, "netIncome": 158000, "netIncomeApplicableToCommonShares": 158000}, {"maxAge": 1, "endDate": "2019-12-31", "totalRevenue": 10117000, "costOfRevenue": 5770000, "grossProfit": 4347000, "researchDevelopment": {}, "sellingGeneralAdministrative": {}, "nonRecurring": {}, "otherOperatingExpenses": 1316000, "totalOperatingExpenses": 9195000, "operatingIncome": 922000, "totalOtherIncomeExpenseNet": -38000, "ebit": 922000, "interestExpense": -37000, "incomeBeforeTax": 884000, "incomeTaxExpense": 0, "minorityInterest": {}, "netIncomeFromContinuingOps": 884000, "discontinuedOperations": {}, "extraordinaryItems": {}, "effectOfAccountingCharges": {}, "otherItems": {}, "netIncome": 884000, "netIncomeApplicableToCommonShares": 884000}, {"maxAge": 1, "endDate": "2019-09-30", "totalRevenue": 9482000, "costOfRevenue": 5091000, "grossProfit": 4391000, "researchDevelopment": {}, "sellingGeneralAdministrative": {}, "nonRecurring": {}, "otherOperatingExpenses": 974000, "totalOperatingExpenses": 8130000, "operatingIncome": 1352000, "totalOtherIncomeExpenseNet": -29000, "ebit": 1352000, "interestExpense": -30000, "incomeBeforeTax": 1323000, "incomeTaxExpense": 37000, "minorityInterest": {}, "netIncomeFromContinuingOps": 1286000, "discontinuedOperations": {}, "extraordinaryItems": {}, "effectOfAccountingCharges": {}, "otherItems": {}, "netIncome": 1286000, "netIncomeApplicableToCommonShares": 1286000}], "maxAge": 86400}, "cashflowStatementHistoryQuarterly": {"cashflowStatements": [{"maxAge": 1, "endDate": "2020-06-30", "netIncome": 5433000, "changeToLiabilities": 0}, {"maxAge": 1, "endDate": "2020-03-31", "netIncome": 158000, "changeToLiabilities": 0}, {"maxAge": 1, "endDate": "2019-12-31", "netIncome": 884000, "changeToLiabilities": 0}, {"maxAge": 1, "endDate": "2019-09-30", "netIncome": 1286000, "changeToLiabilities": 0}], "maxAge": 86400}, "insiderHolders": {"holders": [{"maxAge": 1, "name": "Shah (Samir)", "relation": "Promoter", "url": "", "transactionDescription": "Sale", "latestTransDate": "2020-08-11", "positionDirect": 948497, "positionDirectDate": "2020-08-11"}], "maxAge": 1}, "calendarEvents": {"maxAge": 1, "earnings": {"earningsDate": []}}, "upgradeDowngradeHistory": {"history": [], "maxAge": 86400}, "price": {"maxAge": 1, "regularMarketChangePercent": -0.016949119, "regularMarketChange": -0.22999954, "regularMarketTime": "2021-04-30 15:48:18", "priceHint": 2, "regularMarketPrice": 13.34, "regularMarketDayHigh": 14.45, "regularMarketDayLow": 13.2, "regularMarketVolume": 404646, "averageDailyVolume10Day": 3268, "averageDailyVolume3Month": 12902, "regularMarketPreviousClose": 13.57, "regularMarketSource": "FREE_REALTIME", "regularMarketOpen": 14.3, "exchange": "BSE", "exchangeName": "BSE", "exchangeDataDelayedBy": 0, "marketState": "CLOSED", "quoteType": "EQUITY", "symbol": "SHANGAR.BO", "underlyingSymbol": null, "shortName": "SHANGAR DECOR LIMITED", "longName": "Shangar D\u00e9cor Limited", "currency": "INR", "quoteSourceName": "Delayed Quote", "currencySymbol": "\u20b9", "fromCurrency": null, "lastMarket": null, "marketCap": 163286944}, "balanceSheetHistory": {"balanceSheetStatements": [{"maxAge": 1, "endDate": "2020-03-31", "cash": 11600000, "shortTermInvestments": 5764000, "netReceivables": 56904000, "inventory": 26251000, "otherCurrentAssets": 2323000, "totalCurrentAssets": 102842000, "longTermInvestments": 213000, "propertyPlantEquipment": 80098000, "totalAssets": 183153000, "accountsPayable": 81284000, "otherCurrentLiab": 5430000, "longTermDebt": 33846000, "otherLiab": 1451000, "totalCurrentLiabilities": 86714000, "totalLiab": 122011000, "commonStock": 30600000, "treasuryStock": 30542000, "otherStockholderEquity": 30542000, "totalStockholderEquity": 61142000, "netTangibleAssets": 61142000}, {"maxAge": 1, "endDate": "2019-03-31", "cash": 5810521, "netReceivables": 47455078, "inventory": 12462190, "otherCurrentAssets": 7877071, "totalCurrentAssets": 73604860, "longTermInvestments": 1912500, "propertyPlantEquipment": 68863616, "totalAssets": 144380976, "accountsPayable": 61541562, "otherCurrentLiab": 9536313, "longTermDebt": 14019769, "otherLiab": 1450391, "totalCurrentLiabilities": 71077875, "totalLiab": 86548035, "commonStock": 30601000, "treasuryStock": 27231941, "otherStockholderEquity": 27231941, "totalStockholderEquity": 57832941, "netTangibleAssets": 57832941}, {"maxAge": 1, "endDate": "2018-03-31", "cash": 1732553, "netReceivables": 58739537, "inventory": 11952300, "otherCurrentAssets": 7892199, "totalCurrentAssets": 80316589, "longTermInvestments": 1912500, "propertyPlantEquipment": 53369595, "totalAssets": 135598684, "accountsPayable": 62110775, "otherCurrentLiab": 7954037, "longTermDebt": 8189106, "otherLiab": 1437866, "totalCurrentLiabilities": 70064812, "totalLiab": 79691784, "commonStock": 30601000, "treasuryStock": 25305900, "otherStockholderEquity": 25305900, "totalStockholderEquity": 55906900, "netTangibleAssets": 55906900}, {"maxAge": 1, "endDate": "2017-03-31", "cash": 2086423, "shortTermInvestments": 3681970, "netReceivables": 20549650, "inventory": 9495120, "otherCurrentAssets": 2250000, "totalCurrentAssets": 38063163, "propertyPlantEquipment": 43807970, "totalAssets": 81871133, "accountsPayable": 19205144, "otherCurrentLiab": 1813574, "longTermDebt": 5716585, "otherLiab": 1103938, "totalCurrentLiabilities": 21018718, "totalLiab": 27839241, "commonStock": 30601000, "retainedEarnings": 13729191, "treasuryStock": 9701700, "otherStockholderEquity": 9701700, "totalStockholderEquity": 54031891, "netTangibleAssets": 54031891}], "maxAge": 86400}, "financialData": {"maxAge": 86400, "currentPrice": 13.34, "recommendationKey": "none", "grossProfits": 35956000, "financialCurrency": "INR"}}}