{"SHANKARA.BO": {"recommendationTrend": {"trend": [{"period": "0m", "strongBuy": 0, "buy": 0, "hold": 0, "sell": 0, "strongSell": 0}, {"period": "-1m", "strongBuy": 0, "buy": 0, "hold": 0, "sell": 0, "strongSell": 0}, {"period": "-2m", "strongBuy": 0, "buy": 0, "hold": 0, "sell": 0, "strongSell": 0}, {"period": "-3m", "strongBuy": 0, "buy": 0, "hold": 0, "sell": 0, "strongSell": 0}], "maxAge": 86400}, "cashflowStatementHistory": {"cashflowStatements": [{"maxAge": 1, "endDate": "2020-03-31", "netIncome": 398776000, "depreciation": 252221000, "changeToNetincome": 412761000, "changeToAccountReceivables": -972492000, "changeToLiabilities": -228123000, "changeToInventory": -175024000, "changeToOperatingActivities": 11896000, "totalCashFromOperatingActivities": -298482000, "capitalExpenditures": -192621000, "otherCashflowsFromInvestingActivities": 728148000, "totalCashflowsFromInvestingActivities": 552632000, "dividendsPaid": -79973000, "netBorrowings": 292541000, "otherCashflowsFromFinancingActivities": -423132000, "totalCashFromFinancingActivities": -210564000, "changeInCash": 43586000}, {"maxAge": 1, "endDate": "2019-03-31", "netIncome": 327420000, "depreciation": 146742000, "changeToNetincome": 527563000, "changeToAccountReceivables": 919697000, "changeToLiabilities": -790177000, "changeToInventory": 339642000, "changeToOperatingActivities": 237922000, "totalCashFromOperatingActivities": 1710307000, "capitalExpenditures": -509821000, "otherCashflowsFromInvestingActivities": -22356000, "totalCashflowsFromInvestingActivities": -477826000, "dividendsPaid": -74261000, "netBorrowings": -504557000, "otherCashflowsFromFinancingActivities": -574626000, "totalCashFromFinancingActivities": -1153444000, "changeInCash": 79037000}, {"maxAge": 1, "endDate": "2018-03-31", "netIncome": 737896000, "depreciation": 135299000, "changeToNetincome": 392760000, "changeToAccountReceivables": -1065295000, "changeToLiabilities": 1923138000, "changeToInventory": -1213928000, "changeToOperatingActivities": -511446000, "totalCashFromOperatingActivities": 399032000, "capitalExpenditures": -388864000, "otherCashflowsFromInvestingActivities": -30879000, "totalCashflowsFromInvestingActivities": -740438000, "dividendsPaid": -75628000, "netBorrowings": 243893000, "otherCashflowsFromFinancingActivities": 167127000, "totalCashFromFinancingActivities": 335392000, "changeInCash": -6014000}, {"maxAge": 1, "endDate": "2017-03-31", "netIncome": 587702339, "depreciation": 114061694, "changeToNetincome": 602852677, "changeToAccountReceivables": -336472700, "changeToLiabilities": 271972939, "changeToInventory": -235764078, "changeToOperatingActivities": 54349636, "totalCashFromOperatingActivities": 1058702507, "capitalExpenditures": -366937885, "investments": -3991185, "otherCashflowsFromInvestingActivities": 1933879, "totalCashflowsFromInvestingActivities": -366588191, "dividendsPaid": -75628000, "netBorrowings": 7961084, "otherCashflowsFromFinancingActivities": -1145583967, "totalCashFromFinancingActivities": -687609943, "changeInCash": 4504373, "issuanceOfStock": 450012940}], "maxAge": 86400}, "institutionOwnership": {"ownershipList": [], "maxAge": 1}, "balanceSheetHistoryQuarterly": {"balanceSheetStatements": [{"maxAge": 1, "endDate": "2020-06-30", "totalStockholderEquity": 5074837000, "netTangibleAssets": 4905788000}, {"maxAge": 1, "endDate": "2020-03-31", "cash": 134964000, "netReceivables": 4294761000, "inventory": 4004481000, "otherCurrentAssets": 294648000, "totalCurrentAssets": 8751882000, "propertyPlantEquipment": 2569592000, "goodWill": 140403000, "intangibleAssets": 28646000, "otherAssets": 255493000, "totalAssets": 11746016000, "accountsPayable": 3603473000, "shortLongTermDebt": 15211000, "otherCurrentLiab": 69481000, "longTermDebt": 9161000, "otherLiab": 72224000, "totalCurrentLiabilities": 6235443000, "totalLiab": 6671179000, "commonStock": 228493000, "retainedEarnings": 3726760000, "treasuryStock": 6750000, "capitalSurplus": 1112834000, "otherStockholderEquity": 6750000, "totalStockholderEquity": 5074837000, "netTangibleAssets": 4905788000}, {"maxAge": 1, "endDate": "2019-12-31", "totalStockholderEquity": 4898233000, "netTangibleAssets": 4710441000}, {"maxAge": 1, "endDate": "2019-09-30", "cash": 175866000, "shortTermInvestments": 7966000, "netReceivables": 3739962000, "inventory": 3768830000, "otherCurrentAssets": 294713000, "totalCurrentAssets": 7987337000, "propertyPlantEquipment": 2552442000, "goodWill": 140403000, "intangibleAssets": 47389000, "otherAssets": 268044000, "totalAssets": 10995615000, "accountsPayable": 3552643000, "otherCurrentLiab": 256095000, "longTermDebt": 16947000, "otherLiab": 82219000, "totalCurrentLiabilities": 5647771000, "totalLiab": 6097382000, "commonStock": 228493000, "treasuryStock": 4669740000, "otherStockholderEquity": 4669740000, "totalStockholderEquity": 4898233000, "netTangibleAssets": 4710441000}], "maxAge": 86400}, "earningsHistory": {"history": [{"maxAge": 1, "epsActual": 7.73, "epsEstimate": 7.7, "epsDifference": 0.03, "surprisePercent": 0.004, "quarter": "2017-12-31", "period": "-4q"}, {"maxAge": 1, "epsActual": 9.49, "epsEstimate": 10.5, "epsDifference": -1.01, "surprisePercent": -0.096, "quarter": "2018-03-31", "period": "-3q"}, {"maxAge": 1, "epsActual": 8.52, "epsEstimate": 9.48, "epsDifference": -0.96, "surprisePercent": -0.101, "quarter": "2018-06-30", "period": "-2q"}, {"maxAge": 1, "epsActual": 3.99, "epsEstimate": 8.52, "epsDifference": -4.53, "surprisePercent": -0.532, "quarter": "2018-09-30", "period": "-1q"}], "maxAge": 86400}, "indexTrend": {"maxAge": 1, "symbol": "SP5", "peRatio": 19.7411, "pegRatio": 1.34172, "estimates": [{"period": "0q", "growth": 0.549}, {"period": "+1q", "growth": 0.431}, {"period": "0y", "growth": 0.305}, {"period": "+1y", "growth": 0.109}, {"period": "+5y", "growth": 0.120865}, {"period": "-5y"}]}, "industryTrend": {"maxAge": 1, "symbol": null, "estimates": []}, "insiderTransactions": {"transactions": [{"maxAge": 1, "shares": 2000, "value": 9546, "filerUrl": "", "transactionText": "Acquisition at price 4.77 per share.", "filerName": "Srinivas (Sukumar)", "filerRelation": "Promoter", "moneyText": "", "startDate": "2020-09-29", "ownership": "D"}, {"maxAge": 1, "shares": 1000, "value": 4415, "filerUrl": "", "transactionText": "Acquisition at price 4.42 per share.", "filerName": "Srinivas (Sukumar)", "filerRelation": "Managing Director", "moneyText": "", "startDate": "2020-09-24", "ownership": "D"}, {"maxAge": 1, "shares": 5000, "filerUrl": "", "transactionText": "", "filerName": "Shankara Holdings Pvt. Ltd.", "filerRelation": "Promoter", "moneyText": "", "startDate": "2020-02-28", "ownership": "D"}, {"maxAge": 1, "shares": 20000, "filerUrl": "", "transactionText": "", "filerName": "Srinivas (Sukumar)", "filerRelation": "Managing Director", "moneyText": "", "startDate": "2019-12-30", "ownership": "D"}, {"maxAge": 1, "shares": 5000, "filerUrl": "", "transactionText": "", "filerName": "Srinivas (Sukumar)", "filerRelation": "Managing Director", "moneyText": "", "startDate": "2019-12-30", "ownership": "D"}, {"maxAge": 1, "shares": 1000, "filerUrl": "", "transactionText": "", "filerName": "Srinivas (Sukumar)", "filerRelation": "Managing Director", "moneyText": "", "startDate": "2019-08-30", "ownership": "D"}, {"maxAge": 1, "shares": 1000, "filerUrl": "", "transactionText": "", "filerName": "Srinivas (Sukumar)", "filerRelation": "Managing Director", "moneyText": "", "startDate": "2019-08-29", "ownership": "D"}, {"maxAge": 1, "shares": 3000, "filerUrl": "", "transactionText": "", "filerName": "Srinivas (Sukumar)", "filerRelation": "Managing Director", "moneyText": "", "startDate": "2019-08-28", "ownership": "D"}, {"maxAge": 1, "shares": 2000, "filerUrl": "", "transactionText": "", "filerName": "Srinivas (Sukumar)", "filerRelation": "Managing Director", "moneyText": "", "startDate": "2019-08-27", "ownership": "D"}, {"maxAge": 1, "shares": 1000, "filerUrl": "", "transactionText": "", "filerName": "Srinivas (Sukumar)", "filerRelation": "Managing Director", "moneyText": "", "startDate": "2019-08-26", "ownership": "D"}, {"maxAge": 1, "shares": 1500, "filerUrl": "", "transactionText": "", "filerName": "Srinivas (Sukumar)", "filerRelation": "Managing Director", "moneyText": "", "startDate": "2019-08-23", "ownership": "D"}, {"maxAge": 1, "shares": 3000, "filerUrl": "", "transactionText": "", "filerName": "Srinivas (Sukumar)", "filerRelation": "Managing Director", "moneyText": "", "startDate": "2019-08-22", "ownership": "D"}, {"maxAge": 1, "shares": 3000, "filerUrl": "", "transactionText": "", "filerName": "Srinivas (Sukumar)", "filerRelation": "Managing Director", "moneyText": "", "startDate": "2019-08-21", "ownership": "D"}, {"maxAge": 1, "shares": 6340, "filerUrl": "", "transactionText": "", "filerName": "Srinivas (Sukumar)", "filerRelation": "Managing Director", "moneyText": "", "startDate": "2019-08-20", "ownership": "D"}, {"maxAge": 1, "shares": 1000, "filerUrl": "", "transactionText": "", "filerName": "Mundra (Siddhartha)", "filerRelation": "Chief Executive Officer", "moneyText": "", "startDate": "2019-08-19", "ownership": "D"}, {"maxAge": 1, "shares": 454, "filerUrl": "", "transactionText": "", "filerName": "Srinivas (Sukumar)", "filerRelation": "Managing Director", "moneyText": "", "startDate": "2019-02-28", "ownership": "D"}, {"maxAge": 1, "shares": 1546, "filerUrl": "", "transactionText": "", "filerName": "Srinivas (Sukumar)", "filerRelation": "Managing Director", "moneyText": "", "startDate": "2019-02-22", "ownership": "D"}, {"maxAge": 1, "shares": 1551, "filerUrl": "", "transactionText": "", "filerName": "Srinivas (Sukumar)", "filerRelation": "Managing Director", "moneyText": "", "startDate": "2019-02-22", "ownership": "D"}, {"maxAge": 1, "shares": 8000, "filerUrl": "", "transactionText": "", "filerName": "Kashinath (K G)", "filerRelation": "Divisional Officer", "moneyText": "", "startDate": "2019-01-10", "ownership": "D"}, {"maxAge": 1, "shares": 1000, "filerUrl": "", "transactionText": "", "filerName": "Srinivas (Sukumar)", "filerRelation": "Managing Director", "moneyText": "", "startDate": "2018-11-28", "ownership": "D"}, {"maxAge": 1, "shares": 6000, "filerUrl": "", "transactionText": "", "filerName": "Kashinath (K G)", "filerRelation": "Divisional Officer", "moneyText": "", "startDate": "2018-11-20", "ownership": "D"}, {"maxAge": 1, "shares": 6000, "filerUrl": "", "transactionText": "", "filerName": "Kashinath (K G)", "filerRelation": "Divisional Officer", "moneyText": "", "startDate": "2018-10-04", "ownership": "D"}, {"maxAge": 1, "shares": 400, "filerUrl": "", "transactionText": "", "filerName": "Kashinath (K G)", "filerRelation": "Divisional Officer", "moneyText": "", "startDate": "2018-09-12", "ownership": "D"}, {"maxAge": 1, "shares": 1500, "filerUrl": "", "transactionText": "", "filerName": "Kashinath (K G)", "filerRelation": "Divisional Officer", "moneyText": "", "startDate": "2018-09-10", "ownership": "D"}, {"maxAge": 1, "shares": 500, "filerUrl": "", "transactionText": "", "filerName": "Kashinath (K G)", "filerRelation": "Divisional Officer", "moneyText": "", "startDate": "2018-07-27", "ownership": "D"}, {"maxAge": 1, "shares": 1000, "filerUrl": "", "transactionText": "", "filerName": "Kashinath (K G)", "filerRelation": "Divisional Officer", "moneyText": "", "startDate": "2018-07-25", "ownership": "D"}, {"maxAge": 1, "shares": 300, "filerUrl": "", "transactionText": "", "filerName": "Kashinath (K G)", "filerRelation": "Divisional Officer", "moneyText": "", "startDate": "2018-07-24", "ownership": "D"}, {"maxAge": 1, "shares": 1000, "filerUrl": "", "transactionText": "", "filerName": "Kashinath (K G)", "filerRelation": "Divisional Officer", "moneyText": "", "startDate": "2018-07-23", "ownership": "D"}, {"maxAge": 1, "shares": 200, "filerUrl": "", "transactionText": "", "filerName": "Kashinath (K G)", "filerRelation": "Divisional Officer", "moneyText": "", "startDate": "2018-07-19", "ownership": "D"}, {"maxAge": 1, "shares": 100, "filerUrl": "", "transactionText": "", "filerName": "Ravikumar (C)", "filerRelation": "Director (Executive)", "moneyText": "", "startDate": "2018-06-05", "ownership": "D"}, {"maxAge": 1, "shares": 0, "filerUrl": "", "transactionText": "", "filerName": "Ravikumar (C)", "filerRelation": "Director (Executive)", "moneyText": "", "startDate": "2018-06-05", "ownership": "I"}, {"maxAge": 1, "shares": 1000, "filerUrl": "", "transactionText": "", "filerName": "Srinivas (Sukumar)", "filerRelation": "Managing Director", "moneyText": "", "startDate": "2018-06-01", "ownership": "D"}, {"maxAge": 1, "shares": 100, "filerUrl": "", "transactionText": "", "filerName": "Prasad (Siva)", "filerRelation": "UNREPORTED", "moneyText": "", "startDate": "2018-06-01", "ownership": "D"}, {"maxAge": 1, "shares": 500, "filerUrl": "", "transactionText": "", "filerName": "Mundra (Siddhartha)", "filerRelation": "Chief Executive Officer", "moneyText": "", "startDate": "2018-06-01", "ownership": "D"}, {"maxAge": 1, "shares": 100, "filerUrl": "", "transactionText": "", "filerName": "Varghese (Alex)", "filerRelation": "UNREPORTED", "moneyText": "", "startDate": "2018-06-01", "ownership": "D"}, {"maxAge": 1, "shares": 1640962, "filerUrl": "", "transactionText": "", "filerName": "Fairwinds trustees services Pvt. Ltd.", "filerRelation": "Institution- Corporation", "moneyText": "", "startDate": "2017-05-08", "ownership": "D"}], "maxAge": 1}, "quoteType": {"exchange": "BSE", "quoteType": "EQUITY", "symbol": "SHANKARA.BO", "underlyingSymbol": "SHANKARA.BO", "shortName": "Shankara Building Products Lim", "longName": "Shankara Building Products Limited", "firstTradeDateEpochUtc": "2017-04-05 09:15:00", "timeZoneFullName": "Asia/Kolkata", "timeZoneShortName": "IST", "uuid": "cfaa9b4e-a685-3ae8-a73e-3f7dee53ba02", "gmtOffSetMilliseconds": 19800000, "maxAge": 1}, "incomeStatementHistory": {"incomeStatementHistory": [{"maxAge": 1, "endDate": "2020-03-31", "totalRevenue": 26397280000, "costOfRevenue": 24063279000, "grossProfit": 2334001000, "researchDevelopment": {}, "sellingGeneralAdministrative": 615504000, "nonRecurring": {}, "otherOperatingExpenses": 517716000, "totalOperatingExpenses": 25450609000, "operatingIncome": 946671000, "totalOtherIncomeExpenseNet": -413058000, "ebit": 946671000, "interestExpense": -414035000, "incomeBeforeTax": 533613000, "incomeTaxExpense": 112311000, "minorityInterest": {}, "netIncomeFromContinuingOps": 421302000, "discontinuedOperations": -22526000, "extraordinaryItems": {}, "effectOfAccountingCharges": {}, "otherItems": {}, "netIncome": 398776000, "netIncomeApplicableToCommonShares": 398776000}, {"maxAge": 1, "endDate": "2019-03-31", "totalRevenue": 25463186000, "costOfRevenue": 23192478000, "grossProfit": 2270708000, "researchDevelopment": {}, "sellingGeneralAdministrative": 749433000, "nonRecurring": {}, "otherOperatingExpenses": 524251000, "totalOperatingExpenses": 24615021000, "operatingIncome": 848165000, "totalOtherIncomeExpenseNet": -430120000, "ebit": 848165000, "interestExpense": -467966000, "incomeBeforeTax": 418045000, "incomeTaxExpense": 133593000, "minorityInterest": {}, "netIncomeFromContinuingOps": 284452000, "discontinuedOperations": 42968000, "extraordinaryItems": {}, "effectOfAccountingCharges": {}, "otherItems": {}, "netIncome": 327420000, "netIncomeApplicableToCommonShares": 327420000}, {"maxAge": 1, "endDate": "2018-03-31", "totalRevenue": 25486656000, "costOfRevenue": 22039424000, "grossProfit": 3447232000, "researchDevelopment": {}, "sellingGeneralAdministrative": 696560000, "nonRecurring": {}, "otherOperatingExpenses": 997902000, "totalOperatingExpenses": 23870458000, "operatingIncome": 1616198000, "totalOtherIncomeExpenseNet": -457231000, "ebit": 1616198000, "interestExpense": -444148000, "incomeBeforeTax": 1158967000, "incomeTaxExpense": 420927000, "minorityInterest": 612000, "netIncomeFromContinuingOps": 738040000, "discontinuedOperations": 42968000, "extraordinaryItems": {}, "effectOfAccountingCharges": {}, "otherItems": {}, "netIncome": 737896000, "netIncomeApplicableToCommonShares": 737896000}, {"maxAge": 1, "endDate": "2017-03-31", "totalRevenue": 23101406134, "costOfRevenue": 19843716026, "grossProfit": 3257690108, "researchDevelopment": {}, "sellingGeneralAdministrative": 598870451, "nonRecurring": {}, "otherOperatingExpenses": 1141760903, "totalOperatingExpenses": 21699178085, "operatingIncome": 1402228049, "totalOtherIncomeExpenseNet": -500090212, "ebit": 1402228049, "interestExpense": -477686167, "incomeBeforeTax": 902137837, "incomeTaxExpense": 314307467, "minorityInterest": 467203, "netIncomeFromContinuingOps": 587830370, "discontinuedOperations": 42968000, "extraordinaryItems": {}, "effectOfAccountingCharges": {}, "otherItems": {}, "netIncome": 587702339, "netIncomeApplicableToCommonShares": 587702339}], "maxAge": 86400}, "fundOwnership": {"ownershipList": [], "maxAge": 1}, "summaryDetail": {"maxAge": 1, "priceHint": 2, "previousClose": 377.25, "open": 374.2, "dayLow": 371.0, "dayHigh": 376.35, "regularMarketPreviousClose": 377.25, "regularMarketOpen": 374.2, "regularMarketDayLow": 371.0, "regularMarketDayHigh": 376.35, "trailingPE": 109.37409, "forwardPE": 12.723716, "volume": 3254, "regularMarketVolume": 3254, "averageVolume": 10377, "averageVolume10days": 17901, "averageDailyVolume10Day": 17901, "bid": 371.0, "ask": 374.5, "bidSize": 0, "askSize": 0, "marketCap": 8544496128, "fiftyTwoWeekLow": 214.6, "fiftyTwoWeekHigh": 583.0, "fiftyDayAverage": 347.47272, "twoHundredDayAverage": 345.14487, "trailingAnnualDividendRate": 2.0, "trailingAnnualDividendYield": 0.0053015244, "currency": "INR", "fromCurrency": null, "lastMarket": null, "algorithm": null, "tradeable": false}, "sectorTrend": {"maxAge": 1, "symbol": null, "estimates": []}, "incomeStatementHistoryQuarterly": {"incomeStatementHistory": [{"maxAge": 1, "endDate": "2020-06-30", "totalRevenue": 3460653000, "costOfRevenue": 3399538000, "grossProfit": 61115000, "researchDevelopment": {}, "sellingGeneralAdministrative": 72578000, "nonRecurring": {}, "otherOperatingExpenses": 91576000, "totalOperatingExpenses": 3630940000, "operatingIncome": -170287000, "totalOtherIncomeExpenseNet": -84331000, "ebit": -170287000, "interestExpense": -94820000, "incomeBeforeTax": -254618000, "incomeTaxExpense": -1659000, "minorityInterest": {}, "netIncomeFromContinuingOps": -252959000, "discontinuedOperations": {}, "extraordinaryItems": {}, "effectOfAccountingCharges": {}, "otherItems": {}, "netIncome": -252959000, "netIncomeApplicableToCommonShares": -252959000}, {"maxAge": 1, "endDate": "2020-03-31", "totalRevenue": 6672659000, "costOfRevenue": 6125892000, "grossProfit": 546767000, "researchDevelopment": {}, "sellingGeneralAdministrative": 204017000, "nonRecurring": {}, "otherOperatingExpenses": 41955000, "totalOperatingExpenses": 6417885000, "operatingIncome": 254774000, "totalOtherIncomeExpenseNet": -106625000, "ebit": 254774000, "interestExpense": -86117000, "incomeBeforeTax": 148149000, "incomeTaxExpense": 39431000, "minorityInterest": {}, "netIncomeFromContinuingOps": 108718000, "discontinuedOperations": 4250000, "extraordinaryItems": {}, "effectOfAccountingCharges": {}, "otherItems": {}, "netIncome": 112968000, "netIncomeApplicableToCommonShares": 112968000}, {"maxAge": 1, "endDate": "2019-12-31", "totalRevenue": 7000625000, "costOfRevenue": 6384913000, "grossProfit": 615712000, "researchDevelopment": {}, "sellingGeneralAdministrative": 140564000, "nonRecurring": {}, "otherOperatingExpenses": 154125000, "totalOperatingExpenses": 6745143000, "operatingIncome": 255482000, "totalOtherIncomeExpenseNet": -92214000, "ebit": 255482000, "interestExpense": -102745000, "incomeBeforeTax": 163268000, "incomeTaxExpense": 33363000, "minorityInterest": {}, "netIncomeFromContinuingOps": 129905000, "discontinuedOperations": -14459000, "extraordinaryItems": {}, "effectOfAccountingCharges": {}, "otherItems": {}, "netIncome": 115446000, "netIncomeApplicableToCommonShares": 115446000}, {"maxAge": 1, "endDate": "2019-09-30", "totalRevenue": 6331050000, "costOfRevenue": 5767826000, "grossProfit": 563224000, "researchDevelopment": {}, "sellingGeneralAdministrative": 138914000, "nonRecurring": {}, "otherOperatingExpenses": 157024000, "totalOperatingExpenses": 6120959000, "operatingIncome": 210091000, "totalOtherIncomeExpenseNet": -106133000, "ebit": 210091000, "interestExpense": -111844000, "incomeBeforeTax": 103958000, "incomeTaxExpense": 3999000, "minorityInterest": {}, "netIncomeFromContinuingOps": 99959000, "discontinuedOperations": 2672000, "extraordinaryItems": {}, "effectOfAccountingCharges": {}, "otherItems": {}, "netIncome": 102631000, "netIncomeApplicableToCommonShares": 102631000}], "maxAge": 86400}, "cashflowStatementHistoryQuarterly": {"cashflowStatements": [{"maxAge": 1, "endDate": "2020-06-30", "netIncome": -252959000, "changeToLiabilities": 0}, {"maxAge": 1, "endDate": "2020-03-31", "netIncome": 112968000, "changeToLiabilities": 0}, {"maxAge": 1, "endDate": "2019-12-31", "netIncome": 115446000, "changeToLiabilities": 0}, {"maxAge": 1, "endDate": "2019-09-30", "netIncome": 102631000, "changeToLiabilities": 0}], "maxAge": 86400}, "insiderHolders": {"holders": [{"maxAge": 1, "name": "Fairwinds trustees services Pvt. Ltd.", "relation": "Institution- Corporation", "url": "", "transactionDescription": "Sale", "latestTransDate": "2017-05-08", "positionDirect": 0, "positionDirectDate": "2017-05-08"}, {"maxAge": 1, "name": "Kashinath (K G)", "relation": "Divisional Officer", "url": "", "transactionDescription": "Sale", "latestTransDate": "2019-01-10", "positionDirect": 16650, "positionDirectDate": "2019-01-10"}, {"maxAge": 1, "name": "Mundra (Siddhartha)", "relation": "Chief Executive Officer", "url": "", "transactionDescription": "Acquisition", "latestTransDate": "2019-08-19", "positionDirect": 1500, "positionDirectDate": "2019-08-19"}, {"maxAge": 1, "name": "Prasad (Siva)", "relation": "UNREPORTED", "url": "", "transactionDescription": "Acquisition", "latestTransDate": "2018-06-01", "positionDirect": 61650, "positionDirectDate": "2018-06-01"}, {"maxAge": 1, "name": "Ravikumar (C)", "relation": "Director (Executive)", "url": "", "transactionDescription": "Acquisition", "latestTransDate": "2018-06-05", "positionDirect": 72500, "positionDirectDate": "2018-06-05"}, {"maxAge": 1, "name": "Shankara Holdings Pvt. Ltd.", "relation": "Promoter", "url": "", "transactionDescription": "Acquisition", "latestTransDate": "2020-02-28", "positionDirect": 166200, "positionDirectDate": "2020-02-28"}, {"maxAge": 1, "name": "Srinivas (Sukumar)", "relation": "Promoter", "url": "", "transactionDescription": "Acquisition", "latestTransDate": "2020-09-29", "positionDirect": 12572287, "positionDirectDate": "2020-09-29"}, {"maxAge": 1, "name": "Varghese (Alex)", "relation": "UNREPORTED", "url": "", "transactionDescription": "Acquisition", "latestTransDate": "2018-06-01", "positionDirect": 20720, "positionDirectDate": "2018-06-01"}], "maxAge": 1}, "earnings": {"maxAge": 86400, "earningsChart": {"quarterly": [{"date": "4Q2017", "actual": 7.73, "estimate": 7.7}, {"date": "1Q2018", "actual": 9.49, "estimate": 10.5}, {"date": "2Q2018", "actual": 8.52, "estimate": 9.48}, {"date": "3Q2018", "actual": 3.99, "estimate": 8.52}], "currentQuarterEstimateDate": "4Q", "currentQuarterEstimateYear": 2018, "earningsDate": []}, "financialsChart": {"yearly": [{"date": 2017, "revenue": 23101406134, "earnings": 587702339}, {"date": 2018, "revenue": 25486656000, "earnings": 737896000}, {"date": 2019, "revenue": 25463186000, "earnings": 327420000}, {"date": 2020, "revenue": 26397280000, "earnings": 398776000}], "quarterly": [{"date": "3Q2019", "revenue": 6331050000, "earnings": 102631000}, {"date": "4Q2019", "revenue": 7000625000, "earnings": 115446000}, {"date": "1Q2020", "revenue": 6672659000, "earnings": 112968000}, {"date": "2Q2020", "revenue": 3460653000, "earnings": -252959000}]}, "financialCurrency": "INR"}, "calendarEvents": {"maxAge": 1, "earnings": {"earningsDate": [], "revenueAverage": 6848000000, "revenueLow": 6848000000, "revenueHigh": 6848000000}}, "upgradeDowngradeHistory": {"history": [], "maxAge": 86400}, "price": {"maxAge": 1, "regularMarketChangePercent": -0.008747483, "regularMarketChange": -3.2999878, "regularMarketTime": "2021-04-30 15:29:56", "priceHint": 2, "regularMarketPrice": 373.95, "regularMarketDayHigh": 376.35, "regularMarketDayLow": 371.0, "regularMarketVolume": 3254, "averageDailyVolume10Day": 17901, "averageDailyVolume3Month": 10377, "regularMarketPreviousClose": 377.25, "regularMarketSource": "FREE_REALTIME", "regularMarketOpen": 374.2, "exchange": "BSE", "exchangeName": "BSE", "exchangeDataDelayedBy": 0, "marketState": "CLOSED", "quoteType": "EQUITY", "symbol": "SHANKARA.BO", "underlyingSymbol": null, "shortName": "Shankara Building Products Lim", "longName": "Shankara Building Products Limited", "currency": "INR", "quoteSourceName": "Delayed Quote", "currencySymbol": "\u20b9", "fromCurrency": null, "lastMarket": null, "marketCap": 8544496128}, "balanceSheetHistory": {"balanceSheetStatements": [{"maxAge": 1, "endDate": "2020-03-31", "cash": 134964000, "netReceivables": 4294761000, "inventory": 4004481000, "otherCurrentAssets": 294648000, "totalCurrentAssets": 8751882000, "propertyPlantEquipment": 2569592000, "goodWill": 140403000, "intangibleAssets": 28646000, "otherAssets": 255493000, "totalAssets": 11746016000, "accountsPayable": 3603473000, "shortLongTermDebt": 15211000, "otherCurrentLiab": 69481000, "longTermDebt": 9161000, "otherLiab": 72224000, "totalCurrentLiabilities": 6235443000, "totalLiab": 6671179000, "commonStock": 228493000, "retainedEarnings": 3726760000, "treasuryStock": 6750000, "capitalSurplus": 1112834000, "otherStockholderEquity": 6750000, "totalStockholderEquity": 5074837000, "netTangibleAssets": 4905788000}, {"maxAge": 1, "endDate": "2019-03-31", "cash": 91378000, "netReceivables": 3345335000, "inventory": 3829457000, "otherCurrentAssets": 1058122000, "totalCurrentAssets": 8346193000, "propertyPlantEquipment": 2294588000, "goodWill": 140403000, "intangibleAssets": 66133000, "otherAssets": 272232000, "totalAssets": 11119549000, "accountsPayable": 3814457000, "shortLongTermDebt": 22732000, "otherCurrentLiab": 119722000, "longTermDebt": 24382000, "otherLiab": 210208000, "totalCurrentLiabilities": 6093874000, "totalLiab": 6328464000, "commonStock": 228493000, "retainedEarnings": 3452510000, "treasuryStock": -2752000, "capitalSurplus": 1112834000, "otherStockholderEquity": -2752000, "totalStockholderEquity": 4791085000, "netTangibleAssets": 4584549000}, {"maxAge": 1, "endDate": "2018-03-31", "cash": 12341000, "netReceivables": 4244435000, "inventory": 4157090000, "otherCurrentAssets": 482765000, "totalCurrentAssets": 8919322000, "propertyPlantEquipment": 2725757000, "goodWill": 140403000, "intangibleAssets": 103518000, "otherAssets": 238535000, "totalAssets": 12127535000, "accountsPayable": 4604634000, "shortLongTermDebt": 50426000, "otherCurrentLiab": 159806000, "longTermDebt": 8512000, "otherLiab": 172643000, "minorityInterest": 612000, "totalCurrentLiabilities": 7388741000, "totalLiab": 7569896000, "commonStock": 228493000, "retainedEarnings": 3214997000, "treasuryStock": 703000, "capitalSurplus": 1112834000, "otherStockholderEquity": 703000, "totalStockholderEquity": 4557027000, "netTangibleAssets": 4313106000}, {"maxAge": 1, "endDate": "2017-03-31", "cash": 18355320, "netReceivables": 3084883556, "inventory": 2794535497, "otherCurrentAssets": 766111618, "totalCurrentAssets": 6680826643, "propertyPlantEquipment": 2448369156, "goodWill": 140402758, "otherAssets": 150520560, "totalAssets": 9420119117, "accountsPayable": 2610078919, "shortLongTermDebt": 75694264, "otherCurrentLiab": 230409470, "longTermDebt": 58004785, "otherLiab": 148767076, "minorityInterest": 467203, "totalCurrentLiabilities": 5314998096, "totalLiab": 5521769957, "commonStock": 228493260, "retainedEarnings": 2552727672, "treasuryStock": -313378, "capitalSurplus": 1116974403, "otherStockholderEquity": -313378, "totalStockholderEquity": 3897881957, "netTangibleAssets": 3757479199}], "maxAge": 86400}, "earningsTrend": {"trend": [{"maxAge": 1, "period": "0q", "endDate": "2018-12-31", "growth": {}, "earningsEstimate": {"avg": 0.0, "low": 0.0, "high": 0.0, "yearAgoEps": 7.73, "numberOfAnalysts": 0, "growth": {}}, "revenueEstimate": {"avg": 6848000000, "low": 6848000000, "high": 6848000000, "numberOfAnalysts": 1, "yearAgoRevenue": 6246160000, "growth": 0.096}, "epsTrend": {"current": 0.0, "7daysAgo": 10.26, "30daysAgo": 10.26, "60daysAgo": 10.26, "90daysAgo": 10.26}, "epsRevisions": {"upLast7days": 0, "upLast30days": 0, "downLast30days": 0, "downLast90days": {}}}, {"maxAge": 1, "period": "+1q", "endDate": "2019-03-31", "growth": {}, "earningsEstimate": {"avg": 0.0, "low": 0.0, "high": 0.0, "yearAgoEps": 9.49, "numberOfAnalysts": 0, "growth": {}}, "revenueEstimate": {"avg": 7028490000, "low": 7028490000, "high": 7028490000, "numberOfAnalysts": 1, "yearAgoRevenue": 7608100000, "growth": -0.076}, "epsTrend": {"current": 0.0, "7daysAgo": 9.17, "30daysAgo": 9.17, "60daysAgo": 9.17, "90daysAgo": 9.17}, "epsRevisions": {"upLast7days": 0, "upLast30days": 0, "downLast30days": 0, "downLast90days": {}}}, {"maxAge": 1, "period": "0y", "endDate": "2019-03-31", "growth": {}, "earningsEstimate": {"avg": 0.0, "low": 0.0, "high": 0.0, "yearAgoEps": {}, "numberOfAnalysts": 0, "growth": {}}, "revenueEstimate": {"avg": 29007500000, "low": 28032000000, "high": 30112000000, "numberOfAnalysts": 6, "yearAgoRevenue": 25486700000, "growth": 0.138}, "epsTrend": {"current": 0.0, "7daysAgo": 25.65, "30daysAgo": 25.65, "60daysAgo": 25.65, "90daysAgo": 25.65}, "epsRevisions": {"upLast7days": 0, "upLast30days": 0, "downLast30days": 0, "downLast90days": {}}}, {"maxAge": 1, "period": "+1y", "endDate": "2020-03-31", "growth": {}, "earningsEstimate": {"avg": 0.0, "low": 0.0, "high": 0.0, "yearAgoEps": {}, "numberOfAnalysts": 0, "growth": {}}, "revenueEstimate": {"avg": 32561500000, "low": 30547000000, "high": 34095000000, "numberOfAnalysts": 6, "yearAgoRevenue": 29007500000, "growth": 0.123}, "epsTrend": {"current": 0.0, "7daysAgo": 29.39, "30daysAgo": 29.39, "60daysAgo": 29.39, "90daysAgo": 29.39}, "epsRevisions": {"upLast7days": 0, "upLast30days": 0, "downLast30days": 0, "downLast90days": {}}}, {"maxAge": 1, "period": "+5y", "endDate": null, "growth": 0.02, "earningsEstimate": {"avg": {}, "low": {}, "high": {}, "yearAgoEps": {}, "numberOfAnalysts": {}, "growth": {}}, "revenueEstimate": {"avg": {}, "low": {}, "high": {}, "numberOfAnalysts": {}, "yearAgoRevenue": {}, "growth": {}}, "epsTrend": {"current": {}, "7daysAgo": {}, "30daysAgo": {}, "60daysAgo": {}, "90daysAgo": {}}, "epsRevisions": {"upLast7days": {}, "upLast30days": {}, "downLast30days": {}, "downLast90days": {}}}, {"maxAge": 1, "period": "-5y", "endDate": null, "growth": {}, "earningsEstimate": {"avg": {}, "low": {}, "high": {}, "yearAgoEps": {}, "numberOfAnalysts": {}, "growth": {}}, "revenueEstimate": {"avg": {}, "low": {}, "high": {}, "numberOfAnalysts": {}, "yearAgoRevenue": {}, "growth": {}}, "epsTrend": {"current": {}, "7daysAgo": {}, "30daysAgo": {}, "60daysAgo": {}, "90daysAgo": {}}, "epsRevisions": {"upLast7days": {}, "upLast30days": {}, "downLast30days": {}, "downLast90days": {}}}], "maxAge": 1}, "financialData": {"maxAge": 86400, "currentPrice": 373.95, "targetHighPrice": 1020.0, "targetLowPrice": 525.0, "targetMeanPrice": 760.0, "targetMedianPrice": 675.0, "recommendationKey": "none", "numberOfAnalystOpinions": 5, "grossProfits": 2334001000, "financialCurrency": "INR"}}}