{"SHANTIGEAR.BO": {"recommendationTrend": {"trend": [{"period": "0m", "strongBuy": 0, "buy": 0, "hold": 0, "sell": 0, "strongSell": 0}, {"period": "-1m", "strongBuy": 0, "buy": 0, "hold": 0, "sell": 0, "strongSell": 0}, {"period": "-2m", "strongBuy": 0, "buy": 0, "hold": 0, "sell": 0, "strongSell": 0}, {"period": "-3m", "strongBuy": 0, "buy": 0, "hold": 0, "sell": 0, "strongSell": 0}], "maxAge": 86400}, "cashflowStatementHistory": {"cashflowStatements": [{"maxAge": 1, "endDate": "2020-03-31", "netIncome": 251900000, "depreciation": 81500000, "changeToNetincome": -42600000, "changeToAccountReceivables": 183200000, "changeToLiabilities": -8100000, "changeToInventory": 92900000, "changeToOperatingActivities": -3000000, "totalCashFromOperatingActivities": 558200000, "capitalExpenditures": -175100000, "investments": 378900000, "otherCashflowsFromInvestingActivities": 34600000, "totalCashflowsFromInvestingActivities": 241700000, "dividendsPaid": -230100000, "otherCashflowsFromFinancingActivities": -47300000, "totalCashFromFinancingActivities": -977400000, "changeInCash": -177500000, "repurchaseOfStock": -700000000}, {"maxAge": 1, "endDate": "2019-03-31", "netIncome": 333500000, "depreciation": 104200000, "changeToNetincome": -119900000, "changeToAccountReceivables": -10300000, "changeToLiabilities": 72600000, "changeToInventory": -112500000, "changeToOperatingActivities": 2000000, "totalCashFromOperatingActivities": 271600000, "capitalExpenditures": -116300000, "investments": 379000000, "otherCashflowsFromInvestingActivities": 132300000, "totalCashflowsFromInvestingActivities": 403600000, "dividendsPaid": -230100000, "otherCashflowsFromFinancingActivities": -84000000, "totalCashFromFinancingActivities": -492600000, "changeInCash": 182600000, "repurchaseOfStock": -700000000}, {"maxAge": 1, "endDate": "2018-03-31", "netIncome": 285800000, "depreciation": 154300000, "changeToNetincome": -119100000, "changeToAccountReceivables": -95500000, "changeToLiabilities": -13700000, "changeToInventory": 162900000, "changeToOperatingActivities": 46500000, "totalCashFromOperatingActivities": 422500000, "capitalExpenditures": -63200000, "investments": -297500000, "otherCashflowsFromInvestingActivities": 91600000, "totalCashflowsFromInvestingActivities": -261500000, "dividendsPaid": -138000000, "otherCashflowsFromFinancingActivities": -29100000, "totalCashFromFinancingActivities": -167100000, "changeInCash": -6100000, "repurchaseOfStock": -700000000}, {"maxAge": 1, "endDate": "2017-03-31", "netIncome": 225100000, "depreciation": 175600000, "changeToNetincome": -96300000, "changeToAccountReceivables": -73400000, "changeToLiabilities": 36300000, "changeToInventory": -84600000, "changeToOperatingActivities": -47300000, "totalCashFromOperatingActivities": 138100000, "capitalExpenditures": -61100000, "investments": -138000000, "otherCashflowsFromInvestingActivities": 68800000, "totalCashflowsFromInvestingActivities": -129200000, "dividendsPaid": -138000000, "otherCashflowsFromFinancingActivities": -29100000, "totalCashFromFinancingActivities": -167100000, "changeInCash": 8900000, "repurchaseOfStock": -700000000}], "maxAge": 86400}, "institutionOwnership": {"ownershipList": [], "maxAge": 1}, "balanceSheetHistoryQuarterly": {"balanceSheetStatements": [{"maxAge": 1, "endDate": "2020-06-30", "totalStockholderEquity": 2286200000, "netTangibleAssets": 2282900000}, {"maxAge": 1, "endDate": "2020-03-31", "cash": 10600000, "shortTermInvestments": 632500000, "netReceivables": 417400000, "inventory": 608400000, "otherCurrentAssets": 70300000, "totalCurrentAssets": 1752900000, "longTermInvestments": 276700000, "propertyPlantEquipment": 585500000, "intangibleAssets": 3300000, "otherAssets": 211900000, "deferredLongTermAssetCharges": 41300000, "totalAssets": 2830300000, "accountsPayable": 300800000, "otherCurrentLiab": 223100000, "otherLiab": 15400000, "totalCurrentLiabilities": 528700000, "totalLiab": 544100000, "commonStock": 76700000, "retainedEarnings": 2205200000, "treasuryStock": 4300000, "otherStockholderEquity": 4300000, "totalStockholderEquity": 2286200000, "netTangibleAssets": 2282900000}, {"maxAge": 1, "endDate": "2019-12-31", "totalStockholderEquity": 2406400000, "netTangibleAssets": 2401800000}, {"maxAge": 1, "endDate": "2019-09-30", "cash": 26700000, "shortTermInvestments": 674900000, "netReceivables": 609100000, "inventory": 632400000, "otherCurrentAssets": 65600000, "totalCurrentAssets": 2008700000, "longTermInvestments": 152200000, "propertyPlantEquipment": 487700000, "intangibleAssets": 4600000, "otherAssets": 206700000, "deferredLongTermAssetCharges": 36100000, "totalAssets": 2859900000, "accountsPayable": 267300000, "otherCurrentLiab": 169600000, "otherLiab": 12800000, "totalCurrentLiabilities": 440700000, "totalLiab": 453500000, "commonStock": 76700000, "treasuryStock": 2329700000, "otherStockholderEquity": 2329700000, "totalStockholderEquity": 2406400000, "netTangibleAssets": 2401800000}], "maxAge": 86400}, "earningsHistory": {"history": [{"maxAge": 1, "epsActual": {}, "epsEstimate": {}, "epsDifference": {}, "surprisePercent": {}, "quarter": {}, "period": "-4q"}, {"maxAge": 1, "epsActual": 0.75, "epsEstimate": 0.66, "epsDifference": 0.09, "surprisePercent": 0.136, "quarter": "2017-03-31", "period": "-3q"}, {"maxAge": 1, "epsActual": 0.88, "epsEstimate": 0.79, "epsDifference": 0.09, "surprisePercent": 0.11399999, "quarter": "2017-09-30", "period": "-2q"}, {"maxAge": 1, "epsActual": 0.82, "epsEstimate": 0.71, "epsDifference": 0.11, "surprisePercent": 0.155, "quarter": "2017-12-31", "period": "-1q"}], "maxAge": 86400}, "indexTrend": {"maxAge": 1, "symbol": "SP5", "peRatio": 19.7411, "pegRatio": 1.34172, "estimates": [{"period": "0q", "growth": 0.549}, {"period": "+1q", "growth": 0.431}, {"period": "0y", "growth": 0.305}, {"period": "+1y", "growth": 0.109}, {"period": "+5y", "growth": 0.120865}, {"period": "-5y"}]}, "industryTrend": {"maxAge": 1, "symbol": null, "estimates": []}, "insiderTransactions": {"transactions": [{"maxAge": 1, "shares": 700000, "filerUrl": "", "transactionText": "", "filerName": "Shanthi General Finance Pvt. Ltd.", "filerRelation": "Promoter", "moneyText": "", "startDate": "2012-09-03", "ownership": "D"}, {"maxAge": 1, "shares": 7100000, "filerUrl": "", "transactionText": "", "filerName": "Shanthi Social Services", "filerRelation": "Promoter", "moneyText": "", "startDate": "2012-09-03", "ownership": "D"}, {"maxAge": 1, "shares": 28250291, "filerUrl": "", "transactionText": "", "filerName": "Subramanian (P)", "filerRelation": "Executive Chairman", "moneyText": "", "startDate": "2012-09-03", "ownership": "D"}, {"maxAge": 1, "shares": 473000, "filerUrl": "", "transactionText": "", "filerName": "Subramanian (P)", "filerRelation": "Executive Chairman", "moneyText": "", "startDate": "2010-07-14", "ownership": "D"}, {"maxAge": 1, "shares": 12051187, "filerUrl": "", "transactionText": "", "filerName": "Subramanian (P)", "filerRelation": "Executive Chairman", "moneyText": "", "startDate": "2010-05-12", "ownership": "D"}, {"maxAge": 1, "shares": 1337578, "filerUrl": "", "transactionText": "", "filerName": "Subramanian (P)", "filerRelation": "Executive Chairman", "moneyText": "", "startDate": "2010-05-04", "ownership": "D"}], "maxAge": 1}, "quoteType": {"exchange": "BSE", "quoteType": "EQUITY", "symbol": "SHANTIGEAR.BO", "underlyingSymbol": "SHANTIGEAR.BO", "shortName": "SHANTHI GEARS LTD.", "longName": "Shanthi Gears Limited", "firstTradeDateEpochUtc": "2002-07-01 09:15:00", "timeZoneFullName": "Asia/Kolkata", "timeZoneShortName": "IST", "uuid": "19186412-142a-3e97-bae9-3204d895ccf2", "gmtOffSetMilliseconds": 19800000, "maxAge": 1}, "incomeStatementHistory": {"incomeStatementHistory": [{"maxAge": 1, "endDate": "2020-03-31", "totalRevenue": 2422900000, "costOfRevenue": 1254400000, "grossProfit": 1168500000, "researchDevelopment": {}, "sellingGeneralAdministrative": 493900000, "nonRecurring": {}, "otherOperatingExpenses": 328500000, "totalOperatingExpenses": 2161300000, "operatingIncome": 261600000, "totalOtherIncomeExpenseNet": 65300000, "ebit": 261600000, "interestExpense": {}, "incomeBeforeTax": 326900000, "incomeTaxExpense": 75000000, "minorityInterest": {}, "netIncomeFromContinuingOps": 251900000, "discontinuedOperations": {}, "extraordinaryItems": {}, "effectOfAccountingCharges": {}, "otherItems": {}, "netIncome": 251900000, "netIncomeApplicableToCommonShares": 251900000}, {"maxAge": 1, "endDate": "2019-03-31", "totalRevenue": 2416800000, "costOfRevenue": 1187400000, "grossProfit": 1229400000, "researchDevelopment": {}, "sellingGeneralAdministrative": 466200000, "nonRecurring": {}, "otherOperatingExpenses": 349200000, "totalOperatingExpenses": 2110200000, "operatingIncome": 306600000, "totalOtherIncomeExpenseNet": 118000000, "ebit": 306600000, "interestExpense": {}, "incomeBeforeTax": 424600000, "incomeTaxExpense": 91100000, "minorityInterest": {}, "netIncomeFromContinuingOps": 333500000, "discontinuedOperations": {}, "extraordinaryItems": {}, "effectOfAccountingCharges": {}, "otherItems": {}, "netIncome": 333500000, "netIncomeApplicableToCommonShares": 333500000}, {"maxAge": 1, "endDate": "2018-03-31", "totalRevenue": 2141200000, "costOfRevenue": 990200000, "grossProfit": 1151000000, "researchDevelopment": {}, "sellingGeneralAdministrative": 428000000, "nonRecurring": {}, "otherOperatingExpenses": 346100000, "totalOperatingExpenses": 1928700000, "operatingIncome": 212500000, "totalOtherIncomeExpenseNet": 119200000, "ebit": 212500000, "interestExpense": {}, "incomeBeforeTax": 331700000, "incomeTaxExpense": 45900000, "minorityInterest": {}, "netIncomeFromContinuingOps": 285800000, "discontinuedOperations": {}, "extraordinaryItems": {}, "effectOfAccountingCharges": {}, "otherItems": {}, "netIncome": 285800000, "netIncomeApplicableToCommonShares": 285800000}, {"maxAge": 1, "endDate": "2017-03-31", "totalRevenue": 1839500000, "costOfRevenue": 770500000, "grossProfit": 1069000000, "researchDevelopment": {}, "sellingGeneralAdministrative": 398000000, "nonRecurring": {}, "otherOperatingExpenses": 315000000, "totalOperatingExpenses": 1661800000, "operatingIncome": 177700000, "totalOtherIncomeExpenseNet": 107300000, "ebit": 177700000, "interestExpense": {}, "incomeBeforeTax": 285000000, "incomeTaxExpense": 59900000, "minorityInterest": {}, "netIncomeFromContinuingOps": 225100000, "discontinuedOperations": {}, "extraordinaryItems": {}, "effectOfAccountingCharges": {}, "otherItems": {}, "netIncome": 225100000, "netIncomeApplicableToCommonShares": 225100000}], "maxAge": 86400}, "fundOwnership": {"ownershipList": [], "maxAge": 1}, "summaryDetail": {"maxAge": 1, "priceHint": 2, "previousClose": 134.8, "open": 135.0, "dayLow": 134.5, "dayHigh": 139.0, "regularMarketPreviousClose": 134.8, "regularMarketOpen": 135.0, "regularMarketDayLow": 134.5, "regularMarketDayHigh": 139.0, "trailingPE": 86.31214, "forwardPE": 31.747683, "volume": 1798, "regularMarketVolume": 1798, "averageVolume": 13284, "averageVolume10days": 1538, "averageDailyVolume10Day": 1538, "bid": 136.5, "ask": 137.75, "bidSize": 0, "askSize": 0, "marketCap": 10521585664, "fiftyTwoWeekLow": 56.3, "fiftyTwoWeekHigh": 139.0, "fiftyDayAverage": 122.587875, "twoHundredDayAverage": 106.24596, "trailingAnnualDividendRate": 2.0, "trailingAnnualDividendYield": 0.014836795, "currency": "INR", "fromCurrency": null, "lastMarket": null, "algorithm": null, "tradeable": false}, "sectorTrend": {"maxAge": 1, "symbol": null, "estimates": []}, "incomeStatementHistoryQuarterly": {"incomeStatementHistory": [{"maxAge": 1, "endDate": "2020-06-30", "totalRevenue": 251300000, "costOfRevenue": 118100000, "grossProfit": 133200000, "researchDevelopment": {}, "sellingGeneralAdministrative": 112800000, "nonRecurring": {}, "otherOperatingExpenses": 63000000, "totalOperatingExpenses": 314700000, "operatingIncome": -63400000, "totalOtherIncomeExpenseNet": 18000000, "ebit": -63400000, "interestExpense": {}, "incomeBeforeTax": -45400000, "incomeTaxExpense": -9600000, "minorityInterest": {}, "netIncomeFromContinuingOps": -35800000, "discontinuedOperations": {}, "extraordinaryItems": {}, "effectOfAccountingCharges": {}, "otherItems": {}, "netIncome": -35800000, "netIncomeApplicableToCommonShares": -35800000}, {"maxAge": 1, "endDate": "2020-03-31", "totalRevenue": 416100000, "costOfRevenue": 292000000, "grossProfit": 124100000, "researchDevelopment": {}, "sellingGeneralAdministrative": 127600000, "nonRecurring": {}, "otherOperatingExpenses": -11800000, "totalOperatingExpenses": 429200000, "operatingIncome": -13100000, "totalOtherIncomeExpenseNet": 18000000, "ebit": -13100000, "interestExpense": {}, "incomeBeforeTax": 4900000, "incomeTaxExpense": -8000000, "minorityInterest": {}, "netIncomeFromContinuingOps": 12900000, "discontinuedOperations": {}, "extraordinaryItems": {}, "effectOfAccountingCharges": {}, "otherItems": {}, "netIncome": 12900000, "netIncomeApplicableToCommonShares": 12900000}, {"maxAge": 1, "endDate": "2019-12-31", "totalRevenue": 580200000, "costOfRevenue": 264000000, "grossProfit": 316200000, "researchDevelopment": {}, "sellingGeneralAdministrative": 123800000, "nonRecurring": {}, "otherOperatingExpenses": 110100000, "totalOperatingExpenses": 518900000, "operatingIncome": 61300000, "totalOtherIncomeExpenseNet": 15700000, "ebit": 61300000, "interestExpense": {}, "incomeBeforeTax": 77000000, "incomeTaxExpense": 16100000, "minorityInterest": {}, "netIncomeFromContinuingOps": 60900000, "discontinuedOperations": {}, "extraordinaryItems": {}, "effectOfAccountingCharges": {}, "otherItems": {}, "netIncome": 60900000, "netIncomeApplicableToCommonShares": 60900000}, {"maxAge": 1, "endDate": "2019-09-30", "totalRevenue": 709100000, "costOfRevenue": 347000000, "grossProfit": 362100000, "researchDevelopment": {}, "sellingGeneralAdministrative": 128400000, "nonRecurring": {}, "otherOperatingExpenses": 112200000, "totalOperatingExpenses": 609000000, "operatingIncome": 100100000, "totalOtherIncomeExpenseNet": 18800000, "ebit": 100100000, "interestExpense": {}, "incomeBeforeTax": 118900000, "incomeTaxExpense": 35300000, "minorityInterest": {}, "netIncomeFromContinuingOps": 83600000, "discontinuedOperations": {}, "extraordinaryItems": {}, "effectOfAccountingCharges": {}, "otherItems": {}, "netIncome": 83600000, "netIncomeApplicableToCommonShares": 83600000}], "maxAge": 86400}, "cashflowStatementHistoryQuarterly": {"cashflowStatements": [{"maxAge": 1, "endDate": "2020-06-30", "netIncome": -35800000, "changeToLiabilities": 0}, {"maxAge": 1, "endDate": "2020-03-31", "netIncome": 12900000, "changeToLiabilities": 0}, {"maxAge": 1, "endDate": "2019-12-31", "netIncome": 60900000, "changeToLiabilities": 0}, {"maxAge": 1, "endDate": "2019-09-30", "netIncome": 83600000, "changeToLiabilities": 0}], "maxAge": 86400}, "insiderHolders": {"holders": [{"maxAge": 1, "name": "Shanthi General Finance Pvt. Ltd.", "relation": "Promoter", "url": "", "transactionDescription": "Sale", "latestTransDate": "2012-09-03", "positionDirect": 0, "positionDirectDate": "2012-09-03"}, {"maxAge": 1, "name": "Shanthi Social Services", "relation": "Promoter", "url": "", "transactionDescription": "Sale", "latestTransDate": "2012-09-03", "positionDirect": 0, "positionDirectDate": "2012-09-03"}, {"maxAge": 1, "name": "Subramanian (P)", "relation": "Executive Chairman", "url": "", "transactionDescription": "Sale", "latestTransDate": "2012-09-03", "positionDirect": 0, "positionDirectDate": "2012-09-03"}], "maxAge": 1}, "earnings": {"maxAge": 86400, "earningsChart": {"quarterly": [{"date": "1Q2017", "actual": 0.75, "estimate": 0.66}, {"date": "3Q2017", "actual": 0.88, "estimate": 0.79}, {"date": "4Q2017", "actual": 0.82, "estimate": 0.71}], "currentQuarterEstimateDate": "1Q", "currentQuarterEstimateYear": 2018, "earningsDate": []}, "financialsChart": {"yearly": [{"date": 2017, "revenue": 1839500000, "earnings": 225100000}, {"date": 2018, "revenue": 2141200000, "earnings": 285800000}, {"date": 2019, "revenue": 2416800000, "earnings": 333500000}, {"date": 2020, "revenue": 2422900000, "earnings": 251900000}], "quarterly": [{"date": "3Q2019", "revenue": 709100000, "earnings": 83600000}, {"date": "4Q2019", "revenue": 580200000, "earnings": 60900000}, {"date": "1Q2020", "revenue": 416100000, "earnings": 12900000}, {"date": "2Q2020", "revenue": 251300000, "earnings": -35800000}]}, "financialCurrency": "INR"}, "calendarEvents": {"maxAge": 1, "earnings": {"earningsDate": [], "revenueAverage": 587900000}}, "upgradeDowngradeHistory": {"history": [], "maxAge": 86400}, "price": {"maxAge": 1, "regularMarketChangePercent": 0.017433167, "regularMarketChange": 2.3499908, "regularMarketTime": "2021-04-30 15:28:06", "priceHint": 2, "regularMarketPrice": 137.15, "regularMarketDayHigh": 139.0, "regularMarketDayLow": 134.5, "regularMarketVolume": 1798, "averageDailyVolume10Day": 1538, "averageDailyVolume3Month": 13284, "regularMarketPreviousClose": 134.8, "regularMarketSource": "FREE_REALTIME", "regularMarketOpen": 135.0, "exchange": "BSE", "exchangeName": "BSE", "exchangeDataDelayedBy": 0, "marketState": "CLOSED", "quoteType": "EQUITY", "symbol": "SHANTIGEAR.BO", "underlyingSymbol": null, "shortName": "SHANTHI GEARS LTD.", "longName": "Shanthi Gears Limited", "currency": "INR", "quoteSourceName": "Delayed Quote", "currencySymbol": "\u20b9", "fromCurrency": null, "lastMarket": null, "marketCap": 10521585664}, "balanceSheetHistory": {"balanceSheetStatements": [{"maxAge": 1, "endDate": "2020-03-31", "cash": 10600000, "shortTermInvestments": 632500000, "netReceivables": 417400000, "inventory": 608400000, "otherCurrentAssets": 70300000, "totalCurrentAssets": 1752900000, "longTermInvestments": 276700000, "propertyPlantEquipment": 585500000, "intangibleAssets": 3300000, "otherAssets": 211900000, "deferredLongTermAssetCharges": 41300000, "totalAssets": 2830300000, "accountsPayable": 300800000, "otherCurrentLiab": 223100000, "otherLiab": 15400000, "totalCurrentLiabilities": 528700000, "totalLiab": 544100000, "commonStock": 76700000, "retainedEarnings": 2205200000, "treasuryStock": 4300000, "otherStockholderEquity": 4300000, "totalStockholderEquity": 2286200000, "netTangibleAssets": 2282900000}, {"maxAge": 1, "endDate": "2019-03-31", "cash": 15500000, "shortTermInvestments": 1128600000, "netReceivables": 600800000, "inventory": 701300000, "otherCurrentAssets": 234900000, "totalCurrentAssets": 2689500000, "longTermInvestments": 141600000, "propertyPlantEquipment": 512700000, "intangibleAssets": 4500000, "otherAssets": 177900000, "deferredLongTermAssetCharges": 49600000, "totalAssets": 3526200000, "accountsPayable": 308500000, "otherCurrentLiab": 187900000, "otherLiab": 1600000, "totalCurrentLiabilities": 503800000, "totalLiab": 505400000, "commonStock": 81700000, "retainedEarnings": 2688000000, "treasuryStock": 8200000, "capitalSurplus": 242900000, "otherStockholderEquity": 8200000, "totalStockholderEquity": 3020800000, "netTangibleAssets": 3016300000}, {"maxAge": 1, "endDate": "2018-03-31", "cash": 9800000, "shortTermInvestments": 1491700000, "netReceivables": 632400000, "inventory": 588800000, "otherCurrentAssets": 55900000, "totalCurrentAssets": 2788200000, "longTermInvestments": 121700000, "propertyPlantEquipment": 499400000, "intangibleAssets": 2600000, "otherAssets": 188700000, "deferredLongTermAssetCharges": 59500000, "totalAssets": 3600600000, "accountsPayable": 236700000, "otherCurrentLiab": 170100000, "otherLiab": 9800000, "totalCurrentLiabilities": 412900000, "totalLiab": 422700000, "commonStock": 81700000, "retainedEarnings": 2846900000, "treasuryStock": 6400000, "capitalSurplus": 242900000, "otherStockholderEquity": 6400000, "totalStockholderEquity": 3177900000, "netTangibleAssets": 3175300000}, {"maxAge": 1, "endDate": "2017-03-31", "cash": 20900000, "shortTermInvestments": 1193500000, "netReceivables": 540500000, "inventory": 751700000, "otherCurrentAssets": 82700000, "totalCurrentAssets": 2593800000, "longTermInvestments": 121700000, "propertyPlantEquipment": 586800000, "intangibleAssets": 2100000, "otherAssets": 171100000, "deferredLongTermAssetCharges": 36000000, "totalAssets": 3475500000, "accountsPayable": 250400000, "otherCurrentLiab": 149100000, "otherLiab": 7600000, "totalCurrentLiabilities": 404700000, "totalLiab": 412300000, "commonStock": 81700000, "retainedEarnings": 2733300000, "treasuryStock": 5300000, "capitalSurplus": 242900000, "otherStockholderEquity": 5300000, "totalStockholderEquity": 3063200000, "netTangibleAssets": 3061100000}], "maxAge": 86400}, "earningsTrend": {"trend": [{"maxAge": 1, "period": "0q", "endDate": "2018-03-31", "growth": {}, "earningsEstimate": {"avg": 0.0, "low": 0.0, "high": 0.0, "yearAgoEps": {}, "numberOfAnalysts": 0, "growth": {}}, "revenueEstimate": {"avg": 587900000, "low": 0, "high": 0, "numberOfAnalysts": 0, "yearAgoRevenue": 502000000, "growth": 0.171}, "epsTrend": {"current": 0.0, "7daysAgo": 0.0, "30daysAgo": 0.0, "60daysAgo": 0.0, "90daysAgo": 0.0}, "epsRevisions": {"upLast7days": 0, "upLast30days": 0, "downLast30days": 0, "downLast90days": {}}}, {"maxAge": 1, "period": "+1q", "endDate": "2018-06-30", "growth": {}, "earningsEstimate": {"avg": 0.0, "low": 0.0, "high": 0.0, "yearAgoEps": 0.75, "numberOfAnalysts": 0, "growth": {}}, "revenueEstimate": {"avg": 643100000, "low": 0, "high": 0, "numberOfAnalysts": 0, "yearAgoRevenue": 591500000, "growth": 0.087}, "epsTrend": {"current": 0.0, "7daysAgo": 0.0, "30daysAgo": 0.0, "60daysAgo": 0.0, "90daysAgo": 0.0}, "epsRevisions": {"upLast7days": 0, "upLast30days": 0, "downLast30days": 0, "downLast90days": {}}}, {"maxAge": 1, "period": "0y", "endDate": "2018-03-31", "growth": {}, "earningsEstimate": {"avg": 0.0, "low": 0.0, "high": 0.0, "yearAgoEps": {}, "numberOfAnalysts": 0, "growth": {}}, "revenueEstimate": {"avg": 2314700000, "low": 2224770000, "high": 2224770000, "numberOfAnalysts": 1, "yearAgoRevenue": 1839500000, "growth": 0.258}, "epsTrend": {"current": 0.0, "7daysAgo": 3.17, "30daysAgo": 3.17, "60daysAgo": 3.17, "90daysAgo": 3.17}, "epsRevisions": {"upLast7days": 0, "upLast30days": 0, "downLast30days": 0, "downLast90days": {}}}, {"maxAge": 1, "period": "+1y", "endDate": "2019-03-31", "growth": {}, "earningsEstimate": {"avg": 0.0, "low": 0.0, "high": 0.0, "yearAgoEps": {}, "numberOfAnalysts": 0, "growth": {}}, "revenueEstimate": {"avg": 2415050000, "low": 2415050000, "high": 2415050000, "numberOfAnalysts": 1, "yearAgoRevenue": 2314700000, "growth": 0.043}, "epsTrend": {"current": 0.0, "7daysAgo": 4.32, "30daysAgo": 4.32, "60daysAgo": 4.32, "90daysAgo": 4.32}, "epsRevisions": {"upLast7days": 0, "upLast30days": 0, "downLast30days": 0, "downLast90days": {}}}, {"maxAge": 1, "period": "+5y", "endDate": null, "growth": {}, "earningsEstimate": {"avg": {}, "low": {}, "high": {}, "yearAgoEps": {}, "numberOfAnalysts": {}, "growth": {}}, "revenueEstimate": {"avg": {}, "low": {}, "high": {}, "numberOfAnalysts": {}, "yearAgoRevenue": {}, "growth": {}}, "epsTrend": {"current": {}, "7daysAgo": {}, "30daysAgo": {}, "60daysAgo": {}, "90daysAgo": {}}, "epsRevisions": {"upLast7days": {}, "upLast30days": {}, "downLast30days": {}, "downLast90days": {}}}, {"maxAge": 1, "period": "-5y", "endDate": null, "growth": {}, "earningsEstimate": {"avg": {}, "low": {}, "high": {}, "yearAgoEps": {}, "numberOfAnalysts": {}, "growth": {}}, "revenueEstimate": {"avg": {}, "low": {}, "high": {}, "numberOfAnalysts": {}, "yearAgoRevenue": {}, "growth": {}}, "epsTrend": {"current": {}, "7daysAgo": {}, "30daysAgo": {}, "60daysAgo": {}, "90daysAgo": {}}, "epsRevisions": {"upLast7days": {}, "upLast30days": {}, "downLast30days": {}, "downLast90days": {}}}], "maxAge": 1}, "financialData": {"maxAge": 86400, "currentPrice": 137.15, "targetHighPrice": 86.0, "targetLowPrice": 86.0, "targetMeanPrice": 86.0, "targetMedianPrice": 86.0, "recommendationKey": "none", "numberOfAnalystOpinions": 1, "grossProfits": 1168500000, "financialCurrency": "INR"}}}