{"SHANTIGEAR.NS": {"assetProfile": {"address1": "304-A, Trichy Road", "address2": "Singanallur", "city": "Coimbatore", "zip": "641005", "country": "India", "phone": "91 42 2454 5745", "fax": "91 42 2454 5700", "website": "http://www.shanthigears.com", "industry": "Specialty Industrial Machinery", "sector": "Industrials", "longBusinessSummary": "Shanthi Gears Limited designs, manufactures, supplies, and services gears and gear boxes in India, the United States, Europe, and internationally. The company offers standard products, such as helical and bevel helical, worm, extruder, and cooling tower gear boxes, as well as geared motors. It also provides custom built loose gears, which include gears and pinions, and special gearboxes; and iron, as well as phosphor bronze, aluminum bronze, leaded bronze, and copper alloy castings. In addition, the company offers installation support, refurbishment, and on site services. Its products are used in steel, cement, sugar, crane and material handling, paper, power, rubber and plastics, off-highway and mining, process, compressor, railway, textile, and aerospace applications. The company was founded in 1960 and is based in Coimbatore, India. Shanthi Gears Limited is a subsidiary of Tube Investments of India Limited.", "fullTimeEmployees": 523, "companyOfficers": [{"maxAge": 1, "name": "Mr. M.  Karunakaran", "title": "CEO, Head of Operations & Technical Function and Additional & Whole-Time Director", "fiscalYear": 2020, "totalPay": 7317000, "exercisedValue": 0, "unexercisedValue": 0}, {"maxAge": 1, "name": "Mr. C.  Subramaniam", "title": "Compliance Officer & Company Sec.", "fiscalYear": 2020, "totalPay": 1818000, "exercisedValue": 0, "unexercisedValue": 0}, {"maxAge": 1, "name": "Mr. Ranjan kumar Piti", "title": "Chief Financial Officer", "exercisedValue": 0, "unexercisedValue": 0}, {"maxAge": 1, "name": "Mr. Debashis  Chattopadhyay", "title": "Head of Marketing", "exercisedValue": 0, "unexercisedValue": 0}, {"maxAge": 1, "name": "Mr. M.  Mahendran", "title": "Head of Engineering", "exercisedValue": 0, "unexercisedValue": 0}, {"maxAge": 1, "name": "Mr. P.  Satishkumar", "title": "Head of Costing", "exercisedValue": 0, "unexercisedValue": 0}, {"maxAge": 1, "name": "Mr. R.  Hariprakash", "title": "Head of R&D", "exercisedValue": 0, "unexercisedValue": 0}], "compensationAsOfEpochDate": "2020-12-31 05:30:00", "maxAge": 86400}, "recommendationTrend": {"trend": [{"period": "0m", "strongBuy": 0, "buy": 0, "hold": 0, "sell": 0, "strongSell": 0}, {"period": "-1m", "strongBuy": 0, "buy": 0, "hold": 0, "sell": 0, "strongSell": 0}, {"period": "-2m", "strongBuy": 0, "buy": 0, "hold": 0, "sell": 0, "strongSell": 0}, {"period": "-3m", "strongBuy": 0, "buy": 0, "hold": 0, "sell": 0, "strongSell": 0}], "maxAge": 86400}, "cashflowStatementHistory": {"cashflowStatements": [{"maxAge": 1, "endDate": "2020-03-31", "netIncome": 251900000, "depreciation": 81500000, "changeToNetincome": -42600000, "changeToAccountReceivables": 183200000, "changeToLiabilities": -8100000, "changeToInventory": 92900000, "changeToOperatingActivities": -3000000, "totalCashFromOperatingActivities": 558200000, "capitalExpenditures": -175100000, "investments": 378900000, "otherCashflowsFromInvestingActivities": 34600000, "totalCashflowsFromInvestingActivities": 241700000, "dividendsPaid": -230100000, "otherCashflowsFromFinancingActivities": -47300000, "totalCashFromFinancingActivities": -977400000, "changeInCash": -177500000, "repurchaseOfStock": -700000000}, {"maxAge": 1, "endDate": "2019-03-31", "netIncome": 333500000, "depreciation": 104200000, "changeToNetincome": -119900000, "changeToAccountReceivables": -10300000, "changeToLiabilities": 72600000, "changeToInventory": -112500000, "changeToOperatingActivities": 2000000, "totalCashFromOperatingActivities": 271600000, "capitalExpenditures": -116300000, "investments": 379000000, "otherCashflowsFromInvestingActivities": 132300000, "totalCashflowsFromInvestingActivities": 403600000, "dividendsPaid": -230100000, "otherCashflowsFromFinancingActivities": -84000000, "totalCashFromFinancingActivities": -492600000, "changeInCash": 182600000, "repurchaseOfStock": -700000000}, {"maxAge": 1, "endDate": "2018-03-31", "netIncome": 285800000, "depreciation": 154300000, "changeToNetincome": -119100000, "changeToAccountReceivables": -95500000, "changeToLiabilities": -13700000, "changeToInventory": 162900000, "changeToOperatingActivities": 46500000, "totalCashFromOperatingActivities": 422500000, "capitalExpenditures": -63200000, "investments": -297500000, "otherCashflowsFromInvestingActivities": 91600000, "totalCashflowsFromInvestingActivities": -261500000, "dividendsPaid": -138000000, "otherCashflowsFromFinancingActivities": -29100000, "totalCashFromFinancingActivities": -167100000, "changeInCash": -6100000, "repurchaseOfStock": -700000000}, {"maxAge": 1, "endDate": "2017-03-31", "netIncome": 225100000, "depreciation": 175600000, "changeToNetincome": -96300000, "changeToAccountReceivables": -73400000, "changeToLiabilities": 36300000, "changeToInventory": -84600000, "changeToOperatingActivities": -47300000, "totalCashFromOperatingActivities": 138100000, "capitalExpenditures": -61100000, "investments": -138000000, "otherCashflowsFromInvestingActivities": 68800000, "totalCashflowsFromInvestingActivities": -129200000, "dividendsPaid": -138000000, "otherCashflowsFromFinancingActivities": -29100000, "totalCashFromFinancingActivities": -167100000, "changeInCash": 8900000, "repurchaseOfStock": -700000000}], "maxAge": 86400}, "indexTrend": {"maxAge": 1, "symbol": "SP5", "peRatio": 19.7411, "pegRatio": 1.34172, "estimates": [{"period": "0q", "growth": 0.549}, {"period": "+1q", "growth": 0.431}, {"period": "0y", "growth": 0.305}, {"period": "+1y", "growth": 0.109}, {"period": "+5y", "growth": 0.120865}, {"period": "-5y"}]}, "defaultKeyStatistics": {"maxAge": 1, "priceHint": 2, "enterpriseValue": 9669300224, "forwardPE": 35.479275, "profitMargins": 0.06499, "floatShares": 18592420, "sharesOutstanding": 76715904, "heldPercentInsiders": 0.74764, "heldPercentInstitutions": 0.08124, "beta": 0.967108, "category": null, "bookValue": 30.055, "priceToBook": 4.556646, "fundFamily": null, "legalType": null, "lastFiscalYearEnd": "2020-03-31 05:30:00", "nextFiscalYearEnd": "2022-03-31 05:30:00", "mostRecentQuarter": "2020-12-31 05:30:00", "earningsQuarterlyGrowth": 0.264, "netIncomeToCommon": 120400000, "trailingEps": 1.568, "forwardEps": 3.86, "lastSplitFactor": null, "enterpriseToRevenue": 5.219, "enterpriseToEbitda": 71.373}, "industryTrend": {"maxAge": 1, "symbol": null, "estimates": []}, "quoteType": {"exchange": "NSI", "quoteType": "EQUITY", "symbol": "SHANTIGEAR.NS", "underlyingSymbol": "SHANTIGEAR.NS", "shortName": "SHANTHI GEARS", "longName": "Shanthi Gears Limited", "firstTradeDateEpochUtc": "2002-07-01 09:15:00", "timeZoneFullName": "Asia/Kolkata", "timeZoneShortName": "IST", "uuid": "352d193e-0d3d-3535-a644-1d12ce399d50", "gmtOffSetMilliseconds": 19800000, "maxAge": 1}, "incomeStatementHistory": {"incomeStatementHistory": [{"maxAge": 1, "endDate": "2020-03-31", "totalRevenue": 2422900000, "costOfRevenue": 1254400000, "grossProfit": 1168500000, "researchDevelopment": {}, "sellingGeneralAdministrative": 493900000, "nonRecurring": {}, "otherOperatingExpenses": 328500000, "totalOperatingExpenses": 2161300000, "operatingIncome": 261600000, "totalOtherIncomeExpenseNet": 65300000, "ebit": 261600000, "interestExpense": {}, "incomeBeforeTax": 326900000, "incomeTaxExpense": 75000000, "minorityInterest": {}, "netIncomeFromContinuingOps": 251900000, "discontinuedOperations": {}, "extraordinaryItems": {}, "effectOfAccountingCharges": {}, "otherItems": {}, "netIncome": 251900000, "netIncomeApplicableToCommonShares": 251900000}, {"maxAge": 1, "endDate": "2019-03-31", "totalRevenue": 2416800000, "costOfRevenue": 1187400000, "grossProfit": 1229400000, "researchDevelopment": {}, "sellingGeneralAdministrative": 466200000, "nonRecurring": {}, "otherOperatingExpenses": 349200000, "totalOperatingExpenses": 2110200000, "operatingIncome": 306600000, "totalOtherIncomeExpenseNet": 118000000, "ebit": 306600000, "interestExpense": {}, "incomeBeforeTax": 424600000, "incomeTaxExpense": 91100000, "minorityInterest": {}, "netIncomeFromContinuingOps": 333500000, "discontinuedOperations": {}, "extraordinaryItems": {}, "effectOfAccountingCharges": {}, "otherItems": {}, "netIncome": 333500000, "netIncomeApplicableToCommonShares": 333500000}, {"maxAge": 1, "endDate": "2018-03-31", "totalRevenue": 2141200000, "costOfRevenue": 990200000, "grossProfit": 1151000000, "researchDevelopment": {}, "sellingGeneralAdministrative": 428000000, "nonRecurring": {}, "otherOperatingExpenses": 346100000, "totalOperatingExpenses": 1928700000, "operatingIncome": 212500000, "totalOtherIncomeExpenseNet": 119200000, "ebit": 212500000, "interestExpense": {}, "incomeBeforeTax": 331700000, "incomeTaxExpense": 45900000, "minorityInterest": {}, "netIncomeFromContinuingOps": 285800000, "discontinuedOperations": {}, "extraordinaryItems": {}, "effectOfAccountingCharges": {}, "otherItems": {}, "netIncome": 285800000, "netIncomeApplicableToCommonShares": 285800000}, {"maxAge": 1, "endDate": "2017-03-31", "totalRevenue": 1839500000, "costOfRevenue": 770500000, "grossProfit": 1069000000, "researchDevelopment": {}, "sellingGeneralAdministrative": 398000000, "nonRecurring": {}, "otherOperatingExpenses": 315000000, "totalOperatingExpenses": 1661800000, "operatingIncome": 177700000, "totalOtherIncomeExpenseNet": 107300000, "ebit": 177700000, "interestExpense": {}, "incomeBeforeTax": 285000000, "incomeTaxExpense": 59900000, "minorityInterest": {}, "netIncomeFromContinuingOps": 225100000, "discontinuedOperations": {}, "extraordinaryItems": {}, "effectOfAccountingCharges": {}, "otherItems": {}, "netIncome": 225100000, "netIncomeApplicableToCommonShares": 225100000}], "maxAge": 86400}, "fundOwnership": {"ownershipList": [], "maxAge": 1}, "summaryDetail": {"maxAge": 1, "priceHint": 2, "previousClose": 135.5, "open": 135.0, "dayLow": 134.9, "dayHigh": 139.2, "regularMarketPreviousClose": 135.5, "regularMarketOpen": 135.0, "regularMarketDayLow": 134.9, "regularMarketDayHigh": 139.2, "dividendRate": 3.5, "dividendYield": 0.025799999, "exDividendDate": "2021-02-22 05:30:00", "payoutRatio": 1.2739, "beta": 0.967108, "trailingPE": 87.34056, "forwardPE": 35.479275, "volume": 36305, "regularMarketVolume": 36305, "averageVolume": 124959, "averageVolume10days": 62455, "averageDailyVolume10Day": 62455, "bid": 0.0, "ask": 0.0, "bidSize": 0, "askSize": 0, "marketCap": 10451955712, "fiftyTwoWeekLow": 65.2, "fiftyTwoWeekHigh": 145.95, "priceToSalesTrailing12Months": 5.6414723, "fiftyDayAverage": 128.65147, "twoHundredDayAverage": 115.952484, "trailingAnnualDividendRate": 1.5, "trailingAnnualDividendYield": 0.011070111, "currency": "INR", "fromCurrency": null, "lastMarket": null, "algorithm": null, "tradeable": false}, "insiderHolders": {"holders": [{"maxAge": 1, "name": "Shanthi General Finance Pvt. Ltd.", "relation": "Promoter", "url": "", "transactionDescription": "Sale", "latestTransDate": "2012-09-03", "positionDirect": 0, "positionDirectDate": "2012-09-03"}, {"maxAge": 1, "name": "Shanthi Social Services", "relation": "Promoter", "url": "", "transactionDescription": "Sale", "latestTransDate": "2012-09-03", "positionDirect": 0, "positionDirectDate": "2012-09-03"}, {"maxAge": 1, "name": "Subramanian (P)", "relation": "Executive Chairman", "url": "", "transactionDescription": "Sale", "latestTransDate": "2012-09-03", "positionDirect": 0, "positionDirectDate": "2012-09-03"}], "maxAge": 1}, "calendarEvents": {"maxAge": 1, "earnings": {"earningsDate": [], "revenueAverage": 587900000}, "exDividendDate": "2021-02-22 05:30:00"}, "upgradeDowngradeHistory": {"history": [], "maxAge": 86400}, "price": {"maxAge": 1, "regularMarketChangePercent": 0.0107010845, "regularMarketChange": 1.449997, "regularMarketTime": "2021-04-30 15:29:57", "priceHint": 2, "regularMarketPrice": 136.95, "regularMarketDayHigh": 139.2, "regularMarketDayLow": 134.9, "regularMarketVolume": 36305, "averageDailyVolume10Day": 62455, "averageDailyVolume3Month": 124959, "regularMarketPreviousClose": 135.5, "regularMarketSource": "FREE_REALTIME", "regularMarketOpen": 135.0, "exchange": "NSI", "exchangeName": "NSE", "exchangeDataDelayedBy": 15, "marketState": "CLOSED", "quoteType": "EQUITY", "symbol": "SHANTIGEAR.NS", "underlyingSymbol": null, "shortName": "SHANTHI GEARS", "longName": "Shanthi Gears Limited", "currency": "INR", "quoteSourceName": "Delayed Quote", "currencySymbol": "\u20b9", "fromCurrency": null, "lastMarket": null, "marketCap": 10451955712}, "balanceSheetHistory": {"balanceSheetStatements": [{"maxAge": 1, "endDate": "2020-03-31", "cash": 10600000, "shortTermInvestments": 632500000, "netReceivables": 417400000, "inventory": 608400000, "otherCurrentAssets": 70300000, "totalCurrentAssets": 1752900000, "longTermInvestments": 276700000, "propertyPlantEquipment": 585500000, "intangibleAssets": 3300000, "otherAssets": 211900000, "deferredLongTermAssetCharges": 41300000, "totalAssets": 2830300000, "accountsPayable": 300800000, "otherCurrentLiab": 223100000, "otherLiab": 15400000, "totalCurrentLiabilities": 528700000, "totalLiab": 544100000, "commonStock": 76700000, "retainedEarnings": 2205200000, "treasuryStock": 4300000, "otherStockholderEquity": 4300000, "totalStockholderEquity": 2286200000, "netTangibleAssets": 2282900000}, {"maxAge": 1, "endDate": "2019-03-31", "cash": 15500000, "shortTermInvestments": 1128600000, "netReceivables": 600800000, "inventory": 701300000, "otherCurrentAssets": 234900000, "totalCurrentAssets": 2689500000, "longTermInvestments": 141600000, "propertyPlantEquipment": 512700000, "intangibleAssets": 4500000, "otherAssets": 177900000, "deferredLongTermAssetCharges": 49600000, "totalAssets": 3526200000, "accountsPayable": 308500000, "otherCurrentLiab": 187900000, "otherLiab": 1600000, "totalCurrentLiabilities": 503800000, "totalLiab": 505400000, "commonStock": 81700000, "retainedEarnings": 2688000000, "treasuryStock": 8200000, "capitalSurplus": 242900000, "otherStockholderEquity": 8200000, "totalStockholderEquity": 3020800000, "netTangibleAssets": 3016300000}, {"maxAge": 1, "endDate": "2018-03-31", "cash": 9800000, "shortTermInvestments": 1491700000, "netReceivables": 632400000, "inventory": 588800000, "otherCurrentAssets": 55900000, "totalCurrentAssets": 2788200000, "longTermInvestments": 121700000, "propertyPlantEquipment": 499400000, "intangibleAssets": 2600000, "otherAssets": 188700000, "deferredLongTermAssetCharges": 59500000, "totalAssets": 3600600000, "accountsPayable": 236700000, "otherCurrentLiab": 170100000, "otherLiab": 9800000, "totalCurrentLiabilities": 412900000, "totalLiab": 422700000, "commonStock": 81700000, "retainedEarnings": 2846900000, "treasuryStock": 6400000, "capitalSurplus": 242900000, "otherStockholderEquity": 6400000, "totalStockholderEquity": 3177900000, "netTangibleAssets": 3175300000}, {"maxAge": 1, "endDate": "2017-03-31", "cash": 20900000, "shortTermInvestments": 1193500000, "netReceivables": 540500000, "inventory": 751700000, "otherCurrentAssets": 82700000, "totalCurrentAssets": 2593800000, "longTermInvestments": 121700000, "propertyPlantEquipment": 586800000, "intangibleAssets": 2100000, "otherAssets": 171100000, "deferredLongTermAssetCharges": 36000000, "totalAssets": 3475500000, "accountsPayable": 250400000, "otherCurrentLiab": 149100000, "otherLiab": 7600000, "totalCurrentLiabilities": 404700000, "totalLiab": 412300000, "commonStock": 81700000, "retainedEarnings": 2733300000, "treasuryStock": 5300000, "capitalSurplus": 242900000, "otherStockholderEquity": 5300000, "totalStockholderEquity": 3063200000, "netTangibleAssets": 3061100000}], "maxAge": 86400}, "earningsTrend": {"trend": [{"maxAge": 1, "period": "0q", "endDate": "2018-03-31", "growth": {}, "earningsEstimate": {"avg": 0.0, "low": 0.0, "high": 0.0, "yearAgoEps": {}, "numberOfAnalysts": 0, "growth": {}}, "revenueEstimate": {"avg": 587900000, "low": 0, "high": 0, "numberOfAnalysts": 0, "yearAgoRevenue": 502000000, "growth": 0.171}, "epsTrend": {"current": 0.0, "7daysAgo": 0.0, "30daysAgo": 0.0, "60daysAgo": 0.0, "90daysAgo": 0.0}, "epsRevisions": {"upLast7days": 0, "upLast30days": 0, "downLast30days": 0, "downLast90days": {}}}, {"maxAge": 1, "period": "+1q", "endDate": "2018-06-30", "growth": {}, "earningsEstimate": {"avg": 0.0, "low": 0.0, "high": 0.0, "yearAgoEps": 0.75, "numberOfAnalysts": 0, "growth": {}}, "revenueEstimate": {"avg": 0, "low": 0, "high": 0, "numberOfAnalysts": 0, "yearAgoRevenue": {}, "growth": {}}, "epsTrend": {"current": 0.0, "7daysAgo": 0.0, "30daysAgo": 0.0, "60daysAgo": 0.0, "90daysAgo": 0.0}, "epsRevisions": {"upLast7days": 0, "upLast30days": 0, "downLast30days": 0, "downLast90days": {}}}, {"maxAge": 1, "period": "0y", "endDate": "2018-03-31", "growth": {}, "earningsEstimate": {"avg": 0.0, "low": 0.0, "high": 0.0, "yearAgoEps": {}, "numberOfAnalysts": 0, "growth": {}}, "revenueEstimate": {"avg": 2314700000, "low": 2224770000, "high": 2224770000, "numberOfAnalysts": 1, "yearAgoRevenue": 1839500000, "growth": 0.258}, "epsTrend": {"current": 0.0, "7daysAgo": 3.17, "30daysAgo": 3.17, "60daysAgo": 3.17, "90daysAgo": 3.17}, "epsRevisions": {"upLast7days": 0, "upLast30days": 0, "downLast30days": 0, "downLast90days": {}}}, {"maxAge": 1, "period": "+1y", "endDate": "2019-03-31", "growth": {}, "earningsEstimate": {"avg": 3.86, "low": 3.86, "high": 3.86, "yearAgoEps": {}, "numberOfAnalysts": 1, "growth": {}}, "revenueEstimate": {"avg": 2415050000, "low": 2415050000, "high": 2415050000, "numberOfAnalysts": 1, "yearAgoRevenue": 2314700000, "growth": 0.043}, "epsTrend": {"current": 3.86, "7daysAgo": 3.86, "30daysAgo": 3.86, "60daysAgo": 3.86, "90daysAgo": 3.61}, "epsRevisions": {"upLast7days": 0, "upLast30days": 0, "downLast30days": 0, "downLast90days": {}}}, {"maxAge": 1, "period": "+5y", "endDate": null, "growth": {}, "earningsEstimate": {"avg": {}, "low": {}, "high": {}, "yearAgoEps": {}, "numberOfAnalysts": {}, "growth": {}}, "revenueEstimate": {"avg": {}, "low": {}, "high": {}, "numberOfAnalysts": {}, "yearAgoRevenue": {}, "growth": {}}, "epsTrend": {"current": {}, "7daysAgo": {}, "30daysAgo": {}, "60daysAgo": {}, "90daysAgo": {}}, "epsRevisions": {"upLast7days": {}, "upLast30days": {}, "downLast30days": {}, "downLast90days": {}}}, {"maxAge": 1, "period": "-5y", "endDate": null, "growth": 0.105620004, "earningsEstimate": {"avg": {}, "low": {}, "high": {}, "yearAgoEps": {}, "numberOfAnalysts": {}, "growth": {}}, "revenueEstimate": {"avg": {}, "low": {}, "high": {}, "numberOfAnalysts": {}, "yearAgoRevenue": {}, "growth": {}}, "epsTrend": {"current": {}, "7daysAgo": {}, "30daysAgo": {}, "60daysAgo": {}, "90daysAgo": {}}, "epsRevisions": {"upLast7days": {}, "upLast30days": {}, "downLast30days": {}, "downLast90days": {}}}], "maxAge": 1}, "institutionOwnership": {"ownershipList": [], "maxAge": 1}, "majorHoldersBreakdown": {"maxAge": 1, "insidersPercentHeld": 0.74764, "institutionsPercentHeld": 0.08124, "institutionsFloatPercentHeld": 0.32189998, "institutionsCount": 4}, "balanceSheetHistoryQuarterly": {"balanceSheetStatements": [{"maxAge": 1, "endDate": "2020-12-31", "totalStockholderEquity": 2317000000, "netTangibleAssets": 2314700000}, {"maxAge": 1, "endDate": "2020-09-30", "cash": 17000000, "shortTermInvestments": 747200000, "netReceivables": 375600000, "inventory": 590200000, "otherCurrentAssets": 64200000, "totalCurrentAssets": 1794200000, "longTermInvestments": 276700000, "propertyPlantEquipment": 598400000, "intangibleAssets": 2300000, "otherAssets": 193600000, "deferredLongTermAssetCharges": 41300000, "totalAssets": 2865200000, "accountsPayable": 277200000, "otherCurrentLiab": 251800000, "otherLiab": 15400000, "totalCurrentLiabilities": 532800000, "totalLiab": 548200000, "commonStock": 76700000, "treasuryStock": 2240300000, "otherStockholderEquity": 2240300000, "totalStockholderEquity": 2317000000, "netTangibleAssets": 2314700000}, {"maxAge": 1, "endDate": "2020-06-30", "totalStockholderEquity": 2286200000, "netTangibleAssets": 2282900000}, {"maxAge": 1, "endDate": "2020-03-31", "cash": 10600000, "shortTermInvestments": 632500000, "netReceivables": 417400000, "inventory": 608400000, "otherCurrentAssets": 70300000, "totalCurrentAssets": 1752900000, "longTermInvestments": 276700000, "propertyPlantEquipment": 585500000, "intangibleAssets": 3300000, "otherAssets": 211900000, "deferredLongTermAssetCharges": 41300000, "totalAssets": 2830300000, "accountsPayable": 300800000, "otherCurrentLiab": 223100000, "otherLiab": 15400000, "totalCurrentLiabilities": 528700000, "totalLiab": 544100000, "commonStock": 76700000, "retainedEarnings": 2205200000, "treasuryStock": 4300000, "otherStockholderEquity": 4300000, "totalStockholderEquity": 2286200000, "netTangibleAssets": 2282900000}], "maxAge": 86400}, "earningsHistory": {"history": [{"maxAge": 1, "epsActual": {}, "epsEstimate": {}, "epsDifference": {}, "surprisePercent": {}, "quarter": {}, "period": "-4q"}, {"maxAge": 1, "epsActual": 0.75, "epsEstimate": 0.66, "epsDifference": 0.09, "surprisePercent": 0.136, "quarter": "2017-03-31", "period": "-3q"}, {"maxAge": 1, "epsActual": 0.88, "epsEstimate": 0.79, "epsDifference": 0.09, "surprisePercent": 0.11399999, "quarter": "2017-09-30", "period": "-2q"}, {"maxAge": 1, "epsActual": 0.82, "epsEstimate": 0.71, "epsDifference": 0.11, "surprisePercent": 0.155, "quarter": "2017-12-31", "period": "-1q"}], "maxAge": 86400}, "summaryProfile": {"address1": "304-A, Trichy Road", "address2": "Singanallur", "city": "Coimbatore", "zip": "641005", "country": "India", "phone": "91 42 2454 5745", "fax": "91 42 2454 5700", "website": "http://www.shanthigears.com", "industry": "Specialty Industrial Machinery", "sector": "Industrials", "longBusinessSummary": "Shanthi Gears Limited designs, manufactures, supplies, and services gears and gear boxes in India, the United States, Europe, and internationally. The company offers standard products, such as helical and bevel helical, worm, extruder, and cooling tower gear boxes, as well as geared motors. It also provides custom built loose gears, which include gears and pinions, and special gearboxes; and iron, as well as phosphor bronze, aluminum bronze, leaded bronze, and copper alloy castings. In addition, the company offers installation support, refurbishment, and on site services. Its products are used in steel, cement, sugar, crane and material handling, paper, power, rubber and plastics, off-highway and mining, process, compressor, railway, textile, and aerospace applications. The company was founded in 1960 and is based in Coimbatore, India. Shanthi Gears Limited is a subsidiary of Tube Investments of India Limited.", "fullTimeEmployees": 523, "companyOfficers": [], "maxAge": 86400}, "netSharePurchaseActivity": {"maxAge": 1, "period": "6m", "buyInfoCount": 0, "buyInfoShares": 0, "sellInfoCount": 0, "netInfoCount": 0, "netInfoShares": 0, "netPercentInsiderShares": 0.0, "totalInsiderShares": 57568280}, "insiderTransactions": {"transactions": [{"maxAge": 1, "shares": 700000, "filerUrl": "", "transactionText": "", "filerName": "Shanthi General Finance Pvt. Ltd.", "filerRelation": "Promoter", "moneyText": "", "startDate": "2012-09-03", "ownership": "D"}, {"maxAge": 1, "shares": 7100000, "filerUrl": "", "transactionText": "", "filerName": "Shanthi Social Services", "filerRelation": "Promoter", "moneyText": "", "startDate": "2012-09-03", "ownership": "D"}, {"maxAge": 1, "shares": 28250291, "filerUrl": "", "transactionText": "", "filerName": "Subramanian (P)", "filerRelation": "Executive Chairman", "moneyText": "", "startDate": "2012-09-03", "ownership": "D"}, {"maxAge": 1, "shares": 473000, "filerUrl": "", "transactionText": "", "filerName": "Subramanian (P)", "filerRelation": "Executive Chairman", "moneyText": "", "startDate": "2010-07-14", "ownership": "D"}, {"maxAge": 1, "shares": 12051187, "filerUrl": "", "transactionText": "", "filerName": "Subramanian (P)", "filerRelation": "Executive Chairman", "moneyText": "", "startDate": "2010-05-12", "ownership": "D"}, {"maxAge": 1, "shares": 1337578, "filerUrl": "", "transactionText": "", "filerName": "Subramanian (P)", "filerRelation": "Executive Chairman", "moneyText": "", "startDate": "2010-05-04", "ownership": "D"}], "maxAge": 1}, "sectorTrend": {"maxAge": 1, "symbol": null, "estimates": []}, "incomeStatementHistoryQuarterly": {"incomeStatementHistory": [{"maxAge": 1, "endDate": "2020-12-31", "totalRevenue": 648300000, "costOfRevenue": 314800000, "grossProfit": 333500000, "researchDevelopment": {}, "sellingGeneralAdministrative": 126300000, "nonRecurring": {}, "otherOperatingExpenses": 101900000, "totalOperatingExpenses": 565400000, "operatingIncome": 82900000, "totalOtherIncomeExpenseNet": 18900000, "ebit": 82900000, "interestExpense": {}, "incomeBeforeTax": 101800000, "incomeTaxExpense": 24800000, "minorityInterest": {}, "netIncomeFromContinuingOps": 77000000, "discontinuedOperations": {}, "extraordinaryItems": {}, "effectOfAccountingCharges": {}, "otherItems": {}, "netIncome": 77000000, "netIncomeApplicableToCommonShares": 77000000}, {"maxAge": 1, "endDate": "2020-09-30", "totalRevenue": 537000000, "costOfRevenue": 265500000, "grossProfit": 271500000, "researchDevelopment": {}, "sellingGeneralAdministrative": 107100000, "nonRecurring": {}, "otherOperatingExpenses": 78600000, "totalOperatingExpenses": 472400000, "operatingIncome": 64600000, "totalOtherIncomeExpenseNet": 17200000, "ebit": 64600000, "interestExpense": {}, "incomeBeforeTax": 81800000, "incomeTaxExpense": 15500000, "minorityInterest": {}, "netIncomeFromContinuingOps": 66300000, "discontinuedOperations": {}, "extraordinaryItems": {}, "effectOfAccountingCharges": {}, "otherItems": {}, "netIncome": 66300000, "netIncomeApplicableToCommonShares": 66300000}, {"maxAge": 1, "endDate": "2020-06-30", "totalRevenue": 251300000, "costOfRevenue": 118100000, "grossProfit": 133200000, "researchDevelopment": {}, "sellingGeneralAdministrative": 112800000, "nonRecurring": {}, "otherOperatingExpenses": 63000000, "totalOperatingExpenses": 314700000, "operatingIncome": -63400000, "totalOtherIncomeExpenseNet": 18000000, "ebit": -63400000, "interestExpense": {}, "incomeBeforeTax": -45400000, "incomeTaxExpense": -9600000, "minorityInterest": {}, "netIncomeFromContinuingOps": -35800000, "discontinuedOperations": {}, "extraordinaryItems": {}, "effectOfAccountingCharges": {}, "otherItems": {}, "netIncome": -35800000, "netIncomeApplicableToCommonShares": -35800000}, {"maxAge": 1, "endDate": "2020-03-31", "totalRevenue": 416100000, "costOfRevenue": 292000000, "grossProfit": 124100000, "researchDevelopment": {}, "sellingGeneralAdministrative": 127600000, "nonRecurring": {}, "otherOperatingExpenses": -11800000, "totalOperatingExpenses": 429200000, "operatingIncome": -13100000, "totalOtherIncomeExpenseNet": 18000000, "ebit": -13100000, "interestExpense": {}, "incomeBeforeTax": 4900000, "incomeTaxExpense": -8000000, "minorityInterest": {}, "netIncomeFromContinuingOps": 12900000, "discontinuedOperations": {}, "extraordinaryItems": {}, "effectOfAccountingCharges": {}, "otherItems": {}, "netIncome": 12900000, "netIncomeApplicableToCommonShares": 12900000}], "maxAge": 86400}, "cashflowStatementHistoryQuarterly": {"cashflowStatements": [{"maxAge": 1, "endDate": "2020-12-31", "netIncome": 77000000, "changeToLiabilities": 0}, {"maxAge": 1, "endDate": "2020-09-30", "netIncome": 66300000, "changeToLiabilities": 0}, {"maxAge": 1, "endDate": "2020-06-30", "netIncome": -35800000, "changeToLiabilities": 0}, {"maxAge": 1, "endDate": "2020-03-31", "netIncome": 12900000, "changeToLiabilities": 0}], "maxAge": 86400}, "earnings": {"maxAge": 86400, "earningsChart": {"quarterly": [{"date": "1Q2017", "actual": 0.75, "estimate": 0.66}, {"date": "3Q2017", "actual": 0.88, "estimate": 0.79}, {"date": "4Q2017", "actual": 0.82, "estimate": 0.71}], "currentQuarterEstimateDate": "1Q", "currentQuarterEstimateYear": 2018, "earningsDate": []}, "financialsChart": {"yearly": [{"date": 2017, "revenue": 1839500000, "earnings": 225100000}, {"date": 2018, "revenue": 2141200000, "earnings": 285800000}, {"date": 2019, "revenue": 2416800000, "earnings": 333500000}, {"date": 2020, "revenue": 2422900000, "earnings": 251900000}], "quarterly": [{"date": "1Q2020", "revenue": 416100000, "earnings": 12900000}, {"date": "2Q2020", "revenue": 251300000, "earnings": -35800000}, {"date": "3Q2020", "revenue": 537000000, "earnings": 66300000}, {"date": "4Q2020", "revenue": 648300000, "earnings": 77000000}]}, "financialCurrency": "INR"}, "financialData": {"maxAge": 86400, "currentPrice": 136.95, "targetHighPrice": 86.0, "targetLowPrice": 86.0, "targetMeanPrice": 86.0, "targetMedianPrice": 86.0, "recommendationMean": 2.0, "recommendationKey": "buy", "numberOfAnalystOpinions": 1, "totalCash": 764200000, "totalCashPerShare": 9.925, "ebitda": 135475008, "totalDebt": 0, "totalRevenue": 1852700032, "revenuePerShare": 24.131, "grossProfits": 1168500000, "earningsGrowth": 0.266, "revenueGrowth": 0.117, "grossMargins": 0.46543, "ebitdaMargins": 0.07312, "operatingMargins": 0.03832, "profitMargins": 0.06499, "financialCurrency": "INR"}}}