{"SHARDACROP.BO": {"recommendationTrend": {"trend": [{"period": "0m", "strongBuy": 0, "buy": 0, "hold": 0, "sell": 0, "strongSell": 0}, {"period": "-1m", "strongBuy": 0, "buy": 0, "hold": 0, "sell": 0, "strongSell": 0}, {"period": "-2m", "strongBuy": 0, "buy": 0, "hold": 0, "sell": 0, "strongSell": 0}, {"period": "-3m", "strongBuy": 0, "buy": 0, "hold": 0, "sell": 0, "strongSell": 0}], "maxAge": 86400}, "cashflowStatementHistory": {"cashflowStatements": [{"maxAge": 1, "endDate": "2020-03-31", "netIncome": 1646624000, "depreciation": 1370307000, "changeToNetincome": 144522000, "changeToAccountReceivables": -1538778000, "changeToLiabilities": 109652000, "changeToInventory": -173803000, "changeToOperatingActivities": -96494000, "totalCashFromOperatingActivities": 1462951000, "capitalExpenditures": -4089000, "investments": 1036133000, "otherCashflowsFromInvestingActivities": 45821000, "totalCashflowsFromInvestingActivities": -677605000, "dividendsPaid": -541156000, "netBorrowings": -38631000, "otherCashflowsFromFinancingActivities": -17192000, "totalCashFromFinancingActivities": -596979000, "effectOfExchangeRate": 82882000, "changeInCash": 271249000}, {"maxAge": 1, "endDate": "2019-03-31", "netIncome": 1763430000, "depreciation": 993056000, "changeToNetincome": 255235000, "changeToAccountReceivables": 450650000, "changeToLiabilities": 321132000, "changeToInventory": 1655764000, "changeToOperatingActivities": 121216000, "totalCashFromOperatingActivities": 5561365000, "capitalExpenditures": -51856000, "investments": -2194555000, "otherCashflowsFromInvestingActivities": 26579000, "totalCashflowsFromInvestingActivities": -3598319000, "dividendsPaid": -360838000, "netBorrowings": -1688800000, "otherCashflowsFromFinancingActivities": -103975000, "totalCashFromFinancingActivities": -2153613000, "effectOfExchangeRate": 84692000, "changeInCash": -105875000}, {"maxAge": 1, "endDate": "2018-03-31", "netIncome": 1907652000, "depreciation": 698180000, "changeToNetincome": 318051000, "changeToAccountReceivables": -1947812000, "changeToLiabilities": 1694824000, "changeToInventory": -2423948000, "changeToOperatingActivities": -78486000, "totalCashFromOperatingActivities": 169674000, "capitalExpenditures": -98904000, "investments": 376747000, "otherCashflowsFromInvestingActivities": 12492000, "totalCashflowsFromInvestingActivities": -1628356000, "dividendsPaid": -360882000, "netBorrowings": 1687315000, "otherCashflowsFromFinancingActivities": -3955000, "totalCashFromFinancingActivities": 1322478000, "effectOfExchangeRate": 26465000, "changeInCash": -109739000}, {"maxAge": 1, "endDate": "2017-03-31", "netIncome": 1904386000, "depreciation": 560916000, "changeToNetincome": 97073000, "changeToAccountReceivables": -738667000, "changeToLiabilities": 993134000, "changeToInventory": -1282031000, "changeToOperatingActivities": 278414000, "totalCashFromOperatingActivities": 1814899000, "capitalExpenditures": -35244000, "investments": 362305000, "otherCashflowsFromInvestingActivities": 25350000, "totalCashflowsFromInvestingActivities": -1035516000, "dividendsPaid": -360882000, "netBorrowings": -17587000, "otherCashflowsFromFinancingActivities": -335000, "totalCashFromFinancingActivities": -378804000, "effectOfExchangeRate": -1649000, "changeInCash": 398930000}], "maxAge": 86400}, "institutionOwnership": {"ownershipList": [], "maxAge": 1}, "balanceSheetHistoryQuarterly": {"balanceSheetStatements": [{"maxAge": 1, "endDate": "2020-06-30", "totalStockholderEquity": 14027931000, "netTangibleAssets": 8528709000}, {"maxAge": 1, "endDate": "2020-03-31", "cash": 777570000, "shortTermInvestments": 20606000, "netReceivables": 10182975000, "inventory": 3910537000, "otherCurrentAssets": 739574000, "totalCurrentAssets": 16814761000, "propertyPlantEquipment": 278226000, "goodWill": 4398000, "intangibleAssets": 5494824000, "otherAssets": 880002000, "deferredLongTermAssetCharges": 39176000, "totalAssets": 23472211000, "accountsPayable": 6866874000, "otherCurrentLiab": 1114210000, "longTermDebt": 926000, "otherLiab": 744867000, "minorityInterest": 2640000, "totalCurrentLiabilities": 8566749000, "totalLiab": 9441640000, "commonStock": 902205000, "retainedEarnings": 12429132000, "treasuryStock": 479739000, "capitalSurplus": 216855000, "otherStockholderEquity": 479739000, "totalStockholderEquity": 14027931000, "netTangibleAssets": 8528709000}, {"maxAge": 1, "endDate": "2019-12-31", "totalStockholderEquity": 12836773000, "netTangibleAssets": 6875495000}, {"maxAge": 1, "endDate": "2019-09-30", "cash": 1017703000, "shortTermInvestments": 972303000, "netReceivables": 5507380000, "inventory": 3599031000, "otherCurrentAssets": 345053000, "totalCurrentAssets": 11441470000, "longTermInvestments": 15000, "propertyPlantEquipment": 313417000, "goodWill": 4123000, "intangibleAssets": 5957155000, "otherAssets": 779248000, "deferredLongTermAssetCharges": 67332000, "totalAssets": 18495428000, "accountsPayable": 2915414000, "otherCurrentLiab": 1567153000, "longTermDebt": 926000, "otherLiab": 1172845000, "minorityInterest": 2317000, "totalCurrentLiabilities": 4482567000, "totalLiab": 5656338000, "commonStock": 902205000, "treasuryStock": 11934568000, "otherStockholderEquity": 11934568000, "totalStockholderEquity": 12836773000, "netTangibleAssets": 6875495000}], "maxAge": 86400}, "earningsHistory": {"history": [{"maxAge": 1, "epsActual": 1.1, "epsEstimate": 2.2, "epsDifference": -1.1, "surprisePercent": -0.5, "quarter": "2017-12-31", "period": "-4q"}, {"maxAge": 1, "epsActual": 12.55, "epsEstimate": 11.23, "epsDifference": 1.32, "surprisePercent": 0.118, "quarter": "2018-03-31", "period": "-3q"}, {"maxAge": 1, "epsActual": 3.79, "epsEstimate": 4.39, "epsDifference": -0.6, "surprisePercent": -0.137, "quarter": "2018-06-30", "period": "-2q"}, {"maxAge": 1, "epsActual": 1.79, "epsEstimate": 2.81, "epsDifference": -1.02, "surprisePercent": -0.363, "quarter": "2018-09-30", "period": "-1q"}], "maxAge": 86400}, "indexTrend": {"maxAge": 1, "symbol": "SP5", "peRatio": 19.7411, "pegRatio": 1.34172, "estimates": [{"period": "0q", "growth": 0.549}, {"period": "+1q", "growth": 0.431}, {"period": "0y", "growth": 0.305}, {"period": "+1y", "growth": 0.109}, {"period": "+5y", "growth": 0.120865}, {"period": "-5y"}]}, "industryTrend": {"maxAge": 1, "symbol": null, "estimates": []}, "insiderTransactions": {"transactions": [{"maxAge": 1, "shares": 29615, "filerUrl": "", "transactionText": "", "filerName": "Bubna (Sharda Ramprakash)", "filerRelation": "Director", "moneyText": "", "startDate": "2020-03-31", "ownership": "D"}, {"maxAge": 1, "shares": 99998, "filerUrl": "", "transactionText": "", "filerName": "Bubna (Ramprakash Vilasrai)", "filerRelation": "Director", "moneyText": "", "startDate": "2017-02-08", "ownership": "D"}, {"maxAge": 1, "shares": 100000, "filerUrl": "", "transactionText": "", "filerName": "Bubna (Sharda Ramprakash)", "filerRelation": "Director", "moneyText": "", "startDate": "2017-02-08", "ownership": "D"}, {"maxAge": 1, "shares": 15180000, "filerUrl": "", "transactionText": "", "filerName": "Bubna (Ashish Ramprakash)", "filerRelation": "Director", "moneyText": "", "startDate": "2015-04-02", "ownership": "D"}, {"maxAge": 1, "shares": 15180000, "filerUrl": "", "transactionText": "", "filerName": "Bubna (Manish Ramprakash)", "filerRelation": "Director", "moneyText": "", "startDate": "2015-04-02", "ownership": "D"}, {"maxAge": 1, "shares": 14152686, "filerUrl": "", "transactionText": "", "filerName": "Bubna (Ramprakash Vilasrai)", "filerRelation": "Director", "moneyText": "", "startDate": "2015-04-02", "ownership": "D"}, {"maxAge": 1, "shares": 14152685, "filerUrl": "", "transactionText": "", "filerName": "Bubna (Sharda Ramprakash)", "filerRelation": "Director", "moneyText": "", "startDate": "2015-04-02", "ownership": "D"}], "maxAge": 1}, "quoteType": {"exchange": "BSE", "quoteType": "EQUITY", "symbol": "SHARDACROP.BO", "underlyingSymbol": "SHARDACROP.BO", "shortName": "Sharda Cropchem Limited", "longName": "Sharda Cropchem Limited", "firstTradeDateEpochUtc": "2014-09-23 09:15:00", "timeZoneFullName": "Asia/Kolkata", "timeZoneShortName": "IST", "uuid": "49bc979e-13ab-3e42-8ef3-23e77b8d942c", "gmtOffSetMilliseconds": 19800000, "maxAge": 1}, "incomeStatementHistory": {"incomeStatementHistory": [{"maxAge": 1, "endDate": "2020-03-31", "totalRevenue": 20030182000, "costOfRevenue": 13895427000, "grossProfit": 6134755000, "researchDevelopment": {}, "sellingGeneralAdministrative": 399495000, "nonRecurring": {}, "otherOperatingExpenses": 2218597000, "totalOperatingExpenses": 17884747000, "operatingIncome": 2145435000, "totalOtherIncomeExpenseNet": -296742000, "ebit": 2145435000, "interestExpense": -19172000, "incomeBeforeTax": 1848693000, "incomeTaxExpense": 201776000, "minorityInterest": 2640000, "netIncomeFromContinuingOps": 1646917000, "discontinuedOperations": {}, "extraordinaryItems": {}, "effectOfAccountingCharges": {}, "otherItems": {}, "netIncome": 1646624000, "netIncomeApplicableToCommonShares": 1646624000}, {"maxAge": 1, "endDate": "2019-03-31", "totalRevenue": 19975598000, "costOfRevenue": 13875942000, "grossProfit": 6099656000, "researchDevelopment": {}, "sellingGeneralAdministrative": 439481000, "nonRecurring": {}, "otherOperatingExpenses": 1970762000, "totalOperatingExpenses": 17280123000, "operatingIncome": 2695475000, "totalOtherIncomeExpenseNet": -345225000, "ebit": 2695475000, "interestExpense": -83914000, "incomeBeforeTax": 2350250000, "incomeTaxExpense": 586817000, "minorityInterest": 2384000, "netIncomeFromContinuingOps": 1763433000, "discontinuedOperations": {}, "extraordinaryItems": {}, "effectOfAccountingCharges": {}, "otherItems": {}, "netIncome": 1763430000, "netIncomeApplicableToCommonShares": 1763430000}, {"maxAge": 1, "endDate": "2018-03-31", "totalRevenue": 17065886000, "costOfRevenue": 11441214000, "grossProfit": 5624672000, "researchDevelopment": {}, "sellingGeneralAdministrative": 434426000, "nonRecurring": {}, "otherOperatingExpenses": 1657326000, "totalOperatingExpenses": 14232359000, "operatingIncome": 2833527000, "totalOtherIncomeExpenseNet": 38368000, "ebit": 2833527000, "interestExpense": -48608000, "incomeBeforeTax": 2871895000, "incomeTaxExpense": 964164000, "minorityInterest": 2401000, "netIncomeFromContinuingOps": 1907731000, "discontinuedOperations": {}, "extraordinaryItems": {}, "effectOfAccountingCharges": {}, "otherItems": {}, "netIncome": 1907652000, "netIncomeApplicableToCommonShares": 1907652000}, {"maxAge": 1, "endDate": "2017-03-31", "totalRevenue": 13992268000, "costOfRevenue": 8978246000, "grossProfit": 5014022000, "researchDevelopment": {}, "sellingGeneralAdministrative": 443536000, "nonRecurring": {}, "otherOperatingExpenses": 1425126000, "totalOperatingExpenses": 11409498000, "operatingIncome": 2582770000, "totalOtherIncomeExpenseNet": 134748000, "ebit": 2582770000, "interestExpense": -477000, "incomeBeforeTax": 2717518000, "incomeTaxExpense": 813874000, "minorityInterest": 197000, "netIncomeFromContinuingOps": 1903644000, "discontinuedOperations": {}, "extraordinaryItems": {}, "effectOfAccountingCharges": {}, "otherItems": {}, "netIncome": 1904386000, "netIncomeApplicableToCommonShares": 1904386000}], "maxAge": 86400}, "fundOwnership": {"ownershipList": [{"maxAge": 1, "reportDate": "2020-07-31", "organization": "DFA Emerging Markets Core Equity Portfolio", "pctHeld": 0.0015, "position": 132225, "value": 39125377}, {"maxAge": 1, "reportDate": "2020-07-31", "organization": "DFA Emerging Markets Small Cap Series", "pctHeld": 0.0011, "position": 97276, "value": 28783968}, {"maxAge": 1, "reportDate": "2020-07-31", "organization": "DFA Investment Dimensions-DFA Emerging Mkts Value", "pctHeld": 0.00029999999, "position": 28099, "value": 8314494}, {"maxAge": 1, "reportDate": "2020-08-31", "organization": "SPDR Portfolio Emerging Markets ETF", "pctHeld": 0.0002, "position": 21005, "value": 5822586}, {"maxAge": 1, "reportDate": "2020-07-31", "organization": "DFA Investment Dimensions-Emerging Markets Social Core Equity", "pctHeld": 0.0001, "position": 11070, "value": 3275613}, {"maxAge": 1, "reportDate": "2020-07-31", "organization": "DFA Investment Dimensions-World Ex U.S. Core Equity Port", "pctHeld": 0.0001, "position": 10452, "value": 3092746}, {"maxAge": 1, "reportDate": "2020-07-31", "organization": "DFA T.A. World Ex U.S. Core Equity Portfolio", "pctHeld": 0.0001, "position": 9288, "value": 2748319}, {"maxAge": 1, "reportDate": "2020-07-31", "organization": "John Hancock Fds II-Emerging Markets Fund", "pctHeld": 0.0001, "position": 5005, "value": 1480979}], "maxAge": 1}, "summaryDetail": {"maxAge": 1, "priceHint": 2, "previousClose": 302.85, "open": 296.05, "dayLow": 296.05, "dayHigh": 307.25, "regularMarketPreviousClose": 302.85, "regularMarketOpen": 296.05, "regularMarketDayLow": 296.05, "regularMarketDayHigh": 307.25, "trailingPE": 15.962704, "forwardPE": 11.736328, "volume": 6458, "regularMarketVolume": 6458, "averageVolume": 7466, "averageVolume10days": 51092, "averageDailyVolume10Day": 51092, "bid": 299.0, "ask": 301.85, "bidSize": 0, "askSize": 0, "marketCap": 27106748416, "fiftyTwoWeekLow": 99.0, "fiftyTwoWeekHigh": 329.05, "fiftyDayAverage": 273.8, "twoHundredDayAverage": 275.7717, "trailingAnnualDividendRate": 4.0, "trailingAnnualDividendYield": 0.013207858, "currency": "INR", "fromCurrency": null, "lastMarket": null, "algorithm": null, "tradeable": false}, "sectorTrend": {"maxAge": 1, "symbol": null, "estimates": []}, "incomeStatementHistoryQuarterly": {"incomeStatementHistory": [{"maxAge": 1, "endDate": "2020-06-30", "totalRevenue": 3889016000, "costOfRevenue": 2727385000, "grossProfit": 1161631000, "researchDevelopment": {}, "sellingGeneralAdministrative": 83865000, "nonRecurring": {}, "otherOperatingExpenses": 602374000, "totalOperatingExpenses": 3768240000, "operatingIncome": 120776000, "totalOtherIncomeExpenseNet": 226091000, "ebit": 120776000, "interestExpense": -8302000, "incomeBeforeTax": 346867000, "incomeTaxExpense": 67689000, "minorityInterest": {}, "netIncomeFromContinuingOps": 279178000, "discontinuedOperations": {}, "extraordinaryItems": {}, "effectOfAccountingCharges": {}, "otherItems": {}, "netIncome": 278868000, "netIncomeApplicableToCommonShares": 278868000}, {"maxAge": 1, "endDate": "2020-03-31", "totalRevenue": 8755644000, "costOfRevenue": 5590800000, "grossProfit": 3164844000, "researchDevelopment": {}, "sellingGeneralAdministrative": 167047000, "nonRecurring": {}, "otherOperatingExpenses": 638108000, "totalOperatingExpenses": 6746021000, "operatingIncome": 2009623000, "totalOtherIncomeExpenseNet": -628267000, "ebit": 2009623000, "interestExpense": -4463000, "incomeBeforeTax": 1381356000, "incomeTaxExpense": -35460000, "minorityInterest": 2640000, "netIncomeFromContinuingOps": 1416816000, "discontinuedOperations": {}, "extraordinaryItems": {}, "effectOfAccountingCharges": {}, "otherItems": {}, "netIncome": 1416518000, "netIncomeApplicableToCommonShares": 1416518000}, {"maxAge": 1, "endDate": "2019-12-31", "totalRevenue": 3827004000, "costOfRevenue": 2882539000, "grossProfit": 944465000, "researchDevelopment": {}, "sellingGeneralAdministrative": 79439000, "nonRecurring": {}, "otherOperatingExpenses": 562417000, "totalOperatingExpenses": 3863406000, "operatingIncome": -36402000, "totalOtherIncomeExpenseNet": 208804000, "ebit": -36402000, "interestExpense": -4437000, "incomeBeforeTax": 172402000, "incomeTaxExpense": 113787000, "minorityInterest": 2640000, "netIncomeFromContinuingOps": 58615000, "discontinuedOperations": {}, "extraordinaryItems": {}, "effectOfAccountingCharges": {}, "otherItems": {}, "netIncome": 58589000, "netIncomeApplicableToCommonShares": 58589000}, {"maxAge": 1, "endDate": "2019-09-30", "totalRevenue": 3241539000, "costOfRevenue": 2367859000, "grossProfit": 873680000, "researchDevelopment": {}, "sellingGeneralAdministrative": 72402000, "nonRecurring": {}, "otherOperatingExpenses": 514403000, "totalOperatingExpenses": 3284351000, "operatingIncome": -42812000, "totalOtherIncomeExpenseNet": -4661000, "ebit": -42812000, "interestExpense": -4427000, "incomeBeforeTax": -47473000, "incomeTaxExpense": 8682000, "minorityInterest": 2317000, "netIncomeFromContinuingOps": -56155000, "discontinuedOperations": {}, "extraordinaryItems": {}, "effectOfAccountingCharges": {}, "otherItems": {}, "netIncome": -56124000, "netIncomeApplicableToCommonShares": -56124000}], "maxAge": 86400}, "cashflowStatementHistoryQuarterly": {"cashflowStatements": [{"maxAge": 1, "endDate": "2020-06-30", "netIncome": 278868000, "changeToLiabilities": 0}, {"maxAge": 1, "endDate": "2020-03-31", "netIncome": 1416518000, "changeToLiabilities": 0}, {"maxAge": 1, "endDate": "2019-12-31", "netIncome": 58589000, "changeToLiabilities": 0}, {"maxAge": 1, "endDate": "2019-09-30", "netIncome": -56124000, "changeToLiabilities": 0}], "maxAge": 86400}, "insiderHolders": {"holders": [{"maxAge": 1, "name": "Bubna (Ashish Ramprakash)", "relation": "Director", "url": "", "transactionDescription": "Other", "latestTransDate": "2015-04-02", "positionDirect": 15180000, "positionDirectDate": "2015-04-02"}, {"maxAge": 1, "name": "Bubna (Manish Ramprakash)", "relation": "Director", "url": "", "transactionDescription": "Other", "latestTransDate": "2015-04-02", "positionDirect": 15180000, "positionDirectDate": "2015-04-02"}, {"maxAge": 1, "name": "Bubna (Ramprakash Vilasrai)", "relation": "Director", "url": "", "transactionDescription": "Sale", "latestTransDate": "2017-02-08", "positionDirect": 14052688, "positionDirectDate": "2017-02-08"}, {"maxAge": 1, "name": "Bubna (Sharda Ramprakash)", "relation": "Director", "url": "", "transactionDescription": "Acquisition", "latestTransDate": "2020-03-31", "positionDirect": 14082300, "positionDirectDate": "2020-03-31"}], "maxAge": 1}, "earnings": {"maxAge": 86400, "earningsChart": {"quarterly": [{"date": "4Q2017", "actual": 1.1, "estimate": 2.2}, {"date": "1Q2018", "actual": 12.55, "estimate": 11.23}, {"date": "2Q2018", "actual": 3.79, "estimate": 4.39}, {"date": "3Q2018", "actual": 1.79, "estimate": 2.81}], "currentQuarterEstimateDate": "4Q", "currentQuarterEstimateYear": 2018, "earningsDate": []}, "financialsChart": {"yearly": [{"date": 2017, "revenue": 13992268000, "earnings": 1904386000}, {"date": 2018, "revenue": 17065886000, "earnings": 1907652000}, {"date": 2019, "revenue": 19975598000, "earnings": 1763430000}, {"date": 2020, "revenue": 20030182000, "earnings": 1646624000}], "quarterly": [{"date": "3Q2019", "revenue": 3241539000, "earnings": -56124000}, {"date": "4Q2019", "revenue": 3827004000, "earnings": 58589000}, {"date": "1Q2020", "revenue": 8755644000, "earnings": 1416518000}, {"date": "2Q2020", "revenue": 3889016000, "earnings": 278868000}]}, "financialCurrency": "INR"}, "calendarEvents": {"maxAge": 1, "earnings": {"earningsDate": []}}, "upgradeDowngradeHistory": {"history": [], "maxAge": 86400}, "price": {"maxAge": 1, "regularMarketChangePercent": -0.007924695, "regularMarketChange": -2.399994, "regularMarketTime": "2021-04-30 15:26:23", "priceHint": 2, "regularMarketPrice": 300.45, "regularMarketDayHigh": 307.25, "regularMarketDayLow": 296.05, "regularMarketVolume": 6458, "averageDailyVolume10Day": 51092, "averageDailyVolume3Month": 7466, "regularMarketPreviousClose": 302.85, "regularMarketSource": "FREE_REALTIME", "regularMarketOpen": 296.05, "exchange": "BSE", "exchangeName": "BSE", "exchangeDataDelayedBy": 0, "marketState": "CLOSED", "quoteType": "EQUITY", "symbol": "SHARDACROP.BO", "underlyingSymbol": null, "shortName": "Sharda Cropchem Limited", "longName": "Sharda Cropchem Limited", "currency": "INR", "quoteSourceName": "Delayed Quote", "currencySymbol": "\u20b9", "fromCurrency": null, "lastMarket": null, "marketCap": 27106748416}, "balanceSheetHistory": {"balanceSheetStatements": [{"maxAge": 1, "endDate": "2020-03-31", "cash": 777570000, "shortTermInvestments": 20606000, "netReceivables": 10182975000, "inventory": 3910537000, "otherCurrentAssets": 739574000, "totalCurrentAssets": 16814761000, "propertyPlantEquipment": 278226000, "goodWill": 4398000, "intangibleAssets": 5494824000, "otherAssets": 880002000, "deferredLongTermAssetCharges": 39176000, "totalAssets": 23472211000, "accountsPayable": 6866874000, "otherCurrentLiab": 1114210000, "longTermDebt": 926000, "otherLiab": 744867000, "minorityInterest": 2640000, "totalCurrentLiabilities": 8566749000, "totalLiab": 9441640000, "commonStock": 902205000, "retainedEarnings": 12429132000, "treasuryStock": 479739000, "capitalSurplus": 216855000, "otherStockholderEquity": 479739000, "totalStockholderEquity": 14027931000, "netTangibleAssets": 8528709000}, {"maxAge": 1, "endDate": "2019-03-31", "cash": 506321000, "shortTermInvestments": 41649000, "netReceivables": 8350333000, "inventory": 3727696000, "otherCurrentAssets": 704961000, "totalCurrentAssets": 15481774000, "propertyPlantEquipment": 135459000, "goodWill": 4021000, "intangibleAssets": 5776012000, "otherAssets": 636219000, "deferredLongTermAssetCharges": 54592000, "totalAssets": 22033485000, "accountsPayable": 6362248000, "otherCurrentLiab": 1260373000, "longTermDebt": 926000, "otherLiab": 974575000, "minorityInterest": 2384000, "totalCurrentLiabilities": 8216506000, "totalLiab": 9192007000, "commonStock": 902205000, "retainedEarnings": 11323831000, "treasuryStock": 396203000, "capitalSurplus": 216855000, "otherStockholderEquity": 396203000, "totalStockholderEquity": 12839094000, "netTangibleAssets": 7059061000}, {"maxAge": 1, "endDate": "2018-03-31", "cash": 612513000, "shortTermInvestments": 392916000, "netReceivables": 9017639000, "inventory": 5373583000, "otherCurrentAssets": 203341000, "totalCurrentAssets": 15633177000, "longTermInvestments": 15000, "propertyPlantEquipment": 106810000, "goodWill": 3967000, "intangibleAssets": 5751665000, "otherAssets": 766499000, "deferredLongTermAssetCharges": 73201000, "totalAssets": 22262133000, "accountsPayable": 6338178000, "otherCurrentLiab": 1407385000, "longTermDebt": 926000, "otherLiab": 885221000, "minorityInterest": 2401000, "totalCurrentLiabilities": 10025390000, "totalLiab": 10911537000, "commonStock": 902205000, "retainedEarnings": 9920867000, "treasuryStock": 308268000, "capitalSurplus": 216855000, "otherStockholderEquity": 308268000, "totalStockholderEquity": 11348195000, "netTangibleAssets": 5592563000}, {"maxAge": 1, "endDate": "2017-03-31", "cash": 722252000, "shortTermInvestments": 12057000, "netReceivables": 6884190000, "inventory": 2941864000, "otherCurrentAssets": 444754000, "totalCurrentAssets": 11536384000, "longTermInvestments": 15000, "propertyPlantEquipment": 22843000, "goodWill": 3948000, "intangibleAssets": 4395772000, "otherAssets": 537323000, "deferredLongTermAssetCharges": 33773000, "totalAssets": 16496285000, "accountsPayable": 4574271000, "otherCurrentLiab": 1237911000, "otherLiab": 824463000, "minorityInterest": 197000, "totalCurrentLiabilities": 6073249000, "totalLiab": 6897712000, "commonStock": 902205000, "retainedEarnings": 8193788000, "treasuryStock": 285528000, "capitalSurplus": 216855000, "otherStockholderEquity": 285528000, "totalStockholderEquity": 9598376000, "netTangibleAssets": 5198656000}], "maxAge": 86400}, "earningsTrend": {"trend": [{"maxAge": 1, "period": "0q", "endDate": "2018-12-31", "growth": {}, "earningsEstimate": {"avg": 0.0, "low": 0.0, "high": 0.0, "yearAgoEps": 1.1, "numberOfAnalysts": 0, "growth": {}}, "revenueEstimate": {"avg": 0, "low": 0, "high": 0, "numberOfAnalysts": 0, "yearAgoRevenue": {}, "growth": {}}, "epsTrend": {"current": 0.0, "7daysAgo": 0.0, "30daysAgo": 0.0, "60daysAgo": 0.0, "90daysAgo": 0.0}, "epsRevisions": {"upLast7days": 0, "upLast30days": 0, "downLast30days": 0, "downLast90days": {}}}, {"maxAge": 1, "period": "+1q", "endDate": "2019-03-31", "growth": {}, "earningsEstimate": {"avg": 0.0, "low": 0.0, "high": 0.0, "yearAgoEps": 12.55, "numberOfAnalysts": 0, "growth": {}}, "revenueEstimate": {"avg": 0, "low": 0, "high": 0, "numberOfAnalysts": 0, "yearAgoRevenue": {}, "growth": {}}, "epsTrend": {"current": 0.0, "7daysAgo": 0.0, "30daysAgo": 0.0, "60daysAgo": 0.0, "90daysAgo": 0.0}, "epsRevisions": {"upLast7days": 0, "upLast30days": 0, "downLast30days": 0, "downLast90days": {}}}, {"maxAge": 1, "period": "0y", "endDate": "2019-03-31", "growth": {}, "earningsEstimate": {"avg": 0.0, "low": 0.0, "high": 0.0, "yearAgoEps": {}, "numberOfAnalysts": 0, "growth": {}}, "revenueEstimate": {"avg": 20196200000, "low": 19714000000, "high": 20559000000, "numberOfAnalysts": 7, "yearAgoRevenue": 17133900000, "growth": 0.17899999}, "epsTrend": {"current": 0.0, "7daysAgo": 22.03, "30daysAgo": 22.03, "60daysAgo": 22.03, "90daysAgo": 22.03}, "epsRevisions": {"upLast7days": 0, "upLast30days": 0, "downLast30days": 0, "downLast90days": {}}}, {"maxAge": 1, "period": "+1y", "endDate": "2020-03-31", "growth": {}, "earningsEstimate": {"avg": 0.0, "low": 0.0, "high": 0.0, "yearAgoEps": {}, "numberOfAnalysts": 0, "growth": {}}, "revenueEstimate": {"avg": 23502500000, "low": 22615000000, "high": 24630000000, "numberOfAnalysts": 8, "yearAgoRevenue": 20196200000, "growth": 0.16399999}, "epsTrend": {"current": 0.0, "7daysAgo": 27.23, "30daysAgo": 27.23, "60daysAgo": 27.23, "90daysAgo": 27.23}, "epsRevisions": {"upLast7days": 0, "upLast30days": 0, "downLast30days": 0, "downLast90days": {}}}, {"maxAge": 1, "period": "+5y", "endDate": null, "growth": 0.144, "earningsEstimate": {"avg": {}, "low": {}, "high": {}, "yearAgoEps": {}, "numberOfAnalysts": {}, "growth": {}}, "revenueEstimate": {"avg": {}, "low": {}, "high": {}, "numberOfAnalysts": {}, "yearAgoRevenue": {}, "growth": {}}, "epsTrend": {"current": {}, "7daysAgo": {}, "30daysAgo": {}, "60daysAgo": {}, "90daysAgo": {}}, "epsRevisions": {"upLast7days": {}, "upLast30days": {}, "downLast30days": {}, "downLast90days": {}}}, {"maxAge": 1, "period": "-5y", "endDate": null, "growth": {}, "earningsEstimate": {"avg": {}, "low": {}, "high": {}, "yearAgoEps": {}, "numberOfAnalysts": {}, "growth": {}}, "revenueEstimate": {"avg": {}, "low": {}, "high": {}, "numberOfAnalysts": {}, "yearAgoRevenue": {}, "growth": {}}, "epsTrend": {"current": {}, "7daysAgo": {}, "30daysAgo": {}, "60daysAgo": {}, "90daysAgo": {}}, "epsRevisions": {"upLast7days": {}, "upLast30days": {}, "downLast30days": {}, "downLast90days": {}}}], "maxAge": 1}, "financialData": {"maxAge": 86400, "currentPrice": 300.45, "targetHighPrice": 492.0, "targetLowPrice": 351.0, "targetMeanPrice": 425.57, "targetMedianPrice": 420.0, "recommendationKey": "none", "numberOfAnalystOpinions": 7, "grossProfits": 6134755000, "financialCurrency": "INR"}}}