{"SHARP.BO": {"recommendationTrend": {"trend": [{"period": "0m", "strongBuy": 0, "buy": 0, "hold": 0, "sell": 0, "strongSell": 0}, {"period": "-1m", "strongBuy": 0, "buy": 0, "hold": 0, "sell": 0, "strongSell": 0}, {"period": "-2m", "strongBuy": 0, "buy": 0, "hold": 0, "sell": 0, "strongSell": 0}, {"period": "-3m", "strongBuy": 0, "buy": 0, "hold": 0, "sell": 0, "strongSell": 0}], "maxAge": 86400}, "cashflowStatementHistory": {"cashflowStatements": [{"maxAge": 1, "endDate": "2020-03-31", "netIncome": -139821000, "depreciation": 15166000, "changeToNetincome": 33725000, "changeToLiabilities": -1139000, "changeToOperatingActivities": 2606000, "totalCashFromOperatingActivities": -89328000, "capitalExpenditures": -426000, "otherCashflowsFromInvestingActivities": 216000, "totalCashflowsFromInvestingActivities": 231000, "netBorrowings": 137000000, "otherCashflowsFromFinancingActivities": -31877000, "totalCashFromFinancingActivities": 105123000, "changeInCash": 16026000}, {"maxAge": 1, "endDate": "2019-03-31", "netIncome": -123683000, "depreciation": 15853000, "changeToNetincome": 19713000, "changeToLiabilities": -1494000, "changeToOperatingActivities": 2773000, "totalCashFromOperatingActivities": -86693000, "capitalExpenditures": -426000, "otherCashflowsFromInvestingActivities": 111000, "totalCashflowsFromInvestingActivities": 175000, "netBorrowings": 97000000, "otherCashflowsFromFinancingActivities": -23609000, "totalCashFromFinancingActivities": 73391000, "changeInCash": -13127000}, {"maxAge": 1, "endDate": "2018-03-31", "netIncome": -96552000, "depreciation": 16219000, "changeToNetincome": 3417000, "changeToAccountReceivables": 861000, "changeToLiabilities": -1229000, "changeToOperatingActivities": 1213000, "totalCashFromOperatingActivities": -75911000, "capitalExpenditures": -426000, "otherCashflowsFromInvestingActivities": 3250000, "totalCashflowsFromInvestingActivities": 4998000, "netBorrowings": 97000000, "otherCashflowsFromFinancingActivities": -9109000, "totalCashFromFinancingActivities": -9109000, "changeInCash": -80022000}, {"maxAge": 1, "endDate": "2017-03-31", "netIncome": -136958000, "depreciation": 16828000, "changeToNetincome": 11640000, "changeToAccountReceivables": 72145000, "changeToLiabilities": -243606000, "changeToInventory": 157332000, "changeToOperatingActivities": 190346000, "totalCashFromOperatingActivities": 67994000, "capitalExpenditures": -162000, "otherCashflowsFromInvestingActivities": 3157000, "totalCashflowsFromInvestingActivities": 3017000, "netBorrowings": 97000000, "otherCashflowsFromFinancingActivities": -15378000, "totalCashFromFinancingActivities": -15378000, "changeInCash": 55633000}], "maxAge": 86400}, "institutionOwnership": {"maxAge": 1, "ownershipList": []}, "balanceSheetHistoryQuarterly": {"balanceSheetStatements": [{"maxAge": 1, "endDate": "2020-06-30", "totalStockholderEquity": -343770000, "netTangibleAssets": -343914000}, {"maxAge": 1, "endDate": "2020-03-31", "cash": 24288000, "netReceivables": 3796000, "otherCurrentAssets": 8603000, "totalCurrentAssets": 39424000, "propertyPlantEquipment": 58260000, "intangibleAssets": 144000, "otherAssets": 1438000, "totalAssets": 99266000, "accountsPayable": 6816000, "shortLongTermDebt": 158411000, "otherCurrentLiab": 132000, "longTermDebt": 173387000, "otherLiab": 9504000, "totalCurrentLiabilities": 260145000, "totalLiab": 443036000, "commonStock": 259440000, "retainedEarnings": -804845000, "treasuryStock": 23035000, "capitalSurplus": 178600000, "otherStockholderEquity": 23035000, "totalStockholderEquity": -343770000, "netTangibleAssets": -343914000}, {"maxAge": 1, "endDate": "2019-12-31", "totalStockholderEquity": -281136000, "netTangibleAssets": -281291000}, {"maxAge": 1, "endDate": "2019-09-30", "cash": 13803000, "netReceivables": 37000, "otherCurrentAssets": 11283000, "totalCurrentAssets": 25123000, "propertyPlantEquipment": 65778000, "intangibleAssets": 155000, "otherAssets": 2860000, "totalAssets": 93916000, "accountsPayable": 6915000, "shortLongTermDebt": 195626000, "otherCurrentLiab": 1709000, "longTermDebt": 145824000, "otherLiab": 10974000, "totalCurrentLiabilities": 218254000, "totalLiab": 375052000, "commonStock": 259440000, "treasuryStock": -540576000, "otherStockholderEquity": -540576000, "totalStockholderEquity": -281136000, "netTangibleAssets": -281291000}], "maxAge": 86400}, "earningsHistory": {"history": [{"maxAge": 1, "epsActual": {}, "epsEstimate": {}, "epsDifference": {}, "surprisePercent": {}, "quarter": {}, "period": "-4q"}, {"maxAge": 1, "epsActual": {}, "epsEstimate": {}, "epsDifference": {}, "surprisePercent": {}, "quarter": {}, "period": "-3q"}, {"maxAge": 1, "epsActual": {}, "epsEstimate": {}, "epsDifference": {}, "surprisePercent": {}, "quarter": {}, "period": "-2q"}, {"maxAge": 1, "epsActual": {}, "epsEstimate": {}, "epsDifference": {}, "surprisePercent": {}, "quarter": {}, "period": "-1q"}], "maxAge": 86400}, "indexTrend": {"maxAge": 1, "symbol": "SP5", "peRatio": 19.7411, "pegRatio": 1.34172, "estimates": [{"period": "0q", "growth": 0.549}, {"period": "+1q", "growth": 0.431}, {"period": "0y", "growth": 0.305}, {"period": "+1y", "growth": 0.109}, {"period": "+5y", "growth": 0.120859005}, {"period": "-5y"}]}, "industryTrend": {"maxAge": 1, "symbol": null, "estimates": []}, "insiderTransactions": {"transactions": [{"maxAge": 1, "shares": 2000, "filerUrl": "", "transactionText": "", "filerName": "Sinha (Sunil Kumar)", "filerRelation": "Chairman of the Board", "moneyText": "", "startDate": "2015-03-23", "ownership": "D"}, {"maxAge": 1, "shares": 1297200, "filerUrl": "", "transactionText": "", "filerName": "Sharp Corporation Japan", "filerRelation": "Promoter", "moneyText": "", "startDate": "2013-05-29", "ownership": "D"}], "maxAge": 1}, "quoteType": {"exchange": "BSE", "quoteType": "EQUITY", "symbol": "SHARP.BO", "underlyingSymbol": "SHARP.BO", "shortName": "SHARP INDIA LTD.", "longName": "Sharp India Limited", "firstTradeDateEpochUtc": "2000-07-21 09:15:00", "timeZoneFullName": "Asia/Kolkata", "timeZoneShortName": "IST", "uuid": "4d5f3260-dcc7-3da6-b511-7d79263fd28f", "messageBoardId": null, "gmtOffSetMilliseconds": 19800000, "maxAge": 1}, "incomeStatementHistory": {"incomeStatementHistory": [{"maxAge": 1, "endDate": "2020-03-31", "totalRevenue": 215000, "costOfRevenue": 2856000, "grossProfit": -2641000, "researchDevelopment": {}, "sellingGeneralAdministrative": 62846000, "nonRecurring": {}, "otherOperatingExpenses": 25575000, "totalOperatingExpenses": 106578000, "operatingIncome": -106363000, "totalOtherIncomeExpenseNet": -33458000, "ebit": -106363000, "interestExpense": -39180000, "incomeBeforeTax": -139821000, "incomeTaxExpense": 0, "minorityInterest": {}, "netIncomeFromContinuingOps": -139821000, "discontinuedOperations": {}, "extraordinaryItems": {}, "effectOfAccountingCharges": {}, "otherItems": {}, "netIncome": -139821000, "netIncomeApplicableToCommonShares": -139821000}, {"maxAge": 1, "endDate": "2019-03-31", "totalRevenue": 3594000, "costOfRevenue": 3259000, "grossProfit": 335000, "researchDevelopment": {}, "sellingGeneralAdministrative": 60987000, "nonRecurring": {}, "otherOperatingExpenses": 27630000, "totalOperatingExpenses": 107874000, "operatingIncome": -104280000, "totalOtherIncomeExpenseNet": -19403000, "ebit": -104280000, "interestExpense": -20899000, "incomeBeforeTax": -123683000, "incomeTaxExpense": 0, "minorityInterest": {}, "netIncomeFromContinuingOps": -123683000, "discontinuedOperations": {}, "extraordinaryItems": {}, "effectOfAccountingCharges": {}, "otherItems": {}, "netIncome": -123683000, "netIncomeApplicableToCommonShares": -123683000}, {"maxAge": 1, "endDate": "2018-03-31", "totalRevenue": 16332000, "costOfRevenue": 4175000, "grossProfit": 12157000, "researchDevelopment": {}, "sellingGeneralAdministrative": 60087000, "nonRecurring": {}, "otherOperatingExpenses": 30046000, "totalOperatingExpenses": 110687000, "operatingIncome": -94355000, "totalOtherIncomeExpenseNet": -2197000, "ebit": -94355000, "interestExpense": -14082000, "incomeBeforeTax": -96552000, "incomeTaxExpense": 0, "minorityInterest": {}, "netIncomeFromContinuingOps": -96552000, "discontinuedOperations": {}, "extraordinaryItems": {}, "effectOfAccountingCharges": {}, "otherItems": {}, "netIncome": -96552000, "netIncomeApplicableToCommonShares": -96552000}, {"maxAge": 1, "endDate": "2017-03-31", "totalRevenue": 256606000, "costOfRevenue": 245772000, "grossProfit": 10834000, "researchDevelopment": {}, "sellingGeneralAdministrative": 66810000, "nonRecurring": {}, "otherOperatingExpenses": 46721000, "totalOperatingExpenses": 376398000, "operatingIncome": -119792000, "totalOtherIncomeExpenseNet": -17166000, "ebit": -119792000, "interestExpense": -15378000, "incomeBeforeTax": -136958000, "incomeTaxExpense": 0, "minorityInterest": {}, "netIncomeFromContinuingOps": -136958000, "discontinuedOperations": {}, "extraordinaryItems": {}, "effectOfAccountingCharges": {}, "otherItems": {}, "netIncome": -136958000, "netIncomeApplicableToCommonShares": -136958000}], "maxAge": 86400}, "fundOwnership": {"maxAge": 1, "ownershipList": []}, "summaryDetail": {"maxAge": 1, "priceHint": 2, "previousClose": 26.5, "open": 26.0, "dayLow": 26.0, "dayHigh": 26.8, "regularMarketPreviousClose": 26.5, "regularMarketOpen": 26.0, "regularMarketDayLow": 26.0, "regularMarketDayHigh": 26.8, "volume": 411, "regularMarketVolume": 411, "averageVolume": 5389, "averageVolume10days": 8397, "averageDailyVolume10Day": 8397, "bid": 26.0, "ask": 26.8, "bidSize": 0, "askSize": 0, "marketCap": 686218816, "fiftyTwoWeekLow": 8.56, "fiftyTwoWeekHigh": 44.1, "fiftyDayAverage": 28.172058, "twoHundredDayAverage": 26.201103, "currency": "INR", "fromCurrency": null, "toCurrency": null, "lastMarket": null, "algorithm": null, "tradeable": false}, "sectorTrend": {"maxAge": 1, "symbol": null, "estimates": []}, "incomeStatementHistoryQuarterly": {"incomeStatementHistory": [{"maxAge": 1, "endDate": "2020-06-30", "totalRevenue": 0, "costOfRevenue": 0, "grossProfit": 0, "researchDevelopment": {}, "sellingGeneralAdministrative": 14683000, "nonRecurring": {}, "otherOperatingExpenses": 6121000, "totalOperatingExpenses": 24573000, "operatingIncome": -24573000, "totalOtherIncomeExpenseNet": -11982000, "ebit": -24573000, "interestExpense": -12294000, "incomeBeforeTax": -36555000, "incomeTaxExpense": 0, "minorityInterest": {}, "netIncomeFromContinuingOps": -36555000, "discontinuedOperations": {}, "extraordinaryItems": {}, "effectOfAccountingCharges": {}, "otherItems": {}, "netIncome": -36555000, "netIncomeApplicableToCommonShares": -36555000}, {"maxAge": 1, "endDate": "2020-03-31", "totalRevenue": 88000, "costOfRevenue": 2856000, "grossProfit": -2768000, "researchDevelopment": {}, "sellingGeneralAdministrative": 15449000, "nonRecurring": {}, "otherOperatingExpenses": 3586000, "totalOperatingExpenses": 25685000, "operatingIncome": -25597000, "totalOtherIncomeExpenseNet": -8745000, "ebit": -25597000, "interestExpense": -11087000, "incomeBeforeTax": -34342000, "incomeTaxExpense": 0, "minorityInterest": {}, "netIncomeFromContinuingOps": -34342000, "discontinuedOperations": {}, "extraordinaryItems": {}, "effectOfAccountingCharges": {}, "otherItems": {}, "netIncome": -34342000, "netIncomeApplicableToCommonShares": -34342000}, {"maxAge": 1, "endDate": "2019-12-31", "totalRevenue": 48000, "costOfRevenue": 0, "grossProfit": 48000, "researchDevelopment": {}, "sellingGeneralAdministrative": 15086000, "nonRecurring": {}, "otherOperatingExpenses": 7119000, "totalOperatingExpenses": 25981000, "operatingIncome": -25933000, "totalOtherIncomeExpenseNet": -7218000, "ebit": -25933000, "interestExpense": -10091000, "incomeBeforeTax": -33151000, "incomeTaxExpense": 0, "minorityInterest": {}, "netIncomeFromContinuingOps": -33151000, "discontinuedOperations": {}, "extraordinaryItems": {}, "effectOfAccountingCharges": {}, "otherItems": {}, "netIncome": -33151000, "netIncomeApplicableToCommonShares": -33151000}, {"maxAge": 1, "endDate": "2019-09-30", "totalRevenue": 40000, "costOfRevenue": 0, "grossProfit": 40000, "researchDevelopment": {}, "sellingGeneralAdministrative": 15045000, "nonRecurring": {}, "otherOperatingExpenses": 7361000, "totalOperatingExpenses": 26312000, "operatingIncome": -26272000, "totalOtherIncomeExpenseNet": -8828000, "ebit": -26272000, "interestExpense": -8888000, "incomeBeforeTax": -35100000, "incomeTaxExpense": 0, "minorityInterest": {}, "netIncomeFromContinuingOps": -35100000, "discontinuedOperations": {}, "extraordinaryItems": {}, "effectOfAccountingCharges": {}, "otherItems": {}, "netIncome": -35100000, "netIncomeApplicableToCommonShares": -35100000}], "maxAge": 86400}, "cashflowStatementHistoryQuarterly": {"cashflowStatements": [{"maxAge": 1, "endDate": "2020-06-30", "netIncome": -36555000, "changeToLiabilities": 0}, {"maxAge": 1, "endDate": "2020-03-31", "netIncome": -34342000, "changeToLiabilities": 0}, {"maxAge": 1, "endDate": "2019-12-31", "netIncome": -33151000, "changeToLiabilities": 0}, {"maxAge": 1, "endDate": "2019-09-30", "netIncome": -35100000, "changeToLiabilities": 0}], "maxAge": 86400}, "insiderHolders": {"holders": [{"maxAge": 1, "name": "Sharp Corporation Japan", "relation": "Promoter", "url": "", "transactionDescription": "Sale", "latestTransDate": "2013-05-29", "positionDirect": 19458000, "positionDirectDate": "2013-05-29"}, {"maxAge": 1, "name": "Sinha (Sunil Kumar)", "relation": "Chairman of the Board", "url": "", "transactionDescription": "Acquisition", "latestTransDate": "2015-03-23", "positionDirect": 9260, "positionDirectDate": "2015-03-23"}], "maxAge": 1}, "earnings": {"maxAge": 86400, "earningsChart": {"quarterly": [], "earningsDate": ["2020-08-11 05:30:S"]}, "financialsChart": {"yearly": [{"date": 2017, "revenue": 256606000, "earnings": -136958000}, {"date": 2018, "revenue": 16332000, "earnings": -96552000}, {"date": 2019, "revenue": 3594000, "earnings": -123683000}, {"date": 2020, "revenue": 215000, "earnings": -139821000}], "quarterly": [{"date": "3Q2019", "revenue": 40000, "earnings": -35100000}, {"date": "4Q2019", "revenue": 48000, "earnings": -33151000}, {"date": "1Q2020", "revenue": 88000, "earnings": -34342000}, {"date": "2Q2020", "revenue": 0, "earnings": -36555000}]}, "financialCurrency": "INR"}, "calendarEvents": {"maxAge": 1, "earnings": {"earningsDate": ["2020-08-11 05:30:S"]}}, "price": {"maxAge": 1, "regularMarketChangePercent": -0.0018867636, "regularMarketChange": -0.049999237, "regularMarketTime": "2021-04-30 15:28:46", "priceHint": 2, "regularMarketPrice": 26.45, "regularMarketDayHigh": 26.8, "regularMarketDayLow": 26.0, "regularMarketVolume": 411, "averageDailyVolume10Day": 8397, "averageDailyVolume3Month": 5389, "regularMarketPreviousClose": 26.5, "regularMarketSource": "FREE_REALTIME", "regularMarketOpen": 26.0, "exchange": "BSE", "exchangeName": "BSE", "exchangeDataDelayedBy": 0, "marketState": "CLOSED", "quoteType": "EQUITY", "symbol": "SHARP.BO", "underlyingSymbol": null, "shortName": "SHARP INDIA LTD.", "longName": "Sharp India Limited", "currency": "INR", "quoteSourceName": "Delayed Quote", "currencySymbol": "\u20b9", "fromCurrency": null, "toCurrency": null, "lastMarket": null, "marketCap": 686218816}, "balanceSheetHistory": {"balanceSheetStatements": [{"maxAge": 1, "endDate": "2020-03-31", "cash": 24288000, "netReceivables": 3796000, "otherCurrentAssets": 8603000, "totalCurrentAssets": 39424000, "propertyPlantEquipment": 58260000, "intangibleAssets": 144000, "otherAssets": 1438000, "totalAssets": 99266000, "accountsPayable": 6816000, "shortLongTermDebt": 158411000, "otherCurrentLiab": 132000, "longTermDebt": 173387000, "otherLiab": 9504000, "totalCurrentLiabilities": 260145000, "totalLiab": 443036000, "commonStock": 259440000, "retainedEarnings": -804845000, "treasuryStock": 23035000, "capitalSurplus": 178600000, "otherStockholderEquity": 23035000, "totalStockholderEquity": -343770000, "netTangibleAssets": -343914000}, {"maxAge": 1, "endDate": "2019-03-31", "cash": 8262000, "netReceivables": 2393000, "otherCurrentAssets": 5323000, "totalCurrentAssets": 18954000, "propertyPlantEquipment": 73000000, "intangibleAssets": 279000, "otherAssets": 2857000, "totalAssets": 95090000, "accountsPayable": 7955000, "shortLongTermDebt": 188411000, "otherCurrentLiab": 35000, "longTermDebt": 84982000, "otherLiab": 8598000, "totalCurrentLiabilities": 216476000, "totalLiab": 310056000, "commonStock": 259440000, "retainedEarnings": -665024000, "treasuryStock": 12018000, "capitalSurplus": 178600000, "otherStockholderEquity": 12018000, "totalStockholderEquity": -214966000, "netTangibleAssets": -215245000}, {"maxAge": 1, "endDate": "2018-03-31", "cash": 21389000, "netReceivables": 185000, "otherCurrentAssets": 11103000, "totalCurrentAssets": 36257000, "propertyPlantEquipment": 88865000, "intangibleAssets": 424000, "otherAssets": 2255000, "totalAssets": 127801000, "accountsPayable": 10802000, "shortLongTermDebt": 188411000, "otherCurrentLiab": 85000, "otherLiab": 6820000, "totalCurrentLiabilities": 224282000, "totalLiab": 231102000, "commonStock": 259440000, "retainedEarnings": -541341000, "capitalSurplus": 178600000, "totalStockholderEquity": -103301000, "netTangibleAssets": -103725000}, {"maxAge": 1, "endDate": "2017-03-31", "cash": 101411000, "netReceivables": 1848000, "otherCurrentAssets": 12567000, "totalCurrentAssets": 119661000, "propertyPlantEquipment": 105084000, "intangibleAssets": 584000, "otherAssets": 1916000, "totalAssets": 227245000, "accountsPayable": 18190000, "shortLongTermDebt": 188411000, "otherCurrentLiab": 109000, "otherLiab": 12903000, "totalCurrentLiabilities": 221091000, "totalLiab": 233994000, "commonStock": 259440000, "retainedEarnings": -444789000, "capitalSurplus": 178600000, "totalStockholderEquity": -6749000, "netTangibleAssets": -7333000}], "maxAge": 86400}, "earningsTrend": {"trend": [{"maxAge": 1, "period": "0q", "endDate": null, "growth": {}, "earningsEstimate": {"avg": 0.0, "low": 0.0, "high": 0.0, "yearAgoEps": {}, "numberOfAnalysts": 0, "growth": {}}, "revenueEstimate": {"avg": 0, "low": 0, "high": 0, "numberOfAnalysts": 0, "yearAgoRevenue": {}, "growth": {}}, "epsTrend": {"current": 0.0, "7daysAgo": 0.0, "30daysAgo": 0.0, "60daysAgo": 0.0, "90daysAgo": 0.0}, "epsRevisions": {"upLast7days": 0, "upLast30days": 0, "downLast30days": 0, "downLast90days": {}}}, {"maxAge": 1, "period": "+1q", "endDate": null, "growth": {}, "earningsEstimate": {"avg": 0.0, "low": 0.0, "high": 0.0, "yearAgoEps": {}, "numberOfAnalysts": 0, "growth": {}}, "revenueEstimate": {"avg": 0, "low": 0, "high": 0, "numberOfAnalysts": 0, "yearAgoRevenue": {}, "growth": {}}, "epsTrend": {"current": 0.0, "7daysAgo": 0.0, "30daysAgo": 0.0, "60daysAgo": 0.0, "90daysAgo": 0.0}, "epsRevisions": {"upLast7days": 0, "upLast30days": 0, "downLast30days": 0, "downLast90days": {}}}, {"maxAge": 1, "period": "0y", "endDate": null, "growth": {}, "earningsEstimate": {"avg": 0.0, "low": 0.0, "high": 0.0, "yearAgoEps": {}, "numberOfAnalysts": 0, "growth": {}}, "revenueEstimate": {"avg": 0, "low": 0, "high": 0, "numberOfAnalysts": 0, "yearAgoRevenue": {}, "growth": {}}, "epsTrend": {"current": 0.0, "7daysAgo": 0.0, "30daysAgo": 0.0, "60daysAgo": 0.0, "90daysAgo": 0.0}, "epsRevisions": {"upLast7days": 0, "upLast30days": 0, "downLast30days": 0, "downLast90days": {}}}, {"maxAge": 1, "period": "+1y", "endDate": null, "growth": {}, "earningsEstimate": {"avg": 0.0, "low": 0.0, "high": 0.0, "yearAgoEps": {}, "numberOfAnalysts": 0, "growth": {}}, "revenueEstimate": {"avg": 0, "low": 0, "high": 0, "numberOfAnalysts": 0, "yearAgoRevenue": {}, "growth": {}}, "epsTrend": {"current": 0.0, "7daysAgo": 0.0, "30daysAgo": 0.0, "60daysAgo": 0.0, "90daysAgo": 0.0}, "epsRevisions": {"upLast7days": 0, "upLast30days": 0, "downLast30days": 0, "downLast90days": {}}}, {"maxAge": 1, "period": "+5y", "endDate": null, "growth": {}, "earningsEstimate": {"avg": {}, "low": {}, "high": {}, "yearAgoEps": {}, "numberOfAnalysts": {}, "growth": {}}, "revenueEstimate": {"avg": {}, "low": {}, "high": {}, "numberOfAnalysts": {}, "yearAgoRevenue": {}, "growth": {}}, "epsTrend": {"current": {}, "7daysAgo": {}, "30daysAgo": {}, "60daysAgo": {}, "90daysAgo": {}}, "epsRevisions": {"upLast7days": {}, "upLast30days": {}, "downLast30days": {}, "downLast90days": {}}}, {"maxAge": 1, "period": "-5y", "endDate": null, "growth": {}, "earningsEstimate": {"avg": {}, "low": {}, "high": {}, "yearAgoEps": {}, "numberOfAnalysts": {}, "growth": {}}, "revenueEstimate": {"avg": {}, "low": {}, "high": {}, "numberOfAnalysts": {}, "yearAgoRevenue": {}, "growth": {}}, "epsTrend": {"current": {}, "7daysAgo": {}, "30daysAgo": {}, "60daysAgo": {}, "90daysAgo": {}}, "epsRevisions": {"upLast7days": {}, "upLast30days": {}, "downLast30days": {}, "downLast90days": {}}}], "maxAge": 1}, "financialData": {"maxAge": 86400, "currentPrice": 26.45, "recommendationKey": "none", "grossProfits": -2641000, "financialCurrency": "INR"}}}