{"SHARDACROP.NS": {"assetProfile": {"address1": "Prime Business Park", "address2": "2nd Floor Dashrathlal Joshi Road Vile Parle (West)", "city": "Mumbai", "zip": "400056", "country": "India", "phone": "91 22 6678 2800", "fax": "91 22 6678 2828", "website": "http://www.shardacropchem.com", "industry": "Agricultural Inputs", "sector": "Basic Materials", "longBusinessSummary": "Sharda Cropchem Limited, a crop protection chemical company, provides various formulations and generic active ingredients worldwide. The company operates through Agrochemicals, and Belts segments. It offers agrochemical products, including insecticides, fungicides, herbicides, veterinary drugs, plant growth regulators, fumigants, regulators, rodenticides, metalaxyl, propiconazole, phenthoate, pendimethalin, and dithianon; and biocides. The company also provides conveyor belts, such as textile ply, rough top, steel cord, chevron/pattern, elevator, sidewall, pipe, and PVC/PVG solid woven conveyor belts, as well as cotton transmission belts, PVC and polyurethane light duty belting products, and V-belts for use in mining projects, steel plants, quarries, grain silos, cement manufacturing facilities, ports, tunneling projects, etc. In addition, it offers organic and inorganic chemicals used in water treatment, food and food ingredients, and other industrial applications; and dyes and dye intermediates, as well as general chemicals. Sharda Cropchem Limited was founded in 1987 and is based in Mumbai, India.", "fullTimeEmployees": 175, "companyOfficers": [{"maxAge": 1, "name": "Mr. Ramprakash Vilasrai Bubna", "age": 74, "title": "Chairman & MD", "yearBorn": 1946, "fiscalYear": 2020, "totalPay": 44126796, "exercisedValue": 0, "unexercisedValue": 0}, {"maxAge": 1, "name": "Mr. Jetkin N. Gudhka", "age": 32, "title": "Company Sec. & Compliance Officer", "yearBorn": 1988, "fiscalYear": 2020, "totalPay": 1785156, "exercisedValue": 0, "unexercisedValue": 0}, {"maxAge": 1, "name": "Mr. Manish R. Bubna", "age": 46, "title": "Whole Time Director", "yearBorn": 1974, "fiscalYear": 2020, "totalPay": 32504953, "exercisedValue": 0, "unexercisedValue": 0}, {"maxAge": 1, "name": "Mr. Ashish R. Bubna", "age": 48, "title": "Whole-Time Director", "yearBorn": 1972, "fiscalYear": 2020, "totalPay": 32504953, "exercisedValue": 0, "unexercisedValue": 0}, {"maxAge": 1, "name": "Ms. Sharda R. Bubna", "age": 67, "title": "Whole-Time Director", "yearBorn": 1953, "fiscalYear": 2020, "totalPay": 3000000, "exercisedValue": 0, "unexercisedValue": 0}, {"maxAge": 1, "name": "Mr. Ashok Kumar Vashisht", "title": "Chief Financial Officer", "exercisedValue": 0, "unexercisedValue": 0}, {"maxAge": 1, "name": "Mr. Amol  Prabhughate", "age": 45, "title": "Mang. of HR", "yearBorn": 1975, "exercisedValue": 0, "unexercisedValue": 0}, {"maxAge": 1, "name": "Mr. Dinesh  Nahar", "title": "Gen. Mang. of Fin.", "exercisedValue": 0, "unexercisedValue": 0}], "compensationAsOfEpochDate": "2020-12-31 05:30:00", "maxAge": 86400}, "recommendationTrend": {"trend": [{"period": "0m", "strongBuy": 0, "buy": 0, "hold": 0, "sell": 0, "strongSell": 0}, {"period": "-1m", "strongBuy": 0, "buy": 0, "hold": 0, "sell": 0, "strongSell": 0}, {"period": "-2m", "strongBuy": 0, "buy": 0, "hold": 0, "sell": 0, "strongSell": 0}, {"period": "-3m", "strongBuy": 0, "buy": 0, "hold": 0, "sell": 0, "strongSell": 0}], "maxAge": 86400}, "cashflowStatementHistory": {"cashflowStatements": [{"maxAge": 1, "endDate": "2020-03-31", "netIncome": 1646624000, "depreciation": 1370307000, "changeToNetincome": 144522000, "changeToAccountReceivables": -1538778000, "changeToLiabilities": 109652000, "changeToInventory": -173803000, "changeToOperatingActivities": -96494000, "totalCashFromOperatingActivities": 1462951000, "capitalExpenditures": -4089000, "investments": 1036133000, "otherCashflowsFromInvestingActivities": 45821000, "totalCashflowsFromInvestingActivities": -677605000, "dividendsPaid": -541156000, "netBorrowings": -38631000, "otherCashflowsFromFinancingActivities": -17192000, "totalCashFromFinancingActivities": -596979000, "effectOfExchangeRate": 82882000, "changeInCash": 271249000}, {"maxAge": 1, "endDate": "2019-03-31", "netIncome": 1763430000, "depreciation": 993056000, "changeToNetincome": 255235000, "changeToAccountReceivables": 450650000, "changeToLiabilities": 321132000, "changeToInventory": 1655764000, "changeToOperatingActivities": 121216000, "totalCashFromOperatingActivities": 5561365000, "capitalExpenditures": -51856000, "investments": -2194555000, "otherCashflowsFromInvestingActivities": 26579000, "totalCashflowsFromInvestingActivities": -3598319000, "dividendsPaid": -360838000, "netBorrowings": -1688800000, "otherCashflowsFromFinancingActivities": -103975000, "totalCashFromFinancingActivities": -2153613000, "effectOfExchangeRate": 84692000, "changeInCash": -105875000}, {"maxAge": 1, "endDate": "2018-03-31", "netIncome": 1907652000, "depreciation": 698180000, "changeToNetincome": 318051000, "changeToAccountReceivables": -1947812000, "changeToLiabilities": 1694824000, "changeToInventory": -2423948000, "changeToOperatingActivities": -78486000, "totalCashFromOperatingActivities": 169674000, "capitalExpenditures": -98904000, "investments": 376747000, "otherCashflowsFromInvestingActivities": 12492000, "totalCashflowsFromInvestingActivities": -1628356000, "dividendsPaid": -360882000, "netBorrowings": 1687315000, "otherCashflowsFromFinancingActivities": -3955000, "totalCashFromFinancingActivities": 1322478000, "effectOfExchangeRate": 26465000, "changeInCash": -109739000}, {"maxAge": 1, "endDate": "2017-03-31", "netIncome": 1904386000, "depreciation": 560916000, "changeToNetincome": 97073000, "changeToAccountReceivables": -738667000, "changeToLiabilities": 993134000, "changeToInventory": -1282031000, "changeToOperatingActivities": 278414000, "totalCashFromOperatingActivities": 1814899000, "capitalExpenditures": -35244000, "investments": 362305000, "otherCashflowsFromInvestingActivities": 25350000, "totalCashflowsFromInvestingActivities": -1035516000, "dividendsPaid": -360882000, "netBorrowings": -17587000, "otherCashflowsFromFinancingActivities": -335000, "totalCashFromFinancingActivities": -378804000, "effectOfExchangeRate": -1649000, "changeInCash": 398930000}], "maxAge": 86400}, "indexTrend": {"maxAge": 1, "symbol": "SP5", "peRatio": 19.7411, "pegRatio": 1.34172, "estimates": [{"period": "0q", "growth": 0.549}, {"period": "+1q", "growth": 0.431}, {"period": "0y", "growth": 0.305}, {"period": "+1y", "growth": 0.109}, {"period": "+5y", "growth": 0.120865}, {"period": "-5y"}]}, "defaultKeyStatistics": {"maxAge": 1, "priceHint": 2, "enterpriseValue": 24266696704, "forwardPE": 10.384084, "profitMargins": 0.108500004, "floatShares": 22275600, "sharesOutstanding": 90220496, "heldPercentInsiders": 0.74821, "heldPercentInstitutions": 0.20997, "beta": 1.210598, "category": null, "bookValue": 159.643, "priceToBook": 1.8798193, "fundFamily": null, "legalType": null, "lastFiscalYearEnd": "2020-03-31 05:30:00", "nextFiscalYearEnd": "2022-03-31 05:30:00", "mostRecentQuarter": "2020-12-31 05:30:00", "earningsQuarterlyGrowth": 7.245, "netIncomeToCommon": 2369156096, "trailingEps": 26.265, "forwardEps": 28.9, "pegRatio": 0.99, "lastSplitFactor": null, "enterpriseToRevenue": 1.111, "enterpriseToEbitda": 5.499}, "industryTrend": {"maxAge": 1, "symbol": null, "estimates": []}, "quoteType": {"exchange": "NSI", "quoteType": "EQUITY", "symbol": "SHARDACROP.NS", "underlyingSymbol": "SHARDACROP.NS", "shortName": "SHARDA CROPCHEM", "longName": "Sharda Cropchem Limited", "firstTradeDateEpochUtc": "2014-09-23 09:15:00", "timeZoneFullName": "Asia/Kolkata", "timeZoneShortName": "IST", "uuid": "634752c6-6020-3828-b4ea-59b45d6341f6", "gmtOffSetMilliseconds": 19800000, "maxAge": 1}, "incomeStatementHistory": {"incomeStatementHistory": [{"maxAge": 1, "endDate": "2020-03-31", "totalRevenue": 20030182000, "costOfRevenue": 13895427000, "grossProfit": 6134755000, "researchDevelopment": {}, "sellingGeneralAdministrative": 399495000, "nonRecurring": {}, "otherOperatingExpenses": 2218597000, "totalOperatingExpenses": 17884747000, "operatingIncome": 2145435000, "totalOtherIncomeExpenseNet": -296742000, "ebit": 2145435000, "interestExpense": -19172000, "incomeBeforeTax": 1848693000, "incomeTaxExpense": 201776000, "minorityInterest": 2640000, "netIncomeFromContinuingOps": 1646917000, "discontinuedOperations": {}, "extraordinaryItems": {}, "effectOfAccountingCharges": {}, "otherItems": {}, "netIncome": 1646624000, "netIncomeApplicableToCommonShares": 1646624000}, {"maxAge": 1, "endDate": "2019-03-31", "totalRevenue": 19975598000, "costOfRevenue": 13875942000, "grossProfit": 6099656000, "researchDevelopment": {}, "sellingGeneralAdministrative": 439481000, "nonRecurring": {}, "otherOperatingExpenses": 1970762000, "totalOperatingExpenses": 17280123000, "operatingIncome": 2695475000, "totalOtherIncomeExpenseNet": -345225000, "ebit": 2695475000, "interestExpense": -83914000, "incomeBeforeTax": 2350250000, "incomeTaxExpense": 586817000, "minorityInterest": 2384000, "netIncomeFromContinuingOps": 1763433000, "discontinuedOperations": {}, "extraordinaryItems": {}, "effectOfAccountingCharges": {}, "otherItems": {}, "netIncome": 1763430000, "netIncomeApplicableToCommonShares": 1763430000}, {"maxAge": 1, "endDate": "2018-03-31", "totalRevenue": 17065886000, "costOfRevenue": 11441214000, "grossProfit": 5624672000, "researchDevelopment": {}, "sellingGeneralAdministrative": 434426000, "nonRecurring": {}, "otherOperatingExpenses": 1657326000, "totalOperatingExpenses": 14232359000, "operatingIncome": 2833527000, "totalOtherIncomeExpenseNet": 38368000, "ebit": 2833527000, "interestExpense": -48608000, "incomeBeforeTax": 2871895000, "incomeTaxExpense": 964164000, "minorityInterest": 2401000, "netIncomeFromContinuingOps": 1907731000, "discontinuedOperations": {}, "extraordinaryItems": {}, "effectOfAccountingCharges": {}, "otherItems": {}, "netIncome": 1907652000, "netIncomeApplicableToCommonShares": 1907652000}, {"maxAge": 1, "endDate": "2017-03-31", "totalRevenue": 13992268000, "costOfRevenue": 8978246000, "grossProfit": 5014022000, "researchDevelopment": {}, "sellingGeneralAdministrative": 443536000, "nonRecurring": {}, "otherOperatingExpenses": 1425126000, "totalOperatingExpenses": 11409498000, "operatingIncome": 2582770000, "totalOtherIncomeExpenseNet": 134748000, "ebit": 2582770000, "interestExpense": -477000, "incomeBeforeTax": 2717518000, "incomeTaxExpense": 813874000, "minorityInterest": 197000, "netIncomeFromContinuingOps": 1903644000, "discontinuedOperations": {}, "extraordinaryItems": {}, "effectOfAccountingCharges": {}, "otherItems": {}, "netIncome": 1904386000, "netIncomeApplicableToCommonShares": 1904386000}], "maxAge": 86400}, "fundOwnership": {"ownershipList": [{"maxAge": 1, "reportDate": "2021-01-31", "organization": "DFA Emerging Markets Core Equity Portfolio", "pctHeld": 0.0015, "position": 132225, "value": 37558511}, {"maxAge": 1, "reportDate": "2021-01-31", "organization": "DFA Emerging Markets Small Cap Series", "pctHeld": 0.0011, "position": 97276, "value": 27631247}, {"maxAge": 1, "reportDate": "2021-01-31", "organization": "DFA Investment Dimensions-DFA Emerging Mkts Value", "pctHeld": 0.00029999999, "position": 28099, "value": 7981520}, {"maxAge": 1, "reportDate": "2021-03-31", "organization": "SPDR Portfolio Emerging Markets ETF", "pctHeld": 0.0002, "position": 22212, "value": 6370401}, {"maxAge": 1, "reportDate": "2021-01-31", "organization": "DFA Investment Dimensions-Emerging Markets Social Core Equity", "pctHeld": 0.0001, "position": 11070, "value": 3144433}, {"maxAge": 1, "reportDate": "2021-01-31", "organization": "DFA Investment Dimensions-World Ex U.S. Core Equity Port", "pctHeld": 0.0001, "position": 10452, "value": 2968890}, {"maxAge": 1, "reportDate": "2021-01-31", "organization": "DFA T.A. World Ex U.S. Core Equity Portfolio", "pctHeld": 0.0001, "position": 9288, "value": 2638256}, {"maxAge": 1, "reportDate": "2021-03-31", "organization": "Avantis Emerging Markets Equity Fund", "pctHeld": 0.0001, "position": 5203, "value": 1492220}], "maxAge": 1}, "summaryDetail": {"maxAge": 1, "priceHint": 2, "previousClose": 302.65, "open": 300.0, "dayLow": 298.05, "dayHigh": 307.4, "regularMarketPreviousClose": 302.65, "regularMarketOpen": 300.0, "regularMarketDayLow": 298.05, "regularMarketDayHigh": 307.4, "dividendRate": 4.0, "dividendYield": 0.013200001, "exDividendDate": "2020-11-09 05:30:00", "payoutRatio": 0.22850001, "fiveYearAvgDividendYield": 1.21, "beta": 1.210598, "trailingPE": 11.425853, "forwardPE": 10.384084, "volume": 44430, "regularMarketVolume": 44430, "averageVolume": 233897, "averageVolume10days": 94850, "averageDailyVolume10Day": 94850, "bid": 0.0, "ask": 0.0, "bidSize": 0, "askSize": 0, "marketCap": 27093057536, "fiftyTwoWeekLow": 105.05, "fiftyTwoWeekHigh": 374.3, "priceToSalesTrailing12Months": 1.2407807, "fiftyDayAverage": 317.65146, "twoHundredDayAverage": 282.1805, "trailingAnnualDividendRate": 2.0, "trailingAnnualDividendYield": 0.0066082934, "currency": "INR", "fromCurrency": null, "lastMarket": null, "algorithm": null, "tradeable": false}, "insiderHolders": {"holders": [{"maxAge": 1, "name": "Bubna (Ashish Ramprakash)", "relation": "Director", "url": "", "transactionDescription": "Other", "latestTransDate": "2015-04-02", "positionDirect": 15180000, "positionDirectDate": "2015-04-02"}, {"maxAge": 1, "name": "Bubna (Manish Ramprakash)", "relation": "Director", "url": "", "transactionDescription": "Other", "latestTransDate": "2015-04-02", "positionDirect": 15180000, "positionDirectDate": "2015-04-02"}, {"maxAge": 1, "name": "Bubna (Ramprakash Vilasrai)", "relation": "Director", "url": "", "transactionDescription": "Sale", "latestTransDate": "2017-02-08", "positionDirect": 14052688, "positionDirectDate": "2017-02-08"}, {"maxAge": 1, "name": "Bubna (Sharda Ramprakash)", "relation": "Director", "url": "", "transactionDescription": "Acquisition", "latestTransDate": "2020-03-31", "positionDirect": 14082300, "positionDirectDate": "2020-03-31"}], "maxAge": 1}, "calendarEvents": {"maxAge": 1, "earnings": {"earningsDate": [], "earningsAverage": 4.72, "earningsLow": 4.5, "earningsHigh": 4.94, "revenueAverage": 4119300000, "revenueLow": 3823000000, "revenueHigh": 4611910000}, "exDividendDate": "2020-11-09 05:30:00"}, "upgradeDowngradeHistory": {"history": [], "maxAge": 86400}, "price": {"maxAge": 1, "regularMarketChangePercent": -0.008425534, "regularMarketChange": -2.5499878, "regularMarketTime": "2021-04-30 15:29:33", "priceHint": 2, "regularMarketPrice": 300.1, "regularMarketDayHigh": 307.4, "regularMarketDayLow": 298.05, "regularMarketVolume": 44430, "averageDailyVolume10Day": 94850, "averageDailyVolume3Month": 233897, "regularMarketPreviousClose": 302.65, "regularMarketSource": "FREE_REALTIME", "regularMarketOpen": 300.0, "exchange": "NSI", "exchangeName": "NSE", "exchangeDataDelayedBy": 15, "marketState": "CLOSED", "quoteType": "EQUITY", "symbol": "SHARDACROP.NS", "underlyingSymbol": null, "shortName": "SHARDA CROPCHEM", "longName": "Sharda Cropchem Limited", "currency": "INR", "quoteSourceName": "Delayed Quote", "currencySymbol": "\u20b9", "fromCurrency": null, "lastMarket": null, "marketCap": 27093057536}, "balanceSheetHistory": {"balanceSheetStatements": [{"maxAge": 1, "endDate": "2020-03-31", "cash": 777570000, "shortTermInvestments": 20606000, "netReceivables": 10182975000, "inventory": 3910537000, "otherCurrentAssets": 739574000, "totalCurrentAssets": 16814761000, "propertyPlantEquipment": 278226000, "goodWill": 4398000, "intangibleAssets": 5494824000, "otherAssets": 880002000, "deferredLongTermAssetCharges": 39176000, "totalAssets": 23472211000, "accountsPayable": 6866874000, "otherCurrentLiab": 1114210000, "longTermDebt": 926000, "otherLiab": 744867000, "minorityInterest": 2640000, "totalCurrentLiabilities": 8566749000, "totalLiab": 9441640000, "commonStock": 902205000, "retainedEarnings": 12429132000, "treasuryStock": 479739000, "capitalSurplus": 216855000, "otherStockholderEquity": 479739000, "totalStockholderEquity": 14027931000, "netTangibleAssets": 8528709000}, {"maxAge": 1, "endDate": "2019-03-31", "cash": 506321000, "shortTermInvestments": 41649000, "netReceivables": 8350333000, "inventory": 3727696000, "otherCurrentAssets": 704961000, "totalCurrentAssets": 15481774000, "propertyPlantEquipment": 135459000, "goodWill": 4021000, "intangibleAssets": 5776012000, "otherAssets": 636219000, "deferredLongTermAssetCharges": 54592000, "totalAssets": 22033485000, "accountsPayable": 6362248000, "otherCurrentLiab": 1260373000, "longTermDebt": 926000, "otherLiab": 974575000, "minorityInterest": 2384000, "totalCurrentLiabilities": 8216506000, "totalLiab": 9192007000, "commonStock": 902205000, "retainedEarnings": 11323831000, "treasuryStock": 396203000, "capitalSurplus": 216855000, "otherStockholderEquity": 396203000, "totalStockholderEquity": 12839094000, "netTangibleAssets": 7059061000}, {"maxAge": 1, "endDate": "2018-03-31", "cash": 612513000, "shortTermInvestments": 392916000, "netReceivables": 9017639000, "inventory": 5373583000, "otherCurrentAssets": 203341000, "totalCurrentAssets": 15633177000, "longTermInvestments": 15000, "propertyPlantEquipment": 106810000, "goodWill": 3967000, "intangibleAssets": 5751665000, "otherAssets": 766499000, "deferredLongTermAssetCharges": 73201000, "totalAssets": 22262133000, "accountsPayable": 6338178000, "otherCurrentLiab": 1407385000, "longTermDebt": 926000, "otherLiab": 885221000, "minorityInterest": 2401000, "totalCurrentLiabilities": 10025390000, "totalLiab": 10911537000, "commonStock": 902205000, "retainedEarnings": 9920867000, "treasuryStock": 308268000, "capitalSurplus": 216855000, "otherStockholderEquity": 308268000, "totalStockholderEquity": 11348195000, "netTangibleAssets": 5592563000}, {"maxAge": 1, "endDate": "2017-03-31", "cash": 722252000, "shortTermInvestments": 12057000, "netReceivables": 6884190000, "inventory": 2941864000, "otherCurrentAssets": 444754000, "totalCurrentAssets": 11536384000, "longTermInvestments": 15000, "propertyPlantEquipment": 22843000, "goodWill": 3948000, "intangibleAssets": 4395772000, "otherAssets": 537323000, "deferredLongTermAssetCharges": 33773000, "totalAssets": 16496285000, "accountsPayable": 4574271000, "otherCurrentLiab": 1237911000, "otherLiab": 824463000, "minorityInterest": 197000, "totalCurrentLiabilities": 6073249000, "totalLiab": 6897712000, "commonStock": 902205000, "retainedEarnings": 8193788000, "treasuryStock": 285528000, "capitalSurplus": 216855000, "otherStockholderEquity": 285528000, "totalStockholderEquity": 9598376000, "netTangibleAssets": 5198656000}], "maxAge": 86400}, "earningsTrend": {"trend": [{"maxAge": 1, "period": "0q", "endDate": "2018-06-30", "growth": -0.015, "earningsEstimate": {"avg": 4.72, "low": 4.5, "high": 4.94, "yearAgoEps": 4.79, "numberOfAnalysts": 2, "growth": -0.015}, "revenueEstimate": {"avg": 4119300000, "low": 3823000000, "high": 4611910000, "numberOfAnalysts": 3, "yearAgoRevenue": 3411160000, "growth": 0.20799999}, "epsTrend": {"current": 4.72, "7daysAgo": 4.94, "30daysAgo": 4.94, "60daysAgo": 0.0, "90daysAgo": 0.0}, "epsRevisions": {"upLast7days": 0, "upLast30days": 0, "downLast30days": 0, "downLast90days": {}}}, {"maxAge": 1, "period": "+1q", "endDate": "2018-09-30", "growth": {}, "earningsEstimate": {"avg": 0.0, "low": 0.0, "high": 0.0, "yearAgoEps": 2.7, "numberOfAnalysts": 0, "growth": {}}, "revenueEstimate": {"avg": 0, "low": 0, "high": 0, "numberOfAnalysts": 0, "yearAgoRevenue": {}, "growth": {}}, "epsTrend": {"current": 0.0, "7daysAgo": 0.0, "30daysAgo": 0.0, "60daysAgo": 0.0, "90daysAgo": 0.0}, "epsRevisions": {"upLast7days": 0, "upLast30days": 0, "downLast30days": 0, "downLast90days": {}}}, {"maxAge": 1, "period": "0y", "endDate": "2019-03-31", "growth": 0.142, "earningsEstimate": {"avg": 24.16, "low": 22.1, "high": 25.3, "yearAgoEps": 21.15, "numberOfAnalysts": 8, "growth": 0.142}, "revenueEstimate": {"avg": 19719000000, "low": 19202000000, "high": 20204000000, "numberOfAnalysts": 8, "yearAgoRevenue": 17133900000, "growth": 0.15100001}, "epsTrend": {"current": 24.16, "7daysAgo": 24.16, "30daysAgo": 24.16, "60daysAgo": 24.27, "90daysAgo": 25.08}, "epsRevisions": {"upLast7days": 0, "upLast30days": 0, "downLast30days": 0, "downLast90days": {}}}, {"maxAge": 1, "period": "+1y", "endDate": "2020-03-31", "growth": 0.19600001, "earningsEstimate": {"avg": 28.9, "low": 27.6, "high": 30.5, "yearAgoEps": 24.16, "numberOfAnalysts": 8, "growth": 0.19600001}, "revenueEstimate": {"avg": 22700200000, "low": 21662000000, "high": 23601000000, "numberOfAnalysts": 8, "yearAgoRevenue": 19719000000, "growth": 0.15100001}, "epsTrend": {"current": 28.9, "7daysAgo": 28.9, "30daysAgo": 28.9, "60daysAgo": 28.97, "90daysAgo": 28.54}, "epsRevisions": {"upLast7days": 0, "upLast30days": 0, "downLast30days": 0, "downLast90days": {}}}, {"maxAge": 1, "period": "+5y", "endDate": null, "growth": 0.144, "earningsEstimate": {"avg": {}, "low": {}, "high": {}, "yearAgoEps": {}, "numberOfAnalysts": {}, "growth": {}}, "revenueEstimate": {"avg": {}, "low": {}, "high": {}, "numberOfAnalysts": {}, "yearAgoRevenue": {}, "growth": {}}, "epsTrend": {"current": {}, "7daysAgo": {}, "30daysAgo": {}, "60daysAgo": {}, "90daysAgo": {}}, "epsRevisions": {"upLast7days": {}, "upLast30days": {}, "downLast30days": {}, "downLast90days": {}}}, {"maxAge": 1, "period": "-5y", "endDate": null, "growth": 0.05768, "earningsEstimate": {"avg": {}, "low": {}, "high": {}, "yearAgoEps": {}, "numberOfAnalysts": {}, "growth": {}}, "revenueEstimate": {"avg": {}, "low": {}, "high": {}, "numberOfAnalysts": {}, "yearAgoRevenue": {}, "growth": {}}, "epsTrend": {"current": {}, "7daysAgo": {}, "30daysAgo": {}, "60daysAgo": {}, "90daysAgo": {}}, "epsRevisions": {"upLast7days": {}, "upLast30days": {}, "downLast30days": {}, "downLast90days": {}}}], "maxAge": 1}, "institutionOwnership": {"ownershipList": [], "maxAge": 1}, "majorHoldersBreakdown": {"maxAge": 1, "insidersPercentHeld": 0.74821, "institutionsPercentHeld": 0.20997, "institutionsFloatPercentHeld": 0.8339, "institutionsCount": 11}, "balanceSheetHistoryQuarterly": {"balanceSheetStatements": [{"maxAge": 1, "endDate": "2020-12-31", "totalStockholderEquity": 14403117000, "netTangibleAssets": 8389495000}, {"maxAge": 1, "endDate": "2020-09-30", "cash": 1314385000, "shortTermInvestments": 1921160000, "netReceivables": 6108749000, "inventory": 4352150000, "otherCurrentAssets": 225648000, "totalCurrentAssets": 13922092000, "longTermInvestments": 153569000, "propertyPlantEquipment": 243503000, "goodWill": 4292000, "intangibleAssets": 6009330000, "otherAssets": 774941000, "deferredLongTermAssetCharges": 59774000, "totalAssets": 21107727000, "accountsPayable": 3894999000, "otherCurrentLiab": 1607122000, "otherLiab": 798661000, "minorityInterest": 2985000, "totalCurrentLiabilities": 5794607000, "totalLiab": 6701625000, "commonStock": 902205000, "treasuryStock": 13500912000, "otherStockholderEquity": 13500912000, "totalStockholderEquity": 14403117000, "netTangibleAssets": 8389495000}, {"maxAge": 1, "endDate": "2020-06-30", "totalStockholderEquity": 14027931000, "netTangibleAssets": 8528709000}, {"maxAge": 1, "endDate": "2020-03-31", "cash": 777570000, "shortTermInvestments": 20606000, "netReceivables": 10182975000, "inventory": 3910537000, "otherCurrentAssets": 739574000, "totalCurrentAssets": 16814761000, "propertyPlantEquipment": 278226000, "goodWill": 4398000, "intangibleAssets": 5494824000, "otherAssets": 880002000, "deferredLongTermAssetCharges": 39176000, "totalAssets": 23472211000, "accountsPayable": 6866874000, "otherCurrentLiab": 1114210000, "longTermDebt": 926000, "otherLiab": 744867000, "minorityInterest": 2640000, "totalCurrentLiabilities": 8566749000, "totalLiab": 9441640000, "commonStock": 902205000, "retainedEarnings": 12429132000, "treasuryStock": 479739000, "capitalSurplus": 216855000, "otherStockholderEquity": 479739000, "totalStockholderEquity": 14027931000, "netTangibleAssets": 8528709000}], "maxAge": 86400}, "earningsHistory": {"history": [{"maxAge": 1, "epsActual": 4.79, "epsEstimate": 5.13, "epsDifference": -0.34, "surprisePercent": -0.066, "quarter": "2017-06-30", "period": "-4q"}, {"maxAge": 1, "epsActual": 2.7, "epsEstimate": 3.6, "epsDifference": -0.9, "surprisePercent": -0.25, "quarter": "2017-09-30", "period": "-3q"}, {"maxAge": 1, "epsActual": 1.1, "epsEstimate": 2.2, "epsDifference": -1.1, "surprisePercent": -0.5, "quarter": "2017-12-31", "period": "-2q"}, {"maxAge": 1, "epsActual": 12.55, "epsEstimate": 11.23, "epsDifference": 1.32, "surprisePercent": 0.118, "quarter": "2018-03-31", "period": "-1q"}], "maxAge": 86400}, "summaryProfile": {"address1": "Prime Business Park", "address2": "2nd Floor Dashrathlal Joshi Road Vile Parle (West)", "city": "Mumbai", "zip": "400056", "country": "India", "phone": "91 22 6678 2800", "fax": "91 22 6678 2828", "website": "http://www.shardacropchem.com", "industry": "Agricultural Inputs", "sector": "Basic Materials", "longBusinessSummary": "Sharda Cropchem Limited, a crop protection chemical company, provides various formulations and generic active ingredients worldwide. The company operates through Agrochemicals, and Belts segments. It offers agrochemical products, including insecticides, fungicides, herbicides, veterinary drugs, plant growth regulators, fumigants, regulators, rodenticides, metalaxyl, propiconazole, phenthoate, pendimethalin, and dithianon; and biocides. The company also provides conveyor belts, such as textile ply, rough top, steel cord, chevron/pattern, elevator, sidewall, pipe, and PVC/PVG solid woven conveyor belts, as well as cotton transmission belts, PVC and polyurethane light duty belting products, and V-belts for use in mining projects, steel plants, quarries, grain silos, cement manufacturing facilities, ports, tunneling projects, etc. In addition, it offers organic and inorganic chemicals used in water treatment, food and food ingredients, and other industrial applications; and dyes and dye intermediates, as well as general chemicals. Sharda Cropchem Limited was founded in 1987 and is based in Mumbai, India.", "fullTimeEmployees": 175, "companyOfficers": [], "maxAge": 86400}, "netSharePurchaseActivity": {"maxAge": 1, "period": "6m", "buyInfoCount": 0, "buyInfoShares": 0, "sellInfoCount": 0, "netInfoCount": 0, "netInfoShares": 0, "netPercentInsiderShares": 0.0, "totalInsiderShares": 67561824}, "insiderTransactions": {"transactions": [{"maxAge": 1, "shares": 29615, "filerUrl": "", "transactionText": "", "filerName": "Bubna (Sharda Ramprakash)", "filerRelation": "Director", "moneyText": "", "startDate": "2020-03-31", "ownership": "D"}, {"maxAge": 1, "shares": 99998, "filerUrl": "", "transactionText": "", "filerName": "Bubna (Ramprakash Vilasrai)", "filerRelation": "Director", "moneyText": "", "startDate": "2017-02-08", "ownership": "D"}, {"maxAge": 1, "shares": 100000, "filerUrl": "", "transactionText": "", "filerName": "Bubna (Sharda Ramprakash)", "filerRelation": "Director", "moneyText": "", "startDate": "2017-02-08", "ownership": "D"}, {"maxAge": 1, "shares": 15180000, "filerUrl": "", "transactionText": "", "filerName": "Bubna (Ashish Ramprakash)", "filerRelation": "Director", "moneyText": "", "startDate": "2015-04-02", "ownership": "D"}, {"maxAge": 1, "shares": 15180000, "filerUrl": "", "transactionText": "", "filerName": "Bubna (Manish Ramprakash)", "filerRelation": "Director", "moneyText": "", "startDate": "2015-04-02", "ownership": "D"}, {"maxAge": 1, "shares": 14152686, "filerUrl": "", "transactionText": "", "filerName": "Bubna (Ramprakash Vilasrai)", "filerRelation": "Director", "moneyText": "", "startDate": "2015-04-02", "ownership": "D"}, {"maxAge": 1, "shares": 14152685, "filerUrl": "", "transactionText": "", "filerName": "Bubna (Sharda Ramprakash)", "filerRelation": "Director", "moneyText": "", "startDate": "2015-04-02", "ownership": "D"}], "maxAge": 1}, "sectorTrend": {"maxAge": 1, "symbol": null, "estimates": []}, "incomeStatementHistoryQuarterly": {"incomeStatementHistory": [{"maxAge": 1, "endDate": "2020-12-31", "totalRevenue": 4938076000, "costOfRevenue": 3233017000, "grossProfit": 1705059000, "researchDevelopment": {}, "sellingGeneralAdministrative": 96612000, "nonRecurring": {}, "otherOperatingExpenses": 646132000, "totalOperatingExpenses": 4380103000, "operatingIncome": 557973000, "totalOtherIncomeExpenseNet": 218257000, "ebit": 557973000, "interestExpense": -4472000, "incomeBeforeTax": 776230000, "incomeTaxExpense": 293272000, "minorityInterest": {}, "netIncomeFromContinuingOps": 482958000, "discontinuedOperations": {}, "extraordinaryItems": {}, "effectOfAccountingCharges": {}, "otherItems": {}, "netIncome": 483094000, "netIncomeApplicableToCommonShares": 483094000}, {"maxAge": 1, "endDate": "2020-09-30", "totalRevenue": 4247621000, "costOfRevenue": 2927718000, "grossProfit": 1319903000, "researchDevelopment": {}, "sellingGeneralAdministrative": 74158000, "nonRecurring": {}, "otherOperatingExpenses": 677955000, "totalOperatingExpenses": 4103052000, "operatingIncome": 144569000, "totalOtherIncomeExpenseNet": 157691000, "ebit": 144569000, "interestExpense": -7264000, "incomeBeforeTax": 302260000, "incomeTaxExpense": 111533000, "minorityInterest": 2985000, "netIncomeFromContinuingOps": 190727000, "discontinuedOperations": {}, "extraordinaryItems": {}, "effectOfAccountingCharges": {}, "otherItems": {}, "netIncome": 190366000, "netIncomeApplicableToCommonShares": 190366000}, {"maxAge": 1, "endDate": "2020-06-30", "totalRevenue": 3889016000, "costOfRevenue": 2727385000, "grossProfit": 1161631000, "researchDevelopment": {}, "sellingGeneralAdministrative": 83865000, "nonRecurring": {}, "otherOperatingExpenses": 602374000, "totalOperatingExpenses": 3768240000, "operatingIncome": 120776000, "totalOtherIncomeExpenseNet": 226091000, "ebit": 120776000, "interestExpense": -8302000, "incomeBeforeTax": 346867000, "incomeTaxExpense": 67689000, "minorityInterest": 2985000, "netIncomeFromContinuingOps": 279178000, "discontinuedOperations": {}, "extraordinaryItems": {}, "effectOfAccountingCharges": {}, "otherItems": {}, "netIncome": 278868000, "netIncomeApplicableToCommonShares": 278868000}, {"maxAge": 1, "endDate": "2020-03-31", "totalRevenue": 8755644000, "costOfRevenue": 5590800000, "grossProfit": 3164844000, "researchDevelopment": {}, "sellingGeneralAdministrative": 167047000, "nonRecurring": {}, "otherOperatingExpenses": 638108000, "totalOperatingExpenses": 6746021000, "operatingIncome": 2009623000, "totalOtherIncomeExpenseNet": -628267000, "ebit": 2009623000, "interestExpense": -4463000, "incomeBeforeTax": 1381356000, "incomeTaxExpense": -35460000, "minorityInterest": 2640000, "netIncomeFromContinuingOps": 1416816000, "discontinuedOperations": {}, "extraordinaryItems": {}, "effectOfAccountingCharges": {}, "otherItems": {}, "netIncome": 1416518000, "netIncomeApplicableToCommonShares": 1416518000}], "maxAge": 86400}, "cashflowStatementHistoryQuarterly": {"cashflowStatements": [{"maxAge": 1, "endDate": "2020-12-31", "netIncome": 483094000, "changeToLiabilities": 0}, {"maxAge": 1, "endDate": "2020-09-30", "netIncome": 190366000, "changeToLiabilities": 0}, {"maxAge": 1, "endDate": "2020-06-30", "netIncome": 278868000, "changeToLiabilities": 0}, {"maxAge": 1, "endDate": "2020-03-31", "netIncome": 1416518000, "changeToLiabilities": 0}], "maxAge": 86400}, "earnings": {"maxAge": 86400, "earningsChart": {"quarterly": [{"date": "2Q2017", "actual": 4.79, "estimate": 5.13}, {"date": "3Q2017", "actual": 2.7, "estimate": 3.6}, {"date": "4Q2017", "actual": 1.1, "estimate": 2.2}, {"date": "1Q2018", "actual": 12.55, "estimate": 11.23}], "currentQuarterEstimate": 4.72, "currentQuarterEstimateDate": "2Q", "currentQuarterEstimateYear": 2018, "earningsDate": []}, "financialsChart": {"yearly": [{"date": 2017, "revenue": 13992268000, "earnings": 1904386000}, {"date": 2018, "revenue": 17065886000, "earnings": 1907652000}, {"date": 2019, "revenue": 19975598000, "earnings": 1763430000}, {"date": 2020, "revenue": 20030182000, "earnings": 1646624000}], "quarterly": [{"date": "1Q2020", "revenue": 8755644000, "earnings": 1416518000}, {"date": "2Q2020", "revenue": 3889016000, "earnings": 278868000}, {"date": "3Q2020", "revenue": 4247621000, "earnings": 190366000}, {"date": "4Q2020", "revenue": 4938076000, "earnings": 483094000}]}, "financialCurrency": "INR"}, "financialData": {"maxAge": 86400, "currentPrice": 300.1, "targetHighPrice": 560.0, "targetLowPrice": 441.0, "targetMeanPrice": 507.86, "targetMedianPrice": 509.0, "recommendationMean": 1.8, "recommendationKey": "buy", "numberOfAnalystOpinions": 7, "totalCash": 3235545088, "totalCashPerShare": 35.832, "ebitda": 4412686848, "totalDebt": 400843008, "totalRevenue": 21835491328, "debtToEquity": 2.782, "revenuePerShare": 242.075, "grossProfits": 6134755000, "earningsGrowth": 7.231, "revenueGrowth": 0.29, "grossMargins": 0.33691, "ebitdaMargins": 0.20209, "operatingMargins": 0.12998, "profitMargins": 0.108500004, "financialCurrency": "INR"}}}