{"SHARIKA.BO": {"cashflowStatementHistory": {"cashflowStatements": [{"maxAge": 1, "endDate": "2020-03-31", "netIncome": 1415685, "changeToLiabilities": 0}, {"maxAge": 1, "endDate": "2019-03-31", "netIncome": 4806004, "changeToLiabilities": 0}, {"maxAge": 1, "endDate": "2018-03-31", "netIncome": 13847701, "depreciation": 9112161, "changeToNetincome": 23863869, "changeToAccountReceivables": -40990090, "changeToLiabilities": -18711123, "changeToInventory": 49555, "changeToOperatingActivities": -19242451, "totalCashFromOperatingActivities": -32016519, "otherCashflowsFromInvestingActivities": 4033799, "totalCashflowsFromInvestingActivities": 8375564, "netBorrowings": -2261876, "otherCashflowsFromFinancingActivities": -12804629, "totalCashFromFinancingActivities": 92183495, "changeInCash": 68542540, "issuanceOfStock": 107250000}, {"maxAge": 1, "endDate": "2017-03-31", "netIncome": 26075444, "depreciation": 7342003, "changeToNetincome": 7474854, "changeToAccountReceivables": -63727326, "changeToLiabilities": 15900698, "changeToInventory": -7382098, "changeToOperatingActivities": 583672, "totalCashFromOperatingActivities": -13732753, "capitalExpenditures": -10900573, "otherCashflowsFromInvestingActivities": 708470, "totalCashflowsFromInvestingActivities": -9852103, "netBorrowings": 42654493, "otherCashflowsFromFinancingActivities": -6832867, "totalCashFromFinancingActivities": 35821626, "changeInCash": 12236770, "issuanceOfStock": 107250000}], "maxAge": 86400}, "institutionOwnership": {"ownershipList": [], "maxAge": 1}, "balanceSheetHistoryQuarterly": {"balanceSheetStatements": [{"maxAge": 1, "endDate": "2020-03-31", "cash": 10182090, "netReceivables": 331284502, "inventory": 123139007, "otherCurrentAssets": 112070020, "totalCurrentAssets": 576675619, "propertyPlantEquipment": 60136767, "otherAssets": 64281911, "deferredLongTermAssetCharges": 7051026, "totalAssets": 701094297, "accountsPayable": 233268847, "shortLongTermDebt": 33537791, "otherCurrentLiab": 26233587, "longTermDebt": 77658255, "otherLiab": 340000, "minorityInterest": 20477, "totalCurrentLiabilities": 378218590, "totalLiab": 456216845, "commonStock": 108250000, "treasuryStock": 136606975, "otherStockholderEquity": 136606975, "totalStockholderEquity": 244856975, "netTangibleAssets": 244856975}, {"maxAge": 1, "endDate": "2019-12-31", "cash": 10182090, "netReceivables": 331284502, "inventory": 123139007, "otherCurrentAssets": 112070020, "totalCurrentAssets": 576675619, "propertyPlantEquipment": 60136767, "otherAssets": 64281911, "deferredLongTermAssetCharges": 7051026, "totalAssets": 701094297, "accountsPayable": 233268847, "shortLongTermDebt": 33537791, "otherCurrentLiab": 26233587, "longTermDebt": 77658255, "otherLiab": 340000, "minorityInterest": 20477, "totalCurrentLiabilities": 378218590, "totalLiab": 456216845, "commonStock": 108250000, "treasuryStock": 136606975, "otherStockholderEquity": 136606975, "totalStockholderEquity": 244856975, "netTangibleAssets": 244856975}, {"maxAge": 1, "endDate": "2019-09-30", "cash": 22992013, "netReceivables": 364919084, "inventory": 128759794, "otherCurrentAssets": 61601665, "totalCurrentAssets": 578272556, "propertyPlantEquipment": 53482507, "otherAssets": 33975299, "deferredLongTermAssetCharges": 6935130, "totalAssets": 665730362, "accountsPayable": 199572805, "shortLongTermDebt": 77498603, "otherCurrentLiab": 24138064, "longTermDebt": 46164370, "otherLiab": 150001, "minorityInterest": 38661, "totalCurrentLiabilities": 371962322, "totalLiab": 418276693, "commonStock": 108250000, "treasuryStock": 139165008, "otherStockholderEquity": 139165008, "totalStockholderEquity": 247415008, "netTangibleAssets": 247415008}, {"maxAge": 1, "endDate": "2019-06-30", "cash": 22992013, "netReceivables": 364919084, "inventory": 128759794, "otherCurrentAssets": 61601665, "totalCurrentAssets": 578272556, "propertyPlantEquipment": 53482507, "otherAssets": 33975299, "deferredLongTermAssetCharges": 6935130, "totalAssets": 665730362, "accountsPayable": 199572805, "shortLongTermDebt": 77498603, "otherCurrentLiab": 24138064, "longTermDebt": 46164370, "otherLiab": 150001, "minorityInterest": 38661, "totalCurrentLiabilities": 371962322, "totalLiab": 418276693, "commonStock": 108250000, "treasuryStock": 139165008, "otherStockholderEquity": 139165008, "totalStockholderEquity": 247415008, "netTangibleAssets": 247415008}], "maxAge": 86400}, "indexTrend": {"maxAge": 1, "symbol": "SP5", "peRatio": 19.7411, "pegRatio": 1.34172, "estimates": [{"period": "0q", "growth": 0.549}, {"period": "+1q", "growth": 0.431}, {"period": "0y", "growth": 0.305}, {"period": "+1y", "growth": 0.109}, {"period": "+5y", "growth": 0.120859005}, {"period": "-5y"}]}, "quoteType": {"exchange": "BSE", "quoteType": "EQUITY", "symbol": "SHARIKA.BO", "underlyingSymbol": "SHARIKA.BO", "shortName": "SHARIKA ENTERPRISES LIMITED", "longName": "Sharika Enterprises Limited", "firstTradeDateEpochUtc": "2017-11-27 09:15:00", "timeZoneFullName": "Asia/Kolkata", "timeZoneShortName": "IST", "uuid": "b32a81d5-466c-37b6-93e2-33e80ef5c993", "gmtOffSetMilliseconds": 19800000, "maxAge": 1}, "incomeStatementHistory": {"incomeStatementHistory": [{"maxAge": 1, "endDate": "2020-03-31", "totalRevenue": 286095256, "costOfRevenue": 164524704, "grossProfit": 121570552, "researchDevelopment": {}, "sellingGeneralAdministrative": 37911093, "nonRecurring": {}, "otherOperatingExpenses": 50626655, "totalOperatingExpenses": 260394525, "operatingIncome": 25700731, "totalOtherIncomeExpenseNet": -21243535, "ebit": 25700731, "interestExpense": -21243535, "incomeBeforeTax": 4457196, "incomeTaxExpense": 3041511, "minorityInterest": 20477, "netIncomeFromContinuingOps": 1415685, "discontinuedOperations": {}, "extraordinaryItems": {}, "effectOfAccountingCharges": {}, "otherItems": {}, "netIncome": 1415685, "netIncomeApplicableToCommonShares": 1415685}, {"maxAge": 1, "endDate": "2019-03-31", "totalRevenue": 245199851, "costOfRevenue": 141504785, "grossProfit": 103695066, "researchDevelopment": {}, "sellingGeneralAdministrative": 41690492, "nonRecurring": {}, "otherOperatingExpenses": 31353970, "totalOperatingExpenses": 222055456, "operatingIncome": 23144395, "totalOtherIncomeExpenseNet": -15433008, "ebit": 23144395, "interestExpense": -15433007, "incomeBeforeTax": 7711387, "incomeTaxExpense": 2905383, "minorityInterest": 18999, "netIncomeFromContinuingOps": 4806004, "discontinuedOperations": {}, "extraordinaryItems": {}, "effectOfAccountingCharges": {}, "otherItems": {}, "netIncome": 4806004, "netIncomeApplicableToCommonShares": 4806004}, {"maxAge": 1, "endDate": "2018-03-31", "totalRevenue": 194480810, "costOfRevenue": 83585774, "grossProfit": 110895036, "researchDevelopment": {}, "sellingGeneralAdministrative": 38151789, "nonRecurring": {}, "otherOperatingExpenses": 25795932, "totalOperatingExpenses": 156699515, "operatingIncome": 37781295, "totalOtherIncomeExpenseNet": -17471678, "ebit": 37781295, "interestExpense": -14606864, "incomeBeforeTax": 20309617, "incomeTaxExpense": 6461916, "minorityInterest": 20805, "netIncomeFromContinuingOps": 13847701, "discontinuedOperations": {}, "extraordinaryItems": {}, "effectOfAccountingCharges": {}, "otherItems": {}, "netIncome": 13847701, "netIncomeApplicableToCommonShares": 13847701}, {"maxAge": 1, "endDate": "2017-03-31", "totalRevenue": 231348238, "costOfRevenue": 123332994, "grossProfit": 108015244, "researchDevelopment": {}, "sellingGeneralAdministrative": 36892156, "nonRecurring": {}, "otherOperatingExpenses": 20600236, "totalOperatingExpenses": 188167389, "operatingIncome": 43180849, "totalOtherIncomeExpenseNet": -9656913, "ebit": 43180849, "interestExpense": -6832867, "incomeBeforeTax": 33523936, "incomeTaxExpense": 7448492, "minorityInterest": 20805, "netIncomeFromContinuingOps": 26075444, "discontinuedOperations": {}, "extraordinaryItems": {}, "effectOfAccountingCharges": {}, "otherItems": {}, "netIncome": 26075444, "netIncomeApplicableToCommonShares": 26075444}], "maxAge": 86400}, "fundOwnership": {"ownershipList": [], "maxAge": 1}, "summaryDetail": {"maxAge": 1, "priceHint": 2, "previousClose": 42.8, "open": 42.8, "dayLow": 42.8, "dayHigh": 42.8, "regularMarketPreviousClose": 42.8, "regularMarketOpen": 42.8, "regularMarketDayLow": 42.8, "regularMarketDayHigh": 42.8, "trailingPE": 329.23077, "volume": 3000, "regularMarketVolume": 3000, "averageVolume": 6934, "averageVolume10days": 5400, "averageDailyVolume10Day": 5400, "bid": 41.8, "ask": 46.0, "bidSize": 0, "askSize": 0, "marketCap": 463309984, "fiftyTwoWeekLow": 11.0, "fiftyTwoWeekHigh": 42.8, "fiftyDayAverage": 31.156061, "twoHundredDayAverage": 27.833456, "currency": "INR", "fromCurrency": null, "lastMarket": null, "algorithm": null, "tradeable": false}, "incomeStatementHistoryQuarterly": {"incomeStatementHistory": [{"maxAge": 1, "endDate": "2020-03-31", "totalRevenue": 72628257, "costOfRevenue": 37640414, "grossProfit": 34987843, "researchDevelopment": {}, "sellingGeneralAdministrative": 10004193, "nonRecurring": {}, "otherOperatingExpenses": 17603839, "totalOperatingExpenses": 66944694, "operatingIncome": 5683563, "totalOtherIncomeExpenseNet": -5822409, "ebit": 5683563, "interestExpense": -5822408, "incomeBeforeTax": -138846, "incomeTaxExpense": 570365, "minorityInterest": 20477, "netIncomeFromContinuingOps": -709210, "discontinuedOperations": {}, "extraordinaryItems": {}, "effectOfAccountingCharges": {}, "otherItems": {}, "netIncome": -709210, "netIncomeApplicableToCommonShares": -709210}, {"maxAge": 1, "endDate": "2019-12-31", "totalRevenue": 72628257, "costOfRevenue": 37640414, "grossProfit": 34987843, "researchDevelopment": {}, "sellingGeneralAdministrative": 10004193, "nonRecurring": {}, "otherOperatingExpenses": 17603839, "totalOperatingExpenses": 66944694, "operatingIncome": 5683563, "totalOtherIncomeExpenseNet": -5822409, "ebit": 5683563, "interestExpense": -5822408, "incomeBeforeTax": -138846, "incomeTaxExpense": 570365, "minorityInterest": 20477, "netIncomeFromContinuingOps": -709210, "discontinuedOperations": {}, "extraordinaryItems": {}, "effectOfAccountingCharges": {}, "otherItems": {}, "netIncome": -709210, "netIncomeApplicableToCommonShares": -709210}, {"maxAge": 1, "endDate": "2019-09-30", "totalRevenue": 70419371, "costOfRevenue": 44621938, "grossProfit": 25797433, "researchDevelopment": {}, "sellingGeneralAdministrative": 8951354, "nonRecurring": {}, "otherOperatingExpenses": 7709489, "totalOperatingExpenses": 63252569, "operatingIncome": 7166803, "totalOtherIncomeExpenseNet": -4799359, "ebit": 7166803, "interestExpense": -4799360, "incomeBeforeTax": 2367444, "incomeTaxExpense": 950391, "minorityInterest": 38661, "netIncomeFromContinuingOps": 1417053, "discontinuedOperations": {}, "extraordinaryItems": {}, "effectOfAccountingCharges": {}, "otherItems": {}, "netIncome": 1417053, "netIncomeApplicableToCommonShares": 1417053}, {"maxAge": 1, "endDate": "2019-06-30", "totalRevenue": 70419371, "costOfRevenue": 44621938, "grossProfit": 25797433, "researchDevelopment": {}, "sellingGeneralAdministrative": 8951354, "nonRecurring": {}, "otherOperatingExpenses": 7709489, "totalOperatingExpenses": 63252569, "operatingIncome": 7166803, "totalOtherIncomeExpenseNet": -4799359, "ebit": 7166803, "interestExpense": -4799360, "incomeBeforeTax": 2367444, "incomeTaxExpense": 950391, "minorityInterest": 38661, "netIncomeFromContinuingOps": 1417053, "discontinuedOperations": {}, "extraordinaryItems": {}, "effectOfAccountingCharges": {}, "otherItems": {}, "netIncome": 1417053, "netIncomeApplicableToCommonShares": 1417053}], "maxAge": 86400}, "cashflowStatementHistoryQuarterly": {"cashflowStatements": [{"maxAge": 1, "endDate": "2020-03-31", "netIncome": -709210, "changeToLiabilities": 0}, {"maxAge": 1, "endDate": "2019-12-31", "netIncome": -709210, "changeToLiabilities": 0}, {"maxAge": 1, "endDate": "2019-09-30", "netIncome": 1417053, "changeToLiabilities": 0}, {"maxAge": 1, "endDate": "2019-06-30", "netIncome": 1417053, "changeToLiabilities": 0}], "maxAge": 86400}, "insiderHolders": {"holders": [], "maxAge": 1}, "calendarEvents": {"maxAge": 1, "earnings": {"earningsDate": ["2020-07-31 05:30:S"]}}, "upgradeDowngradeHistory": {"history": [], "maxAge": 86400}, "price": {"maxAge": 1, "regularMarketChangePercent": 0.0, "regularMarketChange": 0.0, "regularMarketTime": "2021-04-27 11:43:30", "priceHint": 2, "regularMarketPrice": 42.8, "regularMarketDayHigh": 42.8, "regularMarketDayLow": 42.8, "regularMarketVolume": 3000, "averageDailyVolume10Day": 5400, "averageDailyVolume3Month": 6934, "regularMarketPreviousClose": 42.8, "regularMarketSource": "FREE_REALTIME", "regularMarketOpen": 42.8, "exchange": "BSE", "exchangeName": "BSE", "exchangeDataDelayedBy": 0, "marketState": "CLOSED", "quoteType": "EQUITY", "symbol": "SHARIKA.BO", "underlyingSymbol": null, "shortName": "SHARIKA ENTERPRISES LIMITED", "longName": "Sharika Enterprises Limited", "currency": "INR", "quoteSourceName": "Delayed Quote", "currencySymbol": "\u20b9", "fromCurrency": null, "lastMarket": null, "marketCap": 463309984}, "balanceSheetHistory": {"balanceSheetStatements": [{"maxAge": 1, "endDate": "2020-03-31", "cash": 10182090, "netReceivables": 331284502, "inventory": 123139007, "otherCurrentAssets": 112070020, "totalCurrentAssets": 576675619, "propertyPlantEquipment": 60136767, "otherAssets": 64281911, "deferredLongTermAssetCharges": 7051026, "totalAssets": 701094297, "accountsPayable": 233268847, "shortLongTermDebt": 33537791, "otherCurrentLiab": 26233587, "longTermDebt": 77658255, "otherLiab": 340000, "minorityInterest": 20477, "totalCurrentLiabilities": 378218590, "totalLiab": 456216845, "commonStock": 108250000, "treasuryStock": 136606975, "otherStockholderEquity": 136606975, "totalStockholderEquity": 244856975, "netTangibleAssets": 244856975}, {"maxAge": 1, "endDate": "2019-03-31", "cash": 16035083, "netReceivables": 258636115, "inventory": 88324657, "otherCurrentAssets": 46634701, "totalCurrentAssets": 409630556, "propertyPlantEquipment": 57382076, "otherAssets": 83873938, "deferredLongTermAssetCharges": 6928283, "totalAssets": 550886570, "accountsPayable": 139275243, "shortLongTermDebt": 38121160, "otherCurrentLiab": 22230436, "longTermDebt": 45248805, "otherLiab": 150001, "minorityInterest": 18999, "totalCurrentLiabilities": 260903597, "totalLiab": 306302403, "commonStock": 108250000, "treasuryStock": 136315168, "otherStockholderEquity": 136315168, "totalStockholderEquity": 244565168, "netTangibleAssets": 244565168}, {"maxAge": 1, "endDate": "2018-03-31", "cash": 89510210, "netReceivables": 200962383, "inventory": 41739819, "otherCurrentAssets": 22529805, "totalCurrentAssets": 354769904, "propertyPlantEquipment": 63410913, "intangibleAssets": 1333036, "otherAssets": 73039349, "deferredLongTermAssetCharges": 6757211, "totalAssets": 492553202, "accountsPayable": 52631398, "shortLongTermDebt": 6176031, "otherCurrentLiab": 25117234, "longTermDebt": 46880386, "deferredLongTermLiab": 1385158, "minorityInterest": 20805, "totalCurrentLiabilities": 205879812, "totalLiab": 252760198, "commonStock": 108250000, "retainedEarnings": 39456033, "treasuryStock": 3264, "capitalSurplus": 92062901, "otherStockholderEquity": 3264, "totalStockholderEquity": 239772198, "netTangibleAssets": 238439162}, {"maxAge": 1, "endDate": "2017-03-31", "cash": 20967671, "netReceivables": 124765971, "inventory": 41789374, "otherCurrentAssets": 18043618, "totalCurrentAssets": 205566634, "propertyPlantEquipment": 69514345, "goodWill": 1333000, "intangibleAssets": 1333036, "otherAssets": 36508833, "deferredLongTermAssetCharges": 6724747, "totalAssets": 312922848, "accountsPayable": 71342521, "shortLongTermDebt": 2553876, "otherCurrentLiab": 18871503, "longTermDebt": 50206384, "deferredLongTermLiab": 1715000, "totalCurrentLiabilities": 159704736, "totalLiab": 209911120, "commonStock": 1000000, "retainedEarnings": 102011728, "totalStockholderEquity": 103011728, "netTangibleAssets": 101678692}], "maxAge": 86400}, "financialData": {"maxAge": 86400, "currentPrice": 42.8, "recommendationKey": "none", "grossProfits": 121570552, "financialCurrency": "INR"}}}