{"SHAWGELTIN.BO": {"recommendationTrend": {"trend": [{"period": "0m", "strongBuy": 0, "buy": 0, "hold": 0, "sell": 0, "strongSell": 0}, {"period": "-1m", "strongBuy": 0, "buy": 0, "hold": 0, "sell": 0, "strongSell": 0}, {"period": "-2m", "strongBuy": 0, "buy": 0, "hold": 0, "sell": 0, "strongSell": 0}, {"period": "-3m", "strongBuy": 0, "buy": 0, "hold": 0, "sell": 0, "strongSell": 0}], "maxAge": 86400}, "cashflowStatementHistory": {"cashflowStatements": [{"maxAge": 1, "endDate": "2020-03-31", "netIncome": 128801000, "depreciation": 13712000, "changeToNetincome": -28783000, "changeToAccountReceivables": -7768000, "changeToLiabilities": 7190000, "changeToInventory": -56727000, "changeToOperatingActivities": -9120000, "totalCashFromOperatingActivities": 47318000, "capitalExpenditures": -49705000, "investments": -12278000, "otherCashflowsFromInvestingActivities": 8213000, "totalCashflowsFromInvestingActivities": -40149000, "dividendsPaid": -72710000, "netBorrowings": -15912000, "otherCashflowsFromFinancingActivities": -2549000, "totalCashFromFinancingActivities": -91171000, "changeInCash": -84002000}, {"maxAge": 1, "endDate": "2019-03-31", "netIncome": 100630000, "depreciation": 13100000, "changeToNetincome": -41082000, "changeToAccountReceivables": -529000, "changeToLiabilities": 39343000, "changeToInventory": 7518000, "changeToOperatingActivities": 492000, "totalCashFromOperatingActivities": 119517000, "capitalExpenditures": -13676000, "investments": -41825000, "otherCashflowsFromInvestingActivities": 6649000, "totalCashflowsFromInvestingActivities": -48661000, "dividendsPaid": -28868000, "netBorrowings": 20996000, "otherCashflowsFromFinancingActivities": -1017000, "totalCashFromFinancingActivities": -8889000, "changeInCash": 61968000}, {"maxAge": 1, "endDate": "2018-03-31", "netIncome": 80369000, "depreciation": 11411000, "changeToNetincome": -45467000, "changeToAccountReceivables": -35064000, "changeToLiabilities": -19743000, "changeToInventory": 87054000, "changeToOperatingActivities": 13102000, "totalCashFromOperatingActivities": 91764000, "capitalExpenditures": -50296000, "investments": 20318000, "otherCashflowsFromInvestingActivities": 8181000, "totalCashflowsFromInvestingActivities": -21797000, "dividendsPaid": -24198000, "netBorrowings": 31000, "otherCashflowsFromFinancingActivities": -6026000, "totalCashFromFinancingActivities": -30193000, "changeInCash": 39774000}, {"maxAge": 1, "endDate": "2017-03-31", "netIncome": 61059000, "depreciation": 11342000, "changeToNetincome": -45086000, "changeToAccountReceivables": 9079000, "changeToLiabilities": 54917000, "changeToInventory": -21680000, "changeToOperatingActivities": 1940000, "totalCashFromOperatingActivities": 71703000, "capitalExpenditures": -2347000, "investments": -32191000, "otherCashflowsFromInvestingActivities": 11171000, "totalCashflowsFromInvestingActivities": -23367000, "dividendsPaid": -24198000, "netBorrowings": -15242000, "otherCashflowsFromFinancingActivities": -6802000, "totalCashFromFinancingActivities": -46242000, "changeInCash": 2094000}], "maxAge": 86400}, "institutionOwnership": {"ownershipList": [], "maxAge": 1}, "balanceSheetHistoryQuarterly": {"balanceSheetStatements": [{"maxAge": 1, "endDate": "2020-06-30", "totalStockholderEquity": 1363992000, "netTangibleAssets": 1363992000}, {"maxAge": 1, "endDate": "2020-03-31", "cash": 15887000, "shortTermInvestments": 98092000, "netReceivables": 208228000, "inventory": 344438000, "otherCurrentAssets": 21147000, "totalCurrentAssets": 689383000, "longTermInvestments": 628134000, "propertyPlantEquipment": 273550000, "otherAssets": 16507000, "totalAssets": 1607574000, "accountsPayable": 129544000, "otherCurrentLiab": 24323000, "otherLiab": 67271000, "totalCurrentLiabilities": 176311000, "totalLiab": 243582000, "commonStock": 60496000, "retainedEarnings": 1258523000, "treasuryStock": 2436000, "capitalSurplus": 42537000, "otherStockholderEquity": 2436000, "totalStockholderEquity": 1363992000, "netTangibleAssets": 1363992000}, {"maxAge": 1, "endDate": "2019-12-31", "totalStockholderEquity": 1315600000, "netTangibleAssets": 1315600000}, {"maxAge": 1, "endDate": "2019-09-30", "cash": 109000000, "netReceivables": 215400000, "inventory": 265500000, "otherCurrentAssets": 20300000, "totalCurrentAssets": 610200000, "longTermInvestments": 642400000, "propertyPlantEquipment": 263100000, "totalAssets": 1515700000, "accountsPayable": 89700000, "otherCurrentLiab": 15200000, "otherLiab": 61700000, "totalCurrentLiabilities": 138400000, "totalLiab": 200100000, "commonStock": 60500000, "treasuryStock": 1255100000, "otherStockholderEquity": 1255100000, "totalStockholderEquity": 1315600000, "netTangibleAssets": 1315600000}], "maxAge": 86400}, "earningsHistory": {"history": [{"maxAge": 1, "epsActual": {}, "epsEstimate": {}, "epsDifference": {}, "surprisePercent": {}, "quarter": {}, "period": "-4q"}, {"maxAge": 1, "epsActual": {}, "epsEstimate": {}, "epsDifference": {}, "surprisePercent": {}, "quarter": {}, "period": "-3q"}, {"maxAge": 1, "epsActual": {}, "epsEstimate": {}, "epsDifference": {}, "surprisePercent": {}, "quarter": {}, "period": "-2q"}, {"maxAge": 1, "epsActual": {}, "epsEstimate": {}, "epsDifference": {}, "surprisePercent": {}, "quarter": {}, "period": "-1q"}], "maxAge": 86400}, "indexTrend": {"maxAge": 1, "symbol": "SP5", "peRatio": 19.7411, "pegRatio": 1.34172, "estimates": [{"period": "0q", "growth": 0.549}, {"period": "+1q", "growth": 0.431}, {"period": "0y", "growth": 0.305}, {"period": "+1y", "growth": 0.109}, {"period": "+5y", "growth": 0.120859005}, {"period": "-5y"}]}, "industryTrend": {"maxAge": 1, "symbol": null, "estimates": []}, "insiderTransactions": {"transactions": [{"maxAge": 1, "shares": 3024793, "filerUrl": "", "transactionText": "", "filerName": "Alfamont (Mauritius) Ltd", "filerRelation": "Indirect Shareholder", "moneyText": "", "startDate": "2011-09-29", "ownership": "D"}, {"maxAge": 1, "shares": 3024793, "filerUrl": "", "transactionText": "", "filerName": "Dandavati Investments Trading Company Pvt Ltd", "filerRelation": "Promoter", "moneyText": "", "startDate": "2011-09-29", "ownership": "D"}], "maxAge": 1}, "quoteType": {"exchange": "BSE", "quoteType": "EQUITY", "symbol": "SHAWGELTIN.BO", "underlyingSymbol": "SHAWGELTIN.BO", "shortName": "NARMADA GELATINES LTD.", "longName": "Narmada Gelatines Limited", "firstTradeDateEpochUtc": "2000-01-03 09:15:00", "timeZoneFullName": "Asia/Kolkata", "timeZoneShortName": "IST", "uuid": "1b3746d4-af52-3903-a8e5-bc9db5cadd4a", "gmtOffSetMilliseconds": 19800000, "maxAge": 1}, "incomeStatementHistory": {"incomeStatementHistory": [{"maxAge": 1, "endDate": "2020-03-31", "totalRevenue": 1343213000, "costOfRevenue": 1031158000, "grossProfit": 312055000, "researchDevelopment": {}, "sellingGeneralAdministrative": 116464000, "nonRecurring": {}, "otherOperatingExpenses": 49148000, "totalOperatingExpenses": 1210495000, "operatingIncome": 132718000, "totalOtherIncomeExpenseNet": 45669000, "ebit": 132718000, "interestExpense": -3974000, "incomeBeforeTax": 178387000, "incomeTaxExpense": 49586000, "minorityInterest": {}, "netIncomeFromContinuingOps": 128801000, "discontinuedOperations": {}, "extraordinaryItems": {}, "effectOfAccountingCharges": {}, "otherItems": {}, "netIncome": 128801000, "netIncomeApplicableToCommonShares": 128801000}, {"maxAge": 1, "endDate": "2019-03-31", "totalRevenue": 1257859000, "costOfRevenue": 1003577000, "grossProfit": 254282000, "researchDevelopment": {}, "sellingGeneralAdministrative": 111453000, "nonRecurring": {}, "otherOperatingExpenses": 46216000, "totalOperatingExpenses": 1174391000, "operatingIncome": 83468000, "totalOtherIncomeExpenseNet": 48918000, "ebit": 83468000, "interestExpense": -210000, "incomeBeforeTax": 132386000, "incomeTaxExpense": 31756000, "minorityInterest": {}, "netIncomeFromContinuingOps": 100630000, "discontinuedOperations": {}, "extraordinaryItems": {}, "effectOfAccountingCharges": {}, "otherItems": {}, "netIncome": 100630000, "netIncomeApplicableToCommonShares": 100630000}, {"maxAge": 1, "endDate": "2018-03-31", "totalRevenue": 1176774000, "costOfRevenue": 966874000, "grossProfit": 209900000, "researchDevelopment": {}, "sellingGeneralAdministrative": 101420000, "nonRecurring": {}, "otherOperatingExpenses": 44537000, "totalOperatingExpenses": 1124344000, "operatingIncome": 52430000, "totalOtherIncomeExpenseNet": 32562000, "ebit": 52430000, "interestExpense": -144000, "incomeBeforeTax": 84992000, "incomeTaxExpense": 4623000, "minorityInterest": {}, "netIncomeFromContinuingOps": 80369000, "discontinuedOperations": {}, "extraordinaryItems": {}, "effectOfAccountingCharges": {}, "otherItems": {}, "netIncome": 80369000, "netIncomeApplicableToCommonShares": 80369000}, {"maxAge": 1, "endDate": "2017-03-31", "totalRevenue": 1128997000, "costOfRevenue": 931261000, "grossProfit": 197736000, "researchDevelopment": {}, "sellingGeneralAdministrative": 102264000, "nonRecurring": {}, "otherOperatingExpenses": 47289000, "totalOperatingExpenses": 1092288000, "operatingIncome": 36709000, "totalOtherIncomeExpenseNet": 46522000, "ebit": 36709000, "interestExpense": -359000, "incomeBeforeTax": 83231000, "incomeTaxExpense": 22172000, "minorityInterest": {}, "netIncomeFromContinuingOps": 61059000, "discontinuedOperations": {}, "extraordinaryItems": {}, "effectOfAccountingCharges": {}, "otherItems": {}, "netIncome": 61059000, "netIncomeApplicableToCommonShares": 61059000}], "maxAge": 86400}, "fundOwnership": {"ownershipList": [], "maxAge": 1}, "summaryDetail": {"maxAge": 1, "priceHint": 2, "previousClose": 163.5, "open": 164.95, "dayLow": 163.3, "dayHigh": 168.75, "regularMarketPreviousClose": 163.5, "regularMarketOpen": 164.95, "regularMarketDayLow": 163.3, "regularMarketDayHigh": 168.75, "trailingPE": 7.9553647, "volume": 4539, "regularMarketVolume": 4539, "averageVolume": 2777, "averageVolume10days": 1566, "averageDailyVolume10Day": 1566, "bid": 164.25, "ask": 165.95, "bidSize": 0, "askSize": 0, "marketCap": 1000602176, "fiftyTwoWeekLow": 109.0, "fiftyTwoWeekHigh": 208.0, "fiftyDayAverage": 163.82727, "twoHundredDayAverage": 170.09926, "trailingAnnualDividendRate": 10.0, "trailingAnnualDividendYield": 0.06116208, "currency": "INR", "fromCurrency": null, "lastMarket": null, "algorithm": null, "tradeable": false}, "sectorTrend": {"maxAge": 1, "symbol": null, "estimates": []}, "incomeStatementHistoryQuarterly": {"incomeStatementHistory": [{"maxAge": 1, "endDate": "2020-06-30", "totalRevenue": 256700000, "costOfRevenue": 190800000, "grossProfit": 65900000, "researchDevelopment": {}, "sellingGeneralAdministrative": 25800000, "nonRecurring": {}, "otherOperatingExpenses": 16700000, "totalOperatingExpenses": 236900000, "operatingIncome": 19800000, "totalOtherIncomeExpenseNet": 22300000, "ebit": 19800000, "interestExpense": -500000, "incomeBeforeTax": 42100000, "incomeTaxExpense": 8500000, "minorityInterest": {}, "netIncomeFromContinuingOps": 33600000, "discontinuedOperations": {}, "extraordinaryItems": {}, "effectOfAccountingCharges": {}, "otherItems": {}, "netIncome": 33600000, "netIncomeApplicableToCommonShares": 33600000}, {"maxAge": 1, "endDate": "2020-03-31", "totalRevenue": 344713000, "costOfRevenue": 285758000, "grossProfit": 58955000, "researchDevelopment": {}, "sellingGeneralAdministrative": 32964000, "nonRecurring": {}, "otherOperatingExpenses": -11052000, "totalOperatingExpenses": 311295000, "operatingIncome": 33418000, "totalOtherIncomeExpenseNet": 569000, "ebit": 33418000, "interestExpense": -2574000, "incomeBeforeTax": 33987000, "incomeTaxExpense": 6686000, "minorityInterest": {}, "netIncomeFromContinuingOps": 27301000, "discontinuedOperations": {}, "extraordinaryItems": {}, "effectOfAccountingCharges": {}, "otherItems": {}, "netIncome": 27301000, "netIncomeApplicableToCommonShares": 27301000}, {"maxAge": 1, "endDate": "2019-12-31", "totalRevenue": 325200000, "costOfRevenue": 244700000, "grossProfit": 80500000, "researchDevelopment": {}, "sellingGeneralAdministrative": 27700000, "nonRecurring": {}, "otherOperatingExpenses": 21100000, "totalOperatingExpenses": 296900000, "operatingIncome": 28300000, "totalOtherIncomeExpenseNet": 16800000, "ebit": 28300000, "interestExpense": -600000, "incomeBeforeTax": 45100000, "incomeTaxExpense": 24300000, "minorityInterest": {}, "netIncomeFromContinuingOps": 20800000, "discontinuedOperations": {}, "extraordinaryItems": {}, "effectOfAccountingCharges": {}, "otherItems": {}, "netIncome": 20800000, "netIncomeApplicableToCommonShares": 20800000}, {"maxAge": 1, "endDate": "2019-09-30", "totalRevenue": 330800000, "costOfRevenue": 247400000, "grossProfit": 83400000, "researchDevelopment": {}, "sellingGeneralAdministrative": 28400000, "nonRecurring": {}, "otherOperatingExpenses": 19800000, "totalOperatingExpenses": 299000000, "operatingIncome": 31800000, "totalOtherIncomeExpenseNet": 13500000, "ebit": 31800000, "interestExpense": -500000, "incomeBeforeTax": 45300000, "incomeTaxExpense": 1200000, "minorityInterest": {}, "netIncomeFromContinuingOps": 44100000, "discontinuedOperations": {}, "extraordinaryItems": {}, "effectOfAccountingCharges": {}, "otherItems": {}, "netIncome": 44100000, "netIncomeApplicableToCommonShares": 44100000}], "maxAge": 86400}, "cashflowStatementHistoryQuarterly": {"cashflowStatements": [{"maxAge": 1, "endDate": "2020-06-30", "netIncome": 33600000, "changeToLiabilities": 0}, {"maxAge": 1, "endDate": "2020-03-31", "netIncome": 27301000, "changeToLiabilities": 0}, {"maxAge": 1, "endDate": "2019-12-31", "netIncome": 20800000, "changeToLiabilities": 0}, {"maxAge": 1, "endDate": "2019-09-30", "netIncome": 44100000, "changeToLiabilities": 0}], "maxAge": 86400}, "insiderHolders": {"holders": [{"maxAge": 1, "name": "Alfamont (Mauritius) Ltd", "relation": "Indirect Shareholder", "url": "", "transactionDescription": "Acquisition", "latestTransDate": "2011-09-29", "positionDirect": 3024793, "positionDirectDate": "2011-09-29"}, {"maxAge": 1, "name": "Dandavati Investments Trading Company Pvt Ltd", "relation": "Promoter", "url": "", "transactionDescription": "Sale", "latestTransDate": "2011-09-29", "positionDirect": 0, "positionDirectDate": "2011-09-29"}], "maxAge": 1}, "earnings": {"maxAge": 86400, "earningsChart": {"quarterly": [], "earningsDate": []}, "financialsChart": {"yearly": [{"date": 2017, "revenue": 1128997000, "earnings": 61059000}, {"date": 2018, "revenue": 1176774000, "earnings": 80369000}, {"date": 2019, "revenue": 1257859000, "earnings": 100630000}, {"date": 2020, "revenue": 1343213000, "earnings": 128801000}], "quarterly": [{"date": "3Q2019", "revenue": 330800000, "earnings": 44100000}, {"date": "4Q2019", "revenue": 325200000, "earnings": 20800000}, {"date": "1Q2020", "revenue": 344713000, "earnings": 27301000}, {"date": "2Q2020", "revenue": 256700000, "earnings": 33600000}]}, "financialCurrency": "INR"}, "calendarEvents": {"maxAge": 1, "earnings": {"earningsDate": []}}, "upgradeDowngradeHistory": {"history": [], "maxAge": 86400}, "price": {"maxAge": 1, "regularMarketChangePercent": 0.011620757, "regularMarketChange": 1.8999939, "regularMarketTime": "2021-04-30 15:29:40", "priceHint": 2, "regularMarketPrice": 165.4, "regularMarketDayHigh": 168.75, "regularMarketDayLow": 163.3, "regularMarketVolume": 4539, "averageDailyVolume10Day": 1566, "averageDailyVolume3Month": 2777, "regularMarketPreviousClose": 163.5, "regularMarketSource": "FREE_REALTIME", "regularMarketOpen": 164.95, "exchange": "BSE", "exchangeName": "BSE", "exchangeDataDelayedBy": 0, "marketState": "CLOSED", "quoteType": "EQUITY", "symbol": "SHAWGELTIN.BO", "underlyingSymbol": null, "shortName": "NARMADA GELATINES LTD.", "longName": "Narmada Gelatines Limited", "currency": "INR", "quoteSourceName": "Delayed Quote", "currencySymbol": "\u20b9", "fromCurrency": null, "lastMarket": null, "marketCap": 1000602176}, "balanceSheetHistory": {"balanceSheetStatements": [{"maxAge": 1, "endDate": "2020-03-31", "cash": 15887000, "shortTermInvestments": 98092000, "netReceivables": 208228000, "inventory": 344438000, "otherCurrentAssets": 21147000, "totalCurrentAssets": 689383000, "longTermInvestments": 628134000, "propertyPlantEquipment": 273550000, "otherAssets": 16507000, "totalAssets": 1607574000, "accountsPayable": 129544000, "otherCurrentLiab": 24323000, "otherLiab": 67271000, "totalCurrentLiabilities": 176311000, "totalLiab": 243582000, "commonStock": 60496000, "retainedEarnings": 1258523000, "treasuryStock": 2436000, "capitalSurplus": 42537000, "otherStockholderEquity": 2436000, "totalStockholderEquity": 1363992000, "netTangibleAssets": 1363992000}, {"maxAge": 1, "endDate": "2019-03-31", "cash": 15103000, "shortTermInvestments": 225902000, "netReceivables": 196819000, "inventory": 287711000, "otherCurrentAssets": 21213000, "totalCurrentAssets": 747691000, "longTermInvestments": 527693000, "propertyPlantEquipment": 253421000, "intangibleAssets": 13000, "otherAssets": 16940000, "totalAssets": 1545758000, "accountsPayable": 123497000, "otherCurrentLiab": 8750000, "otherLiab": 64903000, "totalCurrentLiabilities": 173017000, "totalLiab": 237920000, "commonStock": 60496000, "retainedEarnings": 1202653000, "treasuryStock": 2152000, "capitalSurplus": 42537000, "otherStockholderEquity": 2152000, "totalStockholderEquity": 1307838000, "netTangibleAssets": 1307825000}, {"maxAge": 1, "endDate": "2018-03-31", "cash": 26419000, "shortTermInvestments": 104072000, "netReceivables": 199970000, "inventory": 295229000, "otherCurrentAssets": 26775000, "totalCurrentAssets": 653817000, "longTermInvestments": 493188000, "propertyPlantEquipment": 253442000, "intangibleAssets": 58000, "otherAssets": 387000, "totalAssets": 1400892000, "accountsPayable": 82703000, "otherCurrentLiab": 6048000, "otherLiab": 55876000, "totalCurrentLiabilities": 107069000, "totalLiab": 162945000, "commonStock": 60496000, "retainedEarnings": 1131215000, "treasuryStock": 3699000, "capitalSurplus": 42537000, "otherStockholderEquity": 3699000, "totalStockholderEquity": 1237947000, "netTangibleAssets": 1237889000}, {"maxAge": 1, "endDate": "2017-03-31", "cash": 15044000, "shortTermInvestments": 207051000, "netReceivables": 167467000, "inventory": 382283000, "otherCurrentAssets": 49006000, "totalCurrentAssets": 821780000, "longTermInvestments": 360419000, "propertyPlantEquipment": 215245000, "intangibleAssets": 160000, "otherAssets": 819000, "totalAssets": 1398423000, "accountsPayable": 102740000, "otherCurrentLiab": 25195000, "otherLiab": 64587000, "totalCurrentLiabilities": 148657000, "totalLiab": 213244000, "commonStock": 60496000, "retainedEarnings": 1079969000, "treasuryStock": 2177000, "capitalSurplus": 42537000, "otherStockholderEquity": 2177000, "totalStockholderEquity": 1185179000, "netTangibleAssets": 1185019000}], "maxAge": 86400}, "earningsTrend": {"trend": [{"maxAge": 1, "period": "0q", "endDate": null, "growth": {}, "earningsEstimate": {"avg": 0.0, "low": 0.0, "high": 0.0, "yearAgoEps": {}, "numberOfAnalysts": 0, "growth": {}}, "revenueEstimate": {"avg": 0, "low": 0, "high": 0, "numberOfAnalysts": 0, "yearAgoRevenue": {}, "growth": {}}, "epsTrend": {"current": 0.0, "7daysAgo": 0.0, "30daysAgo": 0.0, "60daysAgo": 0.0, "90daysAgo": 0.0}, "epsRevisions": {"upLast7days": 0, "upLast30days": 0, "downLast30days": 0, "downLast90days": {}}}, {"maxAge": 1, "period": "+1q", "endDate": null, "growth": {}, "earningsEstimate": {"avg": 0.0, "low": 0.0, "high": 0.0, "yearAgoEps": {}, "numberOfAnalysts": 0, "growth": {}}, "revenueEstimate": {"avg": 0, "low": 0, "high": 0, "numberOfAnalysts": 0, "yearAgoRevenue": {}, "growth": {}}, "epsTrend": {"current": 0.0, "7daysAgo": 0.0, "30daysAgo": 0.0, "60daysAgo": 0.0, "90daysAgo": 0.0}, "epsRevisions": {"upLast7days": 0, "upLast30days": 0, "downLast30days": 0, "downLast90days": {}}}, {"maxAge": 1, "period": "0y", "endDate": null, "growth": {}, "earningsEstimate": {"avg": 0.0, "low": 0.0, "high": 0.0, "yearAgoEps": {}, "numberOfAnalysts": 0, "growth": {}}, "revenueEstimate": {"avg": 0, "low": 0, "high": 0, "numberOfAnalysts": 0, "yearAgoRevenue": {}, "growth": {}}, "epsTrend": {"current": 0.0, "7daysAgo": 0.0, "30daysAgo": 0.0, "60daysAgo": 0.0, "90daysAgo": 0.0}, "epsRevisions": {"upLast7days": 0, "upLast30days": 0, "downLast30days": 0, "downLast90days": {}}}, {"maxAge": 1, "period": "+1y", "endDate": null, "growth": {}, "earningsEstimate": {"avg": 0.0, "low": 0.0, "high": 0.0, "yearAgoEps": {}, "numberOfAnalysts": 0, "growth": {}}, "revenueEstimate": {"avg": 0, "low": 0, "high": 0, "numberOfAnalysts": 0, "yearAgoRevenue": {}, "growth": {}}, "epsTrend": {"current": 0.0, "7daysAgo": 0.0, "30daysAgo": 0.0, "60daysAgo": 0.0, "90daysAgo": 0.0}, "epsRevisions": {"upLast7days": 0, "upLast30days": 0, "downLast30days": 0, "downLast90days": {}}}, {"maxAge": 1, "period": "+5y", "endDate": null, "growth": {}, "earningsEstimate": {"avg": {}, "low": {}, "high": {}, "yearAgoEps": {}, "numberOfAnalysts": {}, "growth": {}}, "revenueEstimate": {"avg": {}, "low": {}, "high": {}, "numberOfAnalysts": {}, "yearAgoRevenue": {}, "growth": {}}, "epsTrend": {"current": {}, "7daysAgo": {}, "30daysAgo": {}, "60daysAgo": {}, "90daysAgo": {}}, "epsRevisions": {"upLast7days": {}, "upLast30days": {}, "downLast30days": {}, "downLast90days": {}}}, {"maxAge": 1, "period": "-5y", "endDate": null, "growth": {}, "earningsEstimate": {"avg": {}, "low": {}, "high": {}, "yearAgoEps": {}, "numberOfAnalysts": {}, "growth": {}}, "revenueEstimate": {"avg": {}, "low": {}, "high": {}, "numberOfAnalysts": {}, "yearAgoRevenue": {}, "growth": {}}, "epsTrend": {"current": {}, "7daysAgo": {}, "30daysAgo": {}, "60daysAgo": {}, "90daysAgo": {}}, "epsRevisions": {"upLast7days": {}, "upLast30days": {}, "downLast30days": {}, "downLast90days": {}}}], "maxAge": 1}, "financialData": {"maxAge": 86400, "currentPrice": 165.4, "targetHighPrice": 228.67, "targetLowPrice": 228.67, "targetMeanPrice": 228.67, "targetMedianPrice": 228.67, "recommendationKey": "none", "numberOfAnalystOpinions": 1, "grossProfits": 312055000, "financialCurrency": "INR"}}}