{"SHBAJRG.BO": {"cashflowStatementHistory": {"cashflowStatements": [{"maxAge": 1, "endDate": "2020-03-31", "netIncome": 139849000, "depreciation": 2802000, "changeToNetincome": -72633000, "changeToAccountReceivables": -434572000, "changeToLiabilities": 360886000, "changeToInventory": 101573000, "changeToOperatingActivities": 187311000, "totalCashFromOperatingActivities": 285216000, "capitalExpenditures": -304054000, "totalCashflowsFromInvestingActivities": -303244000, "netBorrowings": 63079000, "otherCashflowsFromFinancingActivities": -44465000, "totalCashFromFinancingActivities": 18614000, "changeInCash": 587000}, {"maxAge": 1, "endDate": "2019-03-31", "netIncome": 14377000, "depreciation": 7115000, "changeToNetincome": 29561000, "changeToAccountReceivables": 47354000, "changeToLiabilities": 72639000, "changeToInventory": -164992000, "changeToOperatingActivities": -89602000, "totalCashFromOperatingActivities": -83548000, "capitalExpenditures": -12595000, "totalCashflowsFromInvestingActivities": -11597000, "netBorrowings": -51835000, "otherCashflowsFromFinancingActivities": 146995000, "totalCashFromFinancingActivities": 95160000, "changeInCash": 15000}, {"maxAge": 1, "endDate": "2018-03-31", "netIncome": 11756000, "depreciation": 7434000, "changeToNetincome": 19279000, "changeToAccountReceivables": -6682000, "changeToLiabilities": 23898000, "changeToInventory": -36647000, "changeToOperatingActivities": 106926000, "totalCashFromOperatingActivities": 125964000, "capitalExpenditures": -8763000, "otherCashflowsFromInvestingActivities": 5000, "totalCashflowsFromInvestingActivities": -8758000, "netBorrowings": -137861000, "otherCashflowsFromFinancingActivities": 20671000, "totalCashFromFinancingActivities": -117190000, "changeInCash": 16000}, {"maxAge": 1, "endDate": "2017-03-31", "netIncome": 24698737, "depreciation": 3659262, "changeToNetincome": 11930507, "changeToAccountReceivables": 134014068, "changeToLiabilities": -11364664, "changeToInventory": -56857528, "changeToOperatingActivities": -90475943, "totalCashFromOperatingActivities": 15604439, "capitalExpenditures": -2431769, "otherCashflowsFromInvestingActivities": 5000, "totalCashflowsFromInvestingActivities": -1976769, "netBorrowings": -28528709, "otherCashflowsFromFinancingActivities": 10679353, "totalCashFromFinancingActivities": -17849356, "changeInCash": -4221687}], "maxAge": 86400}, "institutionOwnership": {"ownershipList": [], "maxAge": 1}, "balanceSheetHistoryQuarterly": {"balanceSheetStatements": [{"maxAge": 1, "endDate": "2020-06-30", "totalStockholderEquity": 1172936000, "netTangibleAssets": 1163510000}, {"maxAge": 1, "endDate": "2020-03-31", "cash": 3273000, "shortTermInvestments": 568000, "netReceivables": 525408000, "inventory": 284011000, "otherCurrentAssets": 79537000, "totalCurrentAssets": 892797000, "longTermInvestments": 863765000, "propertyPlantEquipment": 366153000, "intangibleAssets": 9426000, "otherAssets": 19551000, "totalAssets": 2151692000, "accountsPayable": 458295000, "otherCurrentLiab": 46869000, "longTermDebt": 63079000, "otherLiab": 4977000, "totalCurrentLiabilities": 910700000, "totalLiab": 978756000, "commonStock": 90000000, "treasuryStock": 1082936000, "otherStockholderEquity": 1082936000, "totalStockholderEquity": 1172936000, "netTangibleAssets": 1163510000}, {"maxAge": 1, "endDate": "2019-12-31", "totalStockholderEquity": 1100871000, "netTangibleAssets": 1100871000}, {"maxAge": 1, "endDate": "2019-09-30", "cash": 1000000, "netReceivables": 155370000, "inventory": 318419000, "otherCurrentAssets": 61714000, "totalCurrentAssets": 536503000, "longTermInvestments": 786651000, "propertyPlantEquipment": 99724000, "otherAssets": 3356000, "totalAssets": 1426234000, "accountsPayable": 29997000, "otherCurrentLiab": 9415000, "longTermDebt": 36090000, "otherLiab": 5523000, "totalCurrentLiabilities": 283750000, "totalLiab": 325363000, "commonStock": 90000000, "treasuryStock": 1010871000, "otherStockholderEquity": 1010871000, "totalStockholderEquity": 1100871000, "netTangibleAssets": 1100871000}], "maxAge": 86400}, "indexTrend": {"maxAge": 1, "symbol": "SP5", "peRatio": 19.7411, "pegRatio": 1.34172, "estimates": [{"period": "0q", "growth": 0.549}, {"period": "+1q", "growth": 0.431}, {"period": "0y", "growth": 0.305}, {"period": "+1y", "growth": 0.109}, {"period": "+5y", "growth": 0.120859005}, {"period": "-5y"}]}, "insiderTransactions": {"transactions": [{"maxAge": 1, "shares": 21234, "filerUrl": "", "transactionText": "", "filerName": "Goel (Anand)", "filerRelation": "Managing Director", "moneyText": "", "startDate": "2010-06-24", "ownership": "D"}, {"maxAge": 1, "shares": 1400, "filerUrl": "", "transactionText": "", "filerName": "Goel (Anand)", "filerRelation": "Managing Director", "moneyText": "", "startDate": "2010-06-21", "ownership": "D"}, {"maxAge": 1, "shares": 2000, "filerUrl": "", "transactionText": "", "filerName": "Goel (Anand)", "filerRelation": "Managing Director", "moneyText": "", "startDate": "2010-06-17", "ownership": "D"}, {"maxAge": 1, "shares": 8750, "filerUrl": "", "transactionText": "", "filerName": "Goel (Anand)", "filerRelation": "Managing Director", "moneyText": "", "startDate": "2010-06-04", "ownership": "D"}, {"maxAge": 1, "shares": 4000, "filerUrl": "", "transactionText": "", "filerName": "Goel (Anand)", "filerRelation": "Managing Director", "moneyText": "", "startDate": "2010-05-31", "ownership": "D"}, {"maxAge": 1, "shares": 2000, "filerUrl": "", "transactionText": "", "filerName": "Goel (Anand)", "filerRelation": "Managing Director", "moneyText": "", "startDate": "2010-04-16", "ownership": "D"}, {"maxAge": 1, "shares": 10000, "filerUrl": "", "transactionText": "", "filerName": "Goel (Anand)", "filerRelation": "Managing Director", "moneyText": "", "startDate": "2010-04-13", "ownership": "D"}, {"maxAge": 1, "shares": 5000, "filerUrl": "", "transactionText": "", "filerName": "Goel (Anand)", "filerRelation": "Managing Director", "moneyText": "", "startDate": "2010-03-26", "ownership": "D"}, {"maxAge": 1, "shares": 6000, "filerUrl": "", "transactionText": "", "filerName": "Goel (Anand)", "filerRelation": "Managing Director", "moneyText": "", "startDate": "2010-03-17", "ownership": "D"}, {"maxAge": 1, "shares": 15000, "filerUrl": "", "transactionText": "", "filerName": "Goel (Anand)", "filerRelation": "Managing Director", "moneyText": "", "startDate": "2010-03-11", "ownership": "D"}, {"maxAge": 1, "shares": 10000, "filerUrl": "", "transactionText": "", "filerName": "Goel (Anand)", "filerRelation": "Managing Director", "moneyText": "", "startDate": "2010-03-08", "ownership": "D"}, {"maxAge": 1, "shares": 10000, "filerUrl": "", "transactionText": "", "filerName": "Goel (Anand)", "filerRelation": "Managing Director", "moneyText": "", "startDate": "2010-03-05", "ownership": "D"}, {"maxAge": 1, "shares": 1000, "filerUrl": "", "transactionText": "", "filerName": "Goel (Anand)", "filerRelation": "Managing Director", "moneyText": "", "startDate": "2010-02-11", "ownership": "D"}, {"maxAge": 1, "shares": 4000, "filerUrl": "", "transactionText": "", "filerName": "Goel (Anand)", "filerRelation": "Managing Director", "moneyText": "", "startDate": "2010-02-08", "ownership": "D"}, {"maxAge": 1, "shares": 3500, "filerUrl": "", "transactionText": "", "filerName": "Goel (Anand)", "filerRelation": "Managing Director", "moneyText": "", "startDate": "2010-02-04", "ownership": "D"}, {"maxAge": 1, "shares": 2500, "filerUrl": "", "transactionText": "", "filerName": "Goel (Anand)", "filerRelation": "Managing Director", "moneyText": "", "startDate": "2010-02-01", "ownership": "D"}, {"maxAge": 1, "shares": 4000, "filerUrl": "", "transactionText": "", "filerName": "Goel (Anand)", "filerRelation": "Managing Director", "moneyText": "", "startDate": "2010-01-29", "ownership": "D"}, {"maxAge": 1, "shares": 3000, "filerUrl": "", "transactionText": "", "filerName": "Goel (Anand)", "filerRelation": "Managing Director", "moneyText": "", "startDate": "2010-01-25", "ownership": "D"}, {"maxAge": 1, "shares": 11100, "filerUrl": "", "transactionText": "", "filerName": "Goel (Anand)", "filerRelation": "Managing Director", "moneyText": "", "startDate": "2010-01-22", "ownership": "D"}, {"maxAge": 1, "shares": 500, "filerUrl": "", "transactionText": "", "filerName": "Goel (Anand)", "filerRelation": "Managing Director", "moneyText": "", "startDate": "2010-01-15", "ownership": "D"}, {"maxAge": 1, "shares": 1000, "filerUrl": "", "transactionText": "", "filerName": "Goel (Anand)", "filerRelation": "Managing Director", "moneyText": "", "startDate": "2010-01-13", "ownership": "D"}, {"maxAge": 1, "shares": 1000, "filerUrl": "", "transactionText": "", "filerName": "Goel (Anand)", "filerRelation": "Managing Director", "moneyText": "", "startDate": "2010-01-11", "ownership": "D"}, {"maxAge": 1, "shares": 500, "filerUrl": "", "transactionText": "", "filerName": "Goel (Anand)", "filerRelation": "Managing Director", "moneyText": "", "startDate": "2010-01-06", "ownership": "D"}, {"maxAge": 1, "shares": 9000, "filerUrl": "", "transactionText": "", "filerName": "Goel (Anand)", "filerRelation": "Managing Director", "moneyText": "", "startDate": "2010-01-05", "ownership": "D"}, {"maxAge": 1, "shares": 500, "filerUrl": "", "transactionText": "", "filerName": "Goel (Anand)", "filerRelation": "Managing Director", "moneyText": "", "startDate": "2009-12-31", "ownership": "D"}, {"maxAge": 1, "shares": 1000, "filerUrl": "", "transactionText": "", "filerName": "Goel (Anand)", "filerRelation": "Managing Director", "moneyText": "", "startDate": "2009-12-29", "ownership": "D"}, {"maxAge": 1, "shares": 500, "filerUrl": "", "transactionText": "", "filerName": "Goel (Anand)", "filerRelation": "Managing Director", "moneyText": "", "startDate": "2009-12-24", "ownership": "D"}, {"maxAge": 1, "shares": 500, "filerUrl": "", "transactionText": "", "filerName": "Goel (Anand)", "filerRelation": "Managing Director", "moneyText": "", "startDate": "2009-12-18", "ownership": "D"}, {"maxAge": 1, "shares": 1500, "filerUrl": "", "transactionText": "", "filerName": "Goel (Anand)", "filerRelation": "Managing Director", "moneyText": "", "startDate": "2009-12-17", "ownership": "D"}, {"maxAge": 1, "shares": 500, "filerUrl": "", "transactionText": "", "filerName": "Goel (Anand)", "filerRelation": "Managing Director", "moneyText": "", "startDate": "2009-12-14", "ownership": "D"}, {"maxAge": 1, "shares": 2500, "filerUrl": "", "transactionText": "", "filerName": "Goel (Anand)", "filerRelation": "Managing Director", "moneyText": "", "startDate": "2009-12-10", "ownership": "D"}, {"maxAge": 1, "shares": 1500, "filerUrl": "", "transactionText": "", "filerName": "Goel (Anand)", "filerRelation": "Managing Director", "moneyText": "", "startDate": "2009-12-09", "ownership": "D"}, {"maxAge": 1, "shares": 1000, "filerUrl": "", "transactionText": "", "filerName": "Goel (Anand)", "filerRelation": "Managing Director", "moneyText": "", "startDate": "2009-12-03", "ownership": "D"}, {"maxAge": 1, "shares": 2000, "filerUrl": "", "transactionText": "", "filerName": "Goel (Anand)", "filerRelation": "Managing Director", "moneyText": "", "startDate": "2009-12-02", "ownership": "D"}, {"maxAge": 1, "shares": 500, "filerUrl": "", "transactionText": "", "filerName": "Goel (Anand)", "filerRelation": "Managing Director", "moneyText": "", "startDate": "2009-11-27", "ownership": "D"}, {"maxAge": 1, "shares": 1000, "filerUrl": "", "transactionText": "", "filerName": "Goel (Anand)", "filerRelation": "Managing Director", "moneyText": "", "startDate": "2009-11-23", "ownership": "D"}, {"maxAge": 1, "shares": 1500, "filerUrl": "", "transactionText": "", "filerName": "Goel (Anand)", "filerRelation": "Managing Director", "moneyText": "", "startDate": "2009-11-19", "ownership": "D"}, {"maxAge": 1, "shares": 1000, "filerUrl": "", "transactionText": "", "filerName": "Goel (Anand)", "filerRelation": "Managing Director", "moneyText": "", "startDate": "2009-11-17", "ownership": "D"}, {"maxAge": 1, "shares": 1500, "filerUrl": "", "transactionText": "", "filerName": "Goel (Anand)", "filerRelation": "Managing Director", "moneyText": "", "startDate": "2009-11-10", "ownership": "D"}, {"maxAge": 1, "shares": 500, "filerUrl": "", "transactionText": "", "filerName": "Goel (Anand)", "filerRelation": "Managing Director", "moneyText": "", "startDate": "2009-11-06", "ownership": "D"}, {"maxAge": 1, "shares": 1000, "filerUrl": "", "transactionText": "", "filerName": "Goel (Anand)", "filerRelation": "Managing Director", "moneyText": "", "startDate": "2009-11-03", "ownership": "D"}, {"maxAge": 1, "shares": 500, "filerUrl": "", "transactionText": "", "filerName": "Goel (Anand)", "filerRelation": "Managing Director", "moneyText": "", "startDate": "2009-10-16", "ownership": "D"}, {"maxAge": 1, "shares": 3000, "filerUrl": "", "transactionText": "", "filerName": "Goel (Anand)", "filerRelation": "Managing Director", "moneyText": "", "startDate": "2009-10-08", "ownership": "D"}, {"maxAge": 1, "shares": 500, "filerUrl": "", "transactionText": "", "filerName": "Goel (Anand)", "filerRelation": "Managing Director", "moneyText": "", "startDate": "2009-10-06", "ownership": "D"}, {"maxAge": 1, "shares": 1500, "filerUrl": "", "transactionText": "", "filerName": "Goel (Anand)", "filerRelation": "Managing Director", "moneyText": "", "startDate": "2009-09-30", "ownership": "D"}, {"maxAge": 1, "shares": 187985, "filerUrl": "", "transactionText": "", "filerName": "Goel (Anand)", "filerRelation": "Managing Director", "moneyText": "", "startDate": "2009-09-25", "ownership": "D"}, {"maxAge": 1, "shares": 182985, "filerUrl": "", "transactionText": "", "filerName": "Goel (Anand)", "filerRelation": "Managing Director", "moneyText": "", "startDate": "2009-08-31", "ownership": "D"}, {"maxAge": 1, "shares": 1500, "filerUrl": "", "transactionText": "", "filerName": "Goel (Anand)", "filerRelation": "Managing Director", "moneyText": "", "startDate": "2009-08-28", "ownership": "D"}], "maxAge": 1}, "quoteType": {"exchange": "BSE", "quoteType": "EQUITY", "symbol": "SHBAJRG.BO", "underlyingSymbol": "SHBAJRG.BO", "shortName": "SHRI BAJRANG ALLIANCE LIMITED", "longName": "Shri Bajrang Alloys Limited", "firstTradeDateEpochUtc": "2006-05-29 09:15:00", "timeZoneFullName": "Asia/Kolkata", "timeZoneShortName": "IST", "uuid": "30c8f92a-259c-34a3-b514-e7f834f2f124", "gmtOffSetMilliseconds": 19800000, "maxAge": 1}, "incomeStatementHistory": {"incomeStatementHistory": [{"maxAge": 1, "endDate": "2020-03-31", "totalRevenue": 1745558000, "costOfRevenue": 1548614000, "grossProfit": 196944000, "researchDevelopment": {}, "sellingGeneralAdministrative": 36530000, "nonRecurring": {}, "otherOperatingExpenses": 127279000, "totalOperatingExpenses": 1715225000, "operatingIncome": 30333000, "totalOtherIncomeExpenseNet": 112754000, "ebit": 30333000, "interestExpense": -20875000, "incomeBeforeTax": 143087000, "incomeTaxExpense": 3238000, "minorityInterest": {}, "netIncomeFromContinuingOps": 139849000, "discontinuedOperations": {}, "extraordinaryItems": {}, "effectOfAccountingCharges": {}, "otherItems": {}, "netIncome": 139849000, "netIncomeApplicableToCommonShares": 139849000}, {"maxAge": 1, "endDate": "2019-03-31", "totalRevenue": 1569999000, "costOfRevenue": 1410450000, "grossProfit": 159549000, "researchDevelopment": {}, "sellingGeneralAdministrative": 21584000, "nonRecurring": {}, "otherOperatingExpenses": 88786000, "totalOperatingExpenses": 1527919000, "operatingIncome": 42080000, "totalOtherIncomeExpenseNet": -27941000, "ebit": 42080000, "interestExpense": -27361000, "incomeBeforeTax": 14139000, "incomeTaxExpense": -238000, "minorityInterest": {}, "netIncomeFromContinuingOps": 14377000, "discontinuedOperations": {}, "extraordinaryItems": {}, "effectOfAccountingCharges": {}, "otherItems": {}, "netIncome": 14377000, "netIncomeApplicableToCommonShares": 14377000}, {"maxAge": 1, "endDate": "2018-03-31", "totalRevenue": 1005672000, "costOfRevenue": 860068000, "grossProfit": 145604000, "researchDevelopment": {}, "sellingGeneralAdministrative": 16428000, "nonRecurring": {}, "otherOperatingExpenses": 66584000, "totalOperatingExpenses": 968014000, "operatingIncome": 37658000, "totalOtherIncomeExpenseNet": -21176000, "ebit": 37658000, "interestExpense": -20672000, "incomeBeforeTax": 16482000, "incomeTaxExpense": 4726000, "minorityInterest": {}, "netIncomeFromContinuingOps": 11756000, "discontinuedOperations": {}, "extraordinaryItems": {}, "effectOfAccountingCharges": {}, "otherItems": {}, "netIncome": 11756000, "netIncomeApplicableToCommonShares": 11756000}, {"maxAge": 1, "endDate": "2017-03-31", "totalRevenue": 746041221, "costOfRevenue": 640901725, "grossProfit": 105139496, "researchDevelopment": {}, "sellingGeneralAdministrative": 9125223, "nonRecurring": {}, "otherOperatingExpenses": 53844504, "totalOperatingExpenses": 707514832, "operatingIncome": 38526389, "totalOtherIncomeExpenseNet": -11195353, "ebit": 38526389, "interestExpense": -26643045, "incomeBeforeTax": 27331036, "incomeTaxExpense": 2632299, "minorityInterest": {}, "netIncomeFromContinuingOps": 24698737, "discontinuedOperations": {}, "extraordinaryItems": {}, "effectOfAccountingCharges": {}, "otherItems": {}, "netIncome": 24698737, "netIncomeApplicableToCommonShares": 24698737}], "maxAge": 86400}, "fundOwnership": {"ownershipList": [], "maxAge": 1}, "summaryDetail": {"maxAge": 1, "priceHint": 2, "previousClose": 163.75, "open": 165.0, "dayLow": 158.2, "dayHigh": 167.0, "regularMarketPreviousClose": 163.75, "regularMarketOpen": 165.0, "regularMarketDayLow": 158.2, "regularMarketDayHigh": 167.0, "trailingPE": 21.872446, "volume": 11696, "regularMarketVolume": 11696, "averageVolume": 6403, "averageVolume10days": 1858, "averageDailyVolume10Day": 1858, "bid": 160.0, "ask": 160.5, "bidSize": 0, "askSize": 0, "marketCap": 1444499968, "fiftyTwoWeekLow": 16.1, "fiftyTwoWeekHigh": 167.0, "fiftyDayAverage": 66.73182, "twoHundredDayAverage": 55.474266, "currency": "INR", "fromCurrency": null, "lastMarket": null, "algorithm": null, "tradeable": false}, "incomeStatementHistoryQuarterly": {"incomeStatementHistory": [{"maxAge": 1, "endDate": "2020-06-30", "totalRevenue": 33270000, "costOfRevenue": 29399000, "grossProfit": 3871000, "researchDevelopment": {}, "sellingGeneralAdministrative": 11060000, "nonRecurring": {}, "otherOperatingExpenses": 15297000, "totalOperatingExpenses": 60063000, "operatingIncome": -26793000, "totalOtherIncomeExpenseNet": 7136000, "ebit": -26793000, "interestExpense": -10907000, "incomeBeforeTax": -19657000, "incomeTaxExpense": 4612000, "minorityInterest": {}, "netIncomeFromContinuingOps": -24269000, "discontinuedOperations": {}, "extraordinaryItems": {}, "effectOfAccountingCharges": {}, "otherItems": {}, "netIncome": -24269000, "netIncomeApplicableToCommonShares": -24269000}, {"maxAge": 1, "endDate": "2020-03-31", "totalRevenue": 758906000, "costOfRevenue": 681418000, "grossProfit": 77488000, "researchDevelopment": {}, "sellingGeneralAdministrative": 9467000, "nonRecurring": {}, "otherOperatingExpenses": 58542000, "totalOperatingExpenses": 750293000, "operatingIncome": 8613000, "totalOtherIncomeExpenseNet": 62522000, "ebit": 8613000, "interestExpense": -6203000, "incomeBeforeTax": 71135000, "incomeTaxExpense": 1707000, "minorityInterest": {}, "netIncomeFromContinuingOps": 69428000, "discontinuedOperations": {}, "extraordinaryItems": {}, "effectOfAccountingCharges": {}, "otherItems": {}, "netIncome": 69428000, "netIncomeApplicableToCommonShares": 69428000}, {"maxAge": 1, "endDate": "2019-12-31", "totalRevenue": 318807000, "costOfRevenue": 282209000, "grossProfit": 36598000, "researchDevelopment": {}, "sellingGeneralAdministrative": 9351000, "nonRecurring": {}, "otherOperatingExpenses": 19396000, "totalOperatingExpenses": 312895000, "operatingIncome": 5912000, "totalOtherIncomeExpenseNet": -1713000, "ebit": 5912000, "interestExpense": -3894000, "incomeBeforeTax": 4199000, "incomeTaxExpense": 1077000, "minorityInterest": {}, "netIncomeFromContinuingOps": 3122000, "discontinuedOperations": {}, "extraordinaryItems": {}, "effectOfAccountingCharges": {}, "otherItems": {}, "netIncome": 3122000, "netIncomeApplicableToCommonShares": 3122000}, {"maxAge": 1, "endDate": "2019-09-30", "totalRevenue": 313294000, "costOfRevenue": 272400000, "grossProfit": 40894000, "researchDevelopment": {}, "sellingGeneralAdministrative": 10061000, "nonRecurring": {}, "otherOperatingExpenses": 21792000, "totalOperatingExpenses": 306532000, "operatingIncome": 6762000, "totalOtherIncomeExpenseNet": 10424000, "ebit": 6762000, "interestExpense": -5364000, "incomeBeforeTax": 17186000, "incomeTaxExpense": -565000, "minorityInterest": {}, "netIncomeFromContinuingOps": 17751000, "discontinuedOperations": {}, "extraordinaryItems": {}, "effectOfAccountingCharges": {}, "otherItems": {}, "netIncome": 17751000, "netIncomeApplicableToCommonShares": 17751000}], "maxAge": 86400}, "cashflowStatementHistoryQuarterly": {"cashflowStatements": [{"maxAge": 1, "endDate": "2020-06-30", "netIncome": -24269000, "changeToLiabilities": 0}, {"maxAge": 1, "endDate": "2020-03-31", "netIncome": 69428000, "changeToLiabilities": 0}, {"maxAge": 1, "endDate": "2019-12-31", "netIncome": 3122000, "changeToLiabilities": 0}, {"maxAge": 1, "endDate": "2019-09-30", "netIncome": 17751000, "changeToLiabilities": 0}], "maxAge": 86400}, "insiderHolders": {"holders": [{"maxAge": 1, "name": "Goel (Anand)", "relation": "Managing Director", "url": "", "transactionDescription": "Acquisition", "latestTransDate": "2010-06-24", "positionDirect": 349469, "positionDirectDate": "2010-06-24"}], "maxAge": 1}, "calendarEvents": {"maxAge": 1, "earnings": {"earningsDate": ["2020-09-15 05:30:S"]}}, "upgradeDowngradeHistory": {"history": [], "maxAge": 86400}, "price": {"maxAge": 1, "regularMarketChangePercent": -0.019847328, "regularMarketChange": -3.25, "regularMarketTime": "2021-04-30 15:29:56", "priceHint": 2, "regularMarketPrice": 160.5, "regularMarketDayHigh": 167.0, "regularMarketDayLow": 158.2, "regularMarketVolume": 11696, "averageDailyVolume10Day": 1858, "averageDailyVolume3Month": 6403, "regularMarketPreviousClose": 163.75, "regularMarketSource": "FREE_REALTIME", "regularMarketOpen": 165.0, "exchange": "BSE", "exchangeName": "BSE", "exchangeDataDelayedBy": 0, "marketState": "CLOSED", "quoteType": "EQUITY", "symbol": "SHBAJRG.BO", "underlyingSymbol": null, "shortName": "SHRI BAJRANG ALLIANCE LIMITED", "longName": "Shri Bajrang Alloys Limited", "currency": "INR", "quoteSourceName": "Delayed Quote", "currencySymbol": "\u20b9", "fromCurrency": null, "lastMarket": null, "marketCap": 1444499968}, "balanceSheetHistory": {"balanceSheetStatements": [{"maxAge": 1, "endDate": "2020-03-31", "cash": 3273000, "shortTermInvestments": 568000, "netReceivables": 525408000, "inventory": 284011000, "otherCurrentAssets": 79537000, "totalCurrentAssets": 892797000, "longTermInvestments": 863765000, "propertyPlantEquipment": 366153000, "intangibleAssets": 9426000, "otherAssets": 19551000, "totalAssets": 2151692000, "accountsPayable": 458295000, "otherCurrentLiab": 46869000, "longTermDebt": 63079000, "otherLiab": 4977000, "totalCurrentLiabilities": 910700000, "totalLiab": 978756000, "commonStock": 90000000, "treasuryStock": 1082936000, "otherStockholderEquity": 1082936000, "totalStockholderEquity": 1172936000, "netTangibleAssets": 1163510000}, {"maxAge": 1, "endDate": "2019-03-31", "cash": 839000, "netReceivables": 128002000, "inventory": 385584000, "otherCurrentAssets": 31900000, "totalCurrentAssets": 547001000, "longTermInvestments": 755566000, "propertyPlantEquipment": 75790000, "otherAssets": 3039000, "totalAssets": 1381396000, "accountsPayable": 97409000, "otherCurrentLiab": 14494000, "otherLiab": 5385000, "totalCurrentLiabilities": 310511000, "totalLiab": 315896000, "commonStock": 90000000, "retainedEarnings": 708355000, "treasuryStock": 221977000, "capitalSurplus": 45168000, "otherStockholderEquity": 221977000, "totalStockholderEquity": 1065500000, "netTangibleAssets": 1065500000}, {"maxAge": 1, "endDate": "2018-03-31", "cash": 824000, "shortTermInvestments": 350000, "netReceivables": 172454000, "inventory": 220592000, "otherCurrentAssets": 13440000, "totalCurrentAssets": 408472000, "longTermInvestments": 573482000, "propertyPlantEquipment": 71300000, "otherAssets": 178921000, "totalAssets": 1232175000, "accountsPayable": 24771000, "shortLongTermDebt": 15206000, "otherCurrentLiab": 66547000, "longTermDebt": 51835000, "otherLiab": 6641000, "totalCurrentLiabilities": 306598000, "totalLiab": 365074000, "commonStock": 90000000, "retainedEarnings": 526127000, "treasuryStock": 205905000, "capitalSurplus": 45069000, "otherStockholderEquity": 205905000, "totalStockholderEquity": 867101000, "netTangibleAssets": 867101000}, {"maxAge": 1, "endDate": "2017-03-31", "cash": 808170, "shortTermInvestments": 108775, "netReceivables": 165589500, "inventory": 183945468, "otherCurrentAssets": 85641151, "totalCurrentAssets": 436607527, "longTermInvestments": 491229801, "propertyPlantEquipment": 69970744, "otherAssets": 219855039, "totalAssets": 1217663111, "accountsPayable": 872420, "shortLongTermDebt": 29537744, "otherCurrentLiab": 15225996, "longTermDebt": 189695296, "otherLiab": 6980429, "totalCurrentLiabilities": 247253943, "totalLiab": 443929668, "commonStock": 90000000, "retainedEarnings": 437764864, "treasuryStock": 200899528, "capitalSurplus": 45069051, "otherStockholderEquity": 200899528, "totalStockholderEquity": 773733443, "netTangibleAssets": 773733443}], "maxAge": 86400}, "financialData": {"maxAge": 86400, "currentPrice": 160.5, "recommendationKey": "none", "grossProfits": 196944000, "financialCurrency": "INR"}}}