{"SHBCLQ.BO": {"recommendationTrend": {"trend": [{"period": "0m", "strongBuy": 0, "buy": 0, "hold": 0, "sell": 0, "strongSell": 0}, {"period": "-1m", "strongBuy": 0, "buy": 0, "hold": 0, "sell": 0, "strongSell": 0}, {"period": "-2m", "strongBuy": 0, "buy": 0, "hold": 0, "sell": 0, "strongSell": 0}, {"period": "-3m", "strongBuy": 0, "buy": 0, "hold": 0, "sell": 0, "strongSell": 0}], "maxAge": 86400}, "cashflowStatementHistory": {"cashflowStatements": [{"maxAge": 1, "endDate": "2020-03-31", "netIncome": 134544000, "depreciation": 59580000, "changeToNetincome": 3063000, "changeToAccountReceivables": 36173000, "changeToLiabilities": -26336000, "changeToInventory": 187501000, "changeToOperatingActivities": 17410000, "totalCashFromOperatingActivities": 412417000, "capitalExpenditures": -145240000, "otherCashflowsFromInvestingActivities": 119000, "totalCashflowsFromInvestingActivities": -144505000, "dividendsPaid": -22948000, "netBorrowings": -212022000, "otherCashflowsFromFinancingActivities": -34150000, "totalCashFromFinancingActivities": -269120000, "changeInCash": -1208000}, {"maxAge": 1, "endDate": "2019-03-31", "netIncome": 246252000, "depreciation": 48133000, "changeToNetincome": 17752000, "changeToAccountReceivables": -10242000, "changeToLiabilities": -27459000, "changeToInventory": -286665000, "changeToOperatingActivities": 49449000, "totalCashFromOperatingActivities": 37573000, "capitalExpenditures": -62580000, "investments": -9660000, "otherCashflowsFromInvestingActivities": 151000, "totalCashflowsFromInvestingActivities": -70807000, "dividendsPaid": -27433000, "netBorrowings": 98532000, "otherCashflowsFromFinancingActivities": -36213000, "totalCashFromFinancingActivities": 34886000, "changeInCash": 1652000}, {"maxAge": 1, "endDate": "2018-03-31", "netIncome": 165261000, "depreciation": 45911000, "changeToNetincome": 45380000, "changeToAccountReceivables": -73283000, "changeToLiabilities": 92484000, "changeToInventory": -145358000, "changeToOperatingActivities": -74222000, "totalCashFromOperatingActivities": 56420000, "capitalExpenditures": -75962000, "investments": -9660000, "otherCashflowsFromInvestingActivities": 736000, "totalCashflowsFromInvestingActivities": -70886000, "dividendsPaid": -19308000, "netBorrowings": 67396000, "otherCashflowsFromFinancingActivities": -33156000, "totalCashFromFinancingActivities": 14932000, "changeInCash": 466000}, {"maxAge": 1, "endDate": "2017-03-31", "netIncome": 82150000, "depreciation": 44975000, "changeToNetincome": 35741000, "changeToAccountReceivables": -21991000, "changeToLiabilities": 21491000, "changeToInventory": -25769000, "changeToOperatingActivities": -19642000, "totalCashFromOperatingActivities": 117347000, "capitalExpenditures": -33045000, "investments": -9660000, "otherCashflowsFromInvestingActivities": 595000, "totalCashflowsFromInvestingActivities": -31045000, "dividendsPaid": -5567000, "netBorrowings": -134345000, "otherCashflowsFromFinancingActivities": -25758000, "totalCashFromFinancingActivities": -165670000, "changeInCash": -79367000}], "maxAge": 86400}, "institutionOwnership": {"maxAge": 1, "ownershipList": []}, "balanceSheetHistoryQuarterly": {"balanceSheetStatements": [{"maxAge": 1, "endDate": "2020-06-30", "totalStockholderEquity": 1152429000, "netTangibleAssets": 1144536000}, {"maxAge": 1, "endDate": "2020-03-31", "cash": 2702000, "shortTermInvestments": 3057000, "netReceivables": 326133000, "inventory": 505173000, "otherCurrentAssets": 28697000, "totalCurrentAssets": 875164000, "longTermInvestments": 113270000, "propertyPlantEquipment": 602399000, "intangibleAssets": 7893000, "otherAssets": 27741000, "totalAssets": 1626467000, "accountsPayable": 119159000, "shortLongTermDebt": 46769000, "otherCurrentLiab": 10824000, "longTermDebt": 101126000, "otherLiab": 49721000, "totalCurrentLiabilities": 316840000, "totalLiab": 474038000, "commonStock": 76806000, "retainedEarnings": 1075566000, "treasuryStock": 57000, "otherStockholderEquity": 57000, "totalStockholderEquity": 1152429000, "netTangibleAssets": 1144536000}, {"maxAge": 1, "endDate": "2019-12-31", "totalStockholderEquity": 1104857000, "netTangibleAssets": 1097395000}, {"maxAge": 1, "endDate": "2019-09-30", "cash": 44322000, "shortTermInvestments": 194000, "netReceivables": 278610000, "inventory": 604894000, "otherCurrentAssets": 52707000, "totalCurrentAssets": 980533000, "longTermInvestments": 115507000, "propertyPlantEquipment": 543744000, "intangibleAssets": 7462000, "otherAssets": 30164000, "totalAssets": 1677410000, "accountsPayable": 139411000, "otherCurrentLiab": 144467000, "longTermDebt": 72363000, "otherLiab": 53163000, "totalCurrentLiabilities": 444097000, "totalLiab": 572553000, "commonStock": 76806000, "treasuryStock": 1028051000, "otherStockholderEquity": 1028051000, "totalStockholderEquity": 1104857000, "netTangibleAssets": 1097395000}], "maxAge": 86400}, "earningsHistory": {"history": [{"maxAge": 1, "epsActual": {}, "epsEstimate": {}, "epsDifference": {}, "surprisePercent": {}, "quarter": {}, "period": "-4q"}, {"maxAge": 1, "epsActual": {}, "epsEstimate": {}, "epsDifference": {}, "surprisePercent": {}, "quarter": {}, "period": "-3q"}, {"maxAge": 1, "epsActual": {}, "epsEstimate": {}, "epsDifference": {}, "surprisePercent": {}, "quarter": {}, "period": "-2q"}, {"maxAge": 1, "epsActual": {}, "epsEstimate": {}, "epsDifference": {}, "surprisePercent": {}, "quarter": {}, "period": "-1q"}], "maxAge": 86400}, "indexTrend": {"maxAge": 1, "symbol": "SP5", "peRatio": 19.7411, "pegRatio": 1.34172, "estimates": [{"period": "0q", "growth": 0.549}, {"period": "+1q", "growth": 0.431}, {"period": "0y", "growth": 0.305}, {"period": "+1y", "growth": 0.109}, {"period": "+5y", "growth": 0.120859005}, {"period": "-5y"}]}, "industryTrend": {"maxAge": 1, "symbol": null, "estimates": []}, "insiderTransactions": {"transactions": [{"maxAge": 1, "shares": 25000, "filerUrl": "", "transactionText": "", "filerName": "Sandhu (Devinderjeet Singh)", "filerRelation": "Promoter", "moneyText": "", "startDate": "2019-06-18", "ownership": "D"}, {"maxAge": 1, "shares": 23338, "filerUrl": "", "transactionText": "", "filerName": "Sandhu (Gurbir)", "filerRelation": "Promoter", "moneyText": "", "startDate": "2019-06-18", "ownership": "D"}, {"maxAge": 1, "shares": 1662, "filerUrl": "", "transactionText": "", "filerName": "Sandhu (Gurbir)", "filerRelation": "Promoter", "moneyText": "", "startDate": "2019-06-12", "ownership": "D"}, {"maxAge": 1, "shares": 8956, "filerUrl": "", "transactionText": "", "filerName": "Sandhu (Gurbir)", "filerRelation": "Promoter", "moneyText": "", "startDate": "2019-05-31", "ownership": "D"}, {"maxAge": 1, "shares": 5044, "filerUrl": "", "transactionText": "", "filerName": "Sandhu (Gurbir)", "filerRelation": "Promoter", "moneyText": "", "startDate": "2019-05-30", "ownership": "D"}, {"maxAge": 1, "shares": 26000, "filerUrl": "", "transactionText": "", "filerName": "Sandhu (Gurbir)", "filerRelation": "Promoter", "moneyText": "", "startDate": "2019-05-29", "ownership": "D"}, {"maxAge": 1, "shares": 10000, "filerUrl": "", "transactionText": "", "filerName": "Sandhu (Gurbir)", "filerRelation": "Promoter", "moneyText": "", "startDate": "2019-05-28", "ownership": "D"}, {"maxAge": 1, "shares": 25600, "filerUrl": "", "transactionText": "", "filerName": "Sandhu (Gurbir)", "filerRelation": "Promoter", "moneyText": "", "startDate": "2018-12-11", "ownership": "D"}, {"maxAge": 1, "shares": 2400, "filerUrl": "", "transactionText": "", "filerName": "Sandhu (Gurbir)", "filerRelation": "Promoter", "moneyText": "", "startDate": "2018-12-06", "ownership": "D"}, {"maxAge": 1, "shares": 14451, "filerUrl": "", "transactionText": "", "filerName": "Sandhu (Gurbir)", "filerRelation": "Promoter", "moneyText": "", "startDate": "2018-12-03", "ownership": "D"}], "maxAge": 1}, "quoteType": {"exchange": "BSE", "quoteType": "EQUITY", "symbol": "SHBCLQ.BO", "underlyingSymbol": "SHBCLQ.BO", "shortName": "SHIVALIK BIMETAL CONTROLS LTD.", "longName": "Shivalik Bimetal Controls Limited", "firstTradeDateEpochUtc": "2002-01-04 09:15:00", "timeZoneFullName": "Asia/Kolkata", "timeZoneShortName": "IST", "uuid": "c9721ccf-27c5-3335-b8d3-46fe34f5e408", "messageBoardId": null, "gmtOffSetMilliseconds": 19800000, "maxAge": 1}, "incomeStatementHistory": {"incomeStatementHistory": [{"maxAge": 1, "endDate": "2020-03-31", "totalRevenue": 1885773000, "costOfRevenue": 1113411000, "grossProfit": 772362000, "researchDevelopment": {}, "sellingGeneralAdministrative": 210874000, "nonRecurring": {}, "otherOperatingExpenses": 339865000, "totalOperatingExpenses": 1723507000, "operatingIncome": 162266000, "totalOtherIncomeExpenseNet": 9349000, "ebit": 162266000, "interestExpense": -26378000, "incomeBeforeTax": 171615000, "incomeTaxExpense": 37071000, "minorityInterest": {}, "netIncomeFromContinuingOps": 134544000, "discontinuedOperations": {}, "extraordinaryItems": {}, "effectOfAccountingCharges": {}, "otherItems": {}, "netIncome": 134544000, "netIncomeApplicableToCommonShares": 134544000}, {"maxAge": 1, "endDate": "2019-03-31", "totalRevenue": 1950979000, "costOfRevenue": 1005062000, "grossProfit": 945917000, "researchDevelopment": {}, "sellingGeneralAdministrative": 186409000, "nonRecurring": {}, "otherOperatingExpenses": 386426000, "totalOperatingExpenses": 1625678000, "operatingIncome": 325301000, "totalOtherIncomeExpenseNet": 19223000, "ebit": 325301000, "interestExpense": -27503000, "incomeBeforeTax": 344524000, "incomeTaxExpense": 98272000, "minorityInterest": {}, "netIncomeFromContinuingOps": 246252000, "discontinuedOperations": {}, "extraordinaryItems": {}, "effectOfAccountingCharges": {}, "otherItems": {}, "netIncome": 246252000, "netIncomeApplicableToCommonShares": 246252000}, {"maxAge": 1, "endDate": "2018-03-31", "totalRevenue": 1597025000, "costOfRevenue": 851254000, "grossProfit": 745771000, "researchDevelopment": {}, "sellingGeneralAdministrative": 157425000, "nonRecurring": {}, "otherOperatingExpenses": 313879000, "totalOperatingExpenses": 1368091000, "operatingIncome": 228934000, "totalOtherIncomeExpenseNet": -2750000, "ebit": 228934000, "interestExpense": -26079000, "incomeBeforeTax": 226184000, "incomeTaxExpense": 60923000, "minorityInterest": {}, "netIncomeFromContinuingOps": 165261000, "discontinuedOperations": {}, "extraordinaryItems": {}, "effectOfAccountingCharges": {}, "otherItems": {}, "netIncome": 165261000, "netIncomeApplicableToCommonShares": 165261000}, {"maxAge": 1, "endDate": "2017-03-31", "totalRevenue": 1187853000, "costOfRevenue": 654076000, "grossProfit": 533777000, "researchDevelopment": {}, "sellingGeneralAdministrative": 126414000, "nonRecurring": {}, "otherOperatingExpenses": 217740000, "totalOperatingExpenses": 1042972000, "operatingIncome": 144881000, "totalOtherIncomeExpenseNet": -7927000, "ebit": 144881000, "interestExpense": -19918000, "incomeBeforeTax": 136954000, "incomeTaxExpense": 54804000, "minorityInterest": {}, "netIncomeFromContinuingOps": 82150000, "discontinuedOperations": {}, "extraordinaryItems": {}, "effectOfAccountingCharges": {}, "otherItems": {}, "netIncome": 82150000, "netIncomeApplicableToCommonShares": 82150000}], "maxAge": 86400}, "fundOwnership": {"maxAge": 1, "ownershipList": []}, "summaryDetail": {"maxAge": 1, "priceHint": 2, "previousClose": 89.35, "open": 91.0, "dayLow": 87.6, "dayHigh": 91.0, "regularMarketPreviousClose": 89.35, "regularMarketOpen": 91.0, "regularMarketDayLow": 87.6, "regularMarketDayHigh": 91.0, "trailingPE": 28.612715, "volume": 17381, "regularMarketVolume": 17381, "averageVolume": 34792, "averageVolume10days": 21298, "averageDailyVolume10Day": 21298, "bid": 88.85, "ask": 88.95, "bidSize": 0, "askSize": 0, "marketCap": 3421689344, "fiftyTwoWeekLow": 19.5, "fiftyTwoWeekHigh": 91.0, "fiftyDayAverage": 69.75429, "twoHundredDayAverage": 56.78686, "trailingAnnualDividendRate": 0.6, "trailingAnnualDividendYield": 0.0067151655, "currency": "INR", "fromCurrency": null, "toCurrency": null, "lastMarket": null, "algorithm": null, "tradeable": false}, "sectorTrend": {"maxAge": 1, "symbol": null, "estimates": []}, "incomeStatementHistoryQuarterly": {"incomeStatementHistory": [{"maxAge": 1, "endDate": "2020-06-30", "totalRevenue": 285117000, "costOfRevenue": 149940000, "grossProfit": 135177000, "researchDevelopment": {}, "sellingGeneralAdministrative": 35092000, "nonRecurring": {}, "otherOperatingExpenses": 66250000, "totalOperatingExpenses": 265335000, "operatingIncome": 19782000, "totalOtherIncomeExpenseNet": 3083000, "ebit": 19782000, "interestExpense": -3816000, "incomeBeforeTax": 22865000, "incomeTaxExpense": 5882000, "minorityInterest": {}, "netIncomeFromContinuingOps": 16983000, "discontinuedOperations": {}, "extraordinaryItems": {}, "effectOfAccountingCharges": {}, "otherItems": {}, "netIncome": 16983000, "netIncomeApplicableToCommonShares": 16983000}, {"maxAge": 1, "endDate": "2020-03-31", "totalRevenue": 476588000, "costOfRevenue": 307676000, "grossProfit": 168912000, "researchDevelopment": {}, "sellingGeneralAdministrative": 63990000, "nonRecurring": {}, "otherOperatingExpenses": 46613000, "totalOperatingExpenses": 433026000, "operatingIncome": 43562000, "totalOtherIncomeExpenseNet": -15655000, "ebit": 43562000, "interestExpense": -3021000, "incomeBeforeTax": 27907000, "incomeTaxExpense": 6745000, "minorityInterest": {}, "netIncomeFromContinuingOps": 21162000, "discontinuedOperations": {}, "extraordinaryItems": {}, "effectOfAccountingCharges": {}, "otherItems": {}, "netIncome": 21162000, "netIncomeApplicableToCommonShares": 21162000}, {"maxAge": 1, "endDate": "2019-12-31", "totalRevenue": 443723000, "costOfRevenue": 244462000, "grossProfit": 199261000, "researchDevelopment": {}, "sellingGeneralAdministrative": 49372000, "nonRecurring": {}, "otherOperatingExpenses": 86778000, "totalOperatingExpenses": 395953000, "operatingIncome": 47770000, "totalOtherIncomeExpenseNet": 5312000, "ebit": 47770000, "interestExpense": -7749000, "incomeBeforeTax": 53082000, "incomeTaxExpense": 11997000, "minorityInterest": {}, "netIncomeFromContinuingOps": 41085000, "discontinuedOperations": {}, "extraordinaryItems": {}, "effectOfAccountingCharges": {}, "otherItems": {}, "netIncome": 41085000, "netIncomeApplicableToCommonShares": 41085000}, {"maxAge": 1, "endDate": "2019-09-30", "totalRevenue": 458633000, "costOfRevenue": 263669000, "grossProfit": 194964000, "researchDevelopment": {}, "sellingGeneralAdministrative": 49857000, "nonRecurring": {}, "otherOperatingExpenses": 98864000, "totalOperatingExpenses": 427137000, "operatingIncome": 31496000, "totalOtherIncomeExpenseNet": 11425000, "ebit": 31496000, "interestExpense": -6460000, "incomeBeforeTax": 42921000, "incomeTaxExpense": 5241000, "minorityInterest": {}, "netIncomeFromContinuingOps": 37680000, "discontinuedOperations": {}, "extraordinaryItems": {}, "effectOfAccountingCharges": {}, "otherItems": {}, "netIncome": 37680000, "netIncomeApplicableToCommonShares": 37680000}], "maxAge": 86400}, "cashflowStatementHistoryQuarterly": {"cashflowStatements": [{"maxAge": 1, "endDate": "2020-06-30", "netIncome": 16983000, "changeToLiabilities": 0}, {"maxAge": 1, "endDate": "2020-03-31", "netIncome": 21162000, "changeToLiabilities": 0}, {"maxAge": 1, "endDate": "2019-12-31", "netIncome": 41085000, "changeToLiabilities": 0}, {"maxAge": 1, "endDate": "2019-09-30", "netIncome": 37680000, "changeToLiabilities": 0}], "maxAge": 86400}, "insiderHolders": {"holders": [{"maxAge": 1, "name": "Sandhu (Devinderjeet Singh)", "relation": "Promoter", "url": "", "transactionDescription": "Sale", "latestTransDate": "2019-06-18", "positionDirect": 76000, "positionDirectDate": "2019-06-18"}, {"maxAge": 1, "name": "Sandhu (Gurbir)", "relation": "Promoter", "url": "", "transactionDescription": "Sale", "latestTransDate": "2019-06-18", "positionDirect": 248000, "positionDirectDate": "2019-06-18"}], "maxAge": 1}, "earnings": {"maxAge": 86400, "earningsChart": {"quarterly": [], "earningsDate": ["2020-09-01 05:30:S"]}, "financialsChart": {"yearly": [{"date": 2017, "revenue": 1187853000, "earnings": 82150000}, {"date": 2018, "revenue": 1597025000, "earnings": 165261000}, {"date": 2019, "revenue": 1950979000, "earnings": 246252000}, {"date": 2020, "revenue": 1885773000, "earnings": 134544000}], "quarterly": [{"date": "3Q2019", "revenue": 458633000, "earnings": 37680000}, {"date": "4Q2019", "revenue": 443723000, "earnings": 41085000}, {"date": "1Q2020", "revenue": 476588000, "earnings": 21162000}, {"date": "2Q2020", "revenue": 285117000, "earnings": 16983000}]}, "financialCurrency": "INR"}, "calendarEvents": {"maxAge": 1, "earnings": {"earningsDate": ["2020-09-01 05:30:S"]}}, "price": {"maxAge": 1, "regularMarketChangePercent": -0.0027979854, "regularMarketChange": -0.25, "regularMarketTime": "2021-04-30 15:29:57", "priceHint": 2, "regularMarketPrice": 89.1, "regularMarketDayHigh": 91.0, "regularMarketDayLow": 87.6, "regularMarketVolume": 17381, "averageDailyVolume10Day": 21298, "averageDailyVolume3Month": 34792, "regularMarketPreviousClose": 89.35, "regularMarketSource": "FREE_REALTIME", "regularMarketOpen": 91.0, "exchange": "BSE", "exchangeName": "BSE", "exchangeDataDelayedBy": 0, "marketState": "CLOSED", "quoteType": "EQUITY", "symbol": "SHBCLQ.BO", "underlyingSymbol": null, "shortName": "SHIVALIK BIMETAL CONTROLS LTD.", "longName": "Shivalik Bimetal Controls Limited", "currency": "INR", "quoteSourceName": "Delayed Quote", "currencySymbol": "\u20b9", "fromCurrency": null, "toCurrency": null, "lastMarket": null, "marketCap": 3421689344}, "balanceSheetHistory": {"balanceSheetStatements": [{"maxAge": 1, "endDate": "2020-03-31", "cash": 2702000, "shortTermInvestments": 3057000, "netReceivables": 326133000, "inventory": 505173000, "otherCurrentAssets": 28697000, "totalCurrentAssets": 875164000, "longTermInvestments": 113270000, "propertyPlantEquipment": 602399000, "intangibleAssets": 7893000, "otherAssets": 27741000, "totalAssets": 1626467000, "accountsPayable": 119159000, "shortLongTermDebt": 46769000, "otherCurrentLiab": 10824000, "longTermDebt": 101126000, "otherLiab": 49721000, "totalCurrentLiabilities": 316840000, "totalLiab": 474038000, "commonStock": 76806000, "retainedEarnings": 1075566000, "treasuryStock": 57000, "otherStockholderEquity": 57000, "totalStockholderEquity": 1152429000, "netTangibleAssets": 1144536000}, {"maxAge": 1, "endDate": "2019-03-31", "cash": 3910000, "shortTermInvestments": 3057000, "netReceivables": 361869000, "inventory": 692674000, "otherCurrentAssets": 63575000, "totalCurrentAssets": 1138103000, "longTermInvestments": 106621000, "propertyPlantEquipment": 505534000, "intangibleAssets": 7331000, "otherAssets": 7006000, "totalAssets": 1764595000, "accountsPayable": 146372000, "shortLongTermDebt": 47130000, "otherCurrentLiab": 26629000, "longTermDebt": 74404000, "otherLiab": 58777000, "totalCurrentLiabilities": 578956000, "totalLiab": 716582000, "commonStock": 76806000, "retainedEarnings": 971150000, "treasuryStock": 57000, "otherStockholderEquity": 57000, "totalStockholderEquity": 1048013000, "netTangibleAssets": 1040682000}, {"maxAge": 1, "endDate": "2018-03-31", "cash": 2258000, "shortTermInvestments": 3057000, "netReceivables": 351947000, "inventory": 406009000, "otherCurrentAssets": 107618000, "totalCurrentAssets": 883704000, "longTermInvestments": 77532000, "propertyPlantEquipment": 492052000, "intangibleAssets": 7122000, "otherAssets": 8585000, "totalAssets": 1468995000, "accountsPayable": 174036000, "shortLongTermDebt": 54318000, "otherCurrentLiab": 17909000, "longTermDebt": 74416000, "otherLiab": 56038000, "totalCurrentLiabilities": 508620000, "totalLiab": 639074000, "commonStock": 76806000, "retainedEarnings": 753058000, "treasuryStock": 57000, "otherStockholderEquity": 57000, "totalStockholderEquity": 829921000, "netTangibleAssets": 822799000}, {"maxAge": 1, "endDate": "2017-03-31", "cash": 1792000, "shortTermInvestments": 3057000, "netReceivables": 264404000, "inventory": 260651000, "otherCurrentAssets": 69361000, "totalCurrentAssets": 603854000, "longTermInvestments": 69852000, "propertyPlantEquipment": 468987000, "intangibleAssets": 6728000, "otherAssets": 5649000, "totalAssets": 1155070000, "accountsPayable": 81676000, "shortLongTermDebt": 33343000, "otherCurrentLiab": 28801000, "longTermDebt": 53593000, "otherLiab": 45045000, "totalCurrentLiabilities": 372236000, "totalLiab": 470874000, "commonStock": 38403000, "retainedEarnings": 645736000, "treasuryStock": 57000, "otherStockholderEquity": 57000, "totalStockholderEquity": 684196000, "netTangibleAssets": 677468000}], "maxAge": 86400}, "earningsTrend": {"trend": [{"maxAge": 1, "period": "0q", "endDate": null, "growth": {}, "earningsEstimate": {"avg": 0.0, "low": 0.0, "high": 0.0, "yearAgoEps": {}, "numberOfAnalysts": 0, "growth": {}}, "revenueEstimate": {"avg": 0, "low": 0, "high": 0, "numberOfAnalysts": 0, "yearAgoRevenue": {}, "growth": {}}, "epsTrend": {"current": 0.0, "7daysAgo": 0.0, "30daysAgo": 0.0, "60daysAgo": 0.0, "90daysAgo": 0.0}, "epsRevisions": {"upLast7days": 0, "upLast30days": 0, "downLast30days": 0, "downLast90days": {}}}, {"maxAge": 1, "period": "+1q", "endDate": null, "growth": {}, "earningsEstimate": {"avg": 0.0, "low": 0.0, "high": 0.0, "yearAgoEps": {}, "numberOfAnalysts": 0, "growth": {}}, "revenueEstimate": {"avg": 0, "low": 0, "high": 0, "numberOfAnalysts": 0, "yearAgoRevenue": {}, "growth": {}}, "epsTrend": {"current": 0.0, "7daysAgo": 0.0, "30daysAgo": 0.0, "60daysAgo": 0.0, "90daysAgo": 0.0}, "epsRevisions": {"upLast7days": 0, "upLast30days": 0, "downLast30days": 0, "downLast90days": {}}}, {"maxAge": 1, "period": "0y", "endDate": null, "growth": {}, "earningsEstimate": {"avg": 0.0, "low": 0.0, "high": 0.0, "yearAgoEps": {}, "numberOfAnalysts": 0, "growth": {}}, "revenueEstimate": {"avg": 0, "low": 0, "high": 0, "numberOfAnalysts": 0, "yearAgoRevenue": {}, "growth": {}}, "epsTrend": {"current": 0.0, "7daysAgo": 0.0, "30daysAgo": 0.0, "60daysAgo": 0.0, "90daysAgo": 0.0}, "epsRevisions": {"upLast7days": 0, "upLast30days": 0, "downLast30days": 0, "downLast90days": {}}}, {"maxAge": 1, "period": "+1y", "endDate": null, "growth": {}, "earningsEstimate": {"avg": 0.0, "low": 0.0, "high": 0.0, "yearAgoEps": {}, "numberOfAnalysts": 0, "growth": {}}, "revenueEstimate": {"avg": 0, "low": 0, "high": 0, "numberOfAnalysts": 0, "yearAgoRevenue": {}, "growth": {}}, "epsTrend": {"current": 0.0, "7daysAgo": 0.0, "30daysAgo": 0.0, "60daysAgo": 0.0, "90daysAgo": 0.0}, "epsRevisions": {"upLast7days": 0, "upLast30days": 0, "downLast30days": 0, "downLast90days": {}}}, {"maxAge": 1, "period": "+5y", "endDate": null, "growth": {}, "earningsEstimate": {"avg": {}, "low": {}, "high": {}, "yearAgoEps": {}, "numberOfAnalysts": {}, "growth": {}}, "revenueEstimate": {"avg": {}, "low": {}, "high": {}, "numberOfAnalysts": {}, "yearAgoRevenue": {}, "growth": {}}, "epsTrend": {"current": {}, "7daysAgo": {}, "30daysAgo": {}, "60daysAgo": {}, "90daysAgo": {}}, "epsRevisions": {"upLast7days": {}, "upLast30days": {}, "downLast30days": {}, "downLast90days": {}}}, {"maxAge": 1, "period": "-5y", "endDate": null, "growth": {}, "earningsEstimate": {"avg": {}, "low": {}, "high": {}, "yearAgoEps": {}, "numberOfAnalysts": {}, "growth": {}}, "revenueEstimate": {"avg": {}, "low": {}, "high": {}, "numberOfAnalysts": {}, "yearAgoRevenue": {}, "growth": {}}, "epsTrend": {"current": {}, "7daysAgo": {}, "30daysAgo": {}, "60daysAgo": {}, "90daysAgo": {}}, "epsRevisions": {"upLast7days": {}, "upLast30days": {}, "downLast30days": {}, "downLast90days": {}}}], "maxAge": 1}, "financialData": {"maxAge": 86400, "currentPrice": 89.1, "targetHighPrice": 48.0, "targetLowPrice": 48.0, "targetMeanPrice": 48.0, "targetMedianPrice": 48.0, "recommendationKey": "none", "numberOfAnalystOpinions": 1, "grossProfits": 772362000, "financialCurrency": "INR"}}}