{"SHEETAL.BO": {"cashflowStatementHistory": {"cashflowStatements": [{"maxAge": 1, "endDate": "2020-03-31", "netIncome": -1481000, "depreciation": 301000, "changeToNetincome": 28000, "changeToAccountReceivables": -19798000, "changeToLiabilities": 36903000, "changeToInventory": -12593000, "changeToOperatingActivities": -1657000, "totalCashFromOperatingActivities": 1703000, "capitalExpenditures": -2570000, "totalCashflowsFromInvestingActivities": -2570000, "netBorrowings": 3502000, "otherCashflowsFromFinancingActivities": -1019000, "totalCashFromFinancingActivities": 2483000, "changeInCash": 1616000}, {"maxAge": 1, "endDate": "2019-03-31", "netIncome": -2007387, "depreciation": 271649, "changeToNetincome": 99390, "changeToAccountReceivables": -13040261, "changeToLiabilities": 1742649, "changeToInventory": 11495160, "changeToOperatingActivities": -4383857, "totalCashFromOperatingActivities": -5822657, "capitalExpenditures": -15250, "otherCashflowsFromInvestingActivities": 113090, "totalCashflowsFromInvestingActivities": 97840, "netBorrowings": 3502000, "otherCashflowsFromFinancingActivities": -1019000, "totalCashFromFinancingActivities": 2483000, "changeInCash": -5724817}, {"maxAge": 1, "endDate": "2018-03-31", "netIncome": 685779, "depreciation": 356697, "changeToNetincome": -269267, "changeToAccountReceivables": 5654762, "changeToLiabilities": -1377113, "changeToInventory": -3013596, "changeToOperatingActivities": -661250, "totalCashFromOperatingActivities": 1376012, "capitalExpenditures": -72035, "otherCashflowsFromInvestingActivities": 18848, "totalCashflowsFromInvestingActivities": -1587, "netBorrowings": 3502000, "otherCashflowsFromFinancingActivities": -1019000, "totalCashFromFinancingActivities": 2483000, "changeInCash": 1374425}, {"maxAge": 1, "endDate": "2017-03-31", "netIncome": -97097, "depreciation": 452147, "changeToNetincome": 292829, "changeToAccountReceivables": -16132476, "changeToLiabilities": 9118244, "changeToInventory": 4439220, "changeToOperatingActivities": -976068, "totalCashFromOperatingActivities": -2903201, "capitalExpenditures": -51300, "investments": 5000, "otherCashflowsFromInvestingActivities": 4835049, "totalCashflowsFromInvestingActivities": 4788749, "netBorrowings": 3502000, "otherCashflowsFromFinancingActivities": -292829, "totalCashFromFinancingActivities": -292829, "changeInCash": 1592718}], "maxAge": 86400}, "institutionOwnership": {"maxAge": 1, "ownershipList": []}, "balanceSheetHistoryQuarterly": {"balanceSheetStatements": [{"maxAge": 1, "endDate": "2020-06-30", "totalStockholderEquity": 31911000, "netTangibleAssets": 31911000}, {"maxAge": 1, "endDate": "2020-03-31", "cash": 2050000, "netReceivables": 47367000, "inventory": 19891000, "otherCurrentAssets": 4301000, "totalCurrentAssets": 73609000, "propertyPlantEquipment": 3254000, "otherAssets": 1165000, "deferredLongTermAssetCharges": 125000, "totalAssets": 78028000, "accountsPayable": 41376000, "shortLongTermDebt": 2200000, "otherCurrentLiab": 1240000, "longTermDebt": 1302000, "otherLiab": -1000, "totalCurrentLiabilities": 44816000, "totalLiab": 46117000, "commonStock": 50000000, "retainedEarnings": -18089000, "totalStockholderEquity": 31911000, "netTangibleAssets": 31911000}, {"maxAge": 1, "endDate": "2019-12-31", "totalStockholderEquity": 33931000, "netTangibleAssets": 33931000}, {"maxAge": 1, "endDate": "2019-09-30", "cash": 2658000, "netReceivables": 40374000, "inventory": 15443000, "otherCurrentAssets": 2334000, "totalCurrentAssets": 60809000, "propertyPlantEquipment": 1002000, "otherAssets": 182000, "deferredLongTermAssetCharges": 160000, "totalAssets": 61993000, "accountsPayable": 27106000, "otherCurrentLiab": 957000, "otherLiab": -1000, "totalCurrentLiabilities": 28063000, "totalLiab": 28062000, "commonStock": 50000000, "retainedEarnings": -16069000, "totalStockholderEquity": 33931000, "netTangibleAssets": 33931000}], "maxAge": 86400}, "indexTrend": {"maxAge": 1, "symbol": "SP5", "peRatio": 19.7411, "pegRatio": 1.34172, "estimates": [{"period": "0q", "growth": 0.549}, {"period": "+1q", "growth": 0.431}, {"period": "0y", "growth": 0.305}, {"period": "+1y", "growth": 0.109}, {"period": "+5y", "growth": 0.120859005}, {"period": "-5y"}]}, "quoteType": {"exchange": "BSE", "quoteType": "EQUITY", "symbol": "SHEETAL.BO", "underlyingSymbol": "SHEETAL.BO", "shortName": "SHEETAL DIAMONDS LTD.", "longName": "Sheetal Diamonds Limited", "firstTradeDateEpochUtc": "1998-12-30 09:15:00", "timeZoneFullName": "Asia/Kolkata", "timeZoneShortName": "IST", "uuid": "557deb13-917e-341b-a1eb-bc396e7a6097", "messageBoardId": null, "gmtOffSetMilliseconds": 19800000, "maxAge": 1}, "incomeStatementHistory": {"incomeStatementHistory": [{"maxAge": 1, "endDate": "2020-03-31", "totalRevenue": 183362000, "costOfRevenue": 180574000, "grossProfit": 2788000, "researchDevelopment": {}, "sellingGeneralAdministrative": 1953000, "nonRecurring": {}, "otherOperatingExpenses": 7247000, "totalOperatingExpenses": 190075000, "operatingIncome": -6713000, "totalOtherIncomeExpenseNet": 5277000, "ebit": -6713000, "interestExpense": -62000, "incomeBeforeTax": -1436000, "incomeTaxExpense": 45000, "minorityInterest": {}, "netIncomeFromContinuingOps": -1481000, "discontinuedOperations": {}, "extraordinaryItems": {}, "effectOfAccountingCharges": {}, "otherItems": {}, "netIncome": -1481000, "netIncomeApplicableToCommonShares": -1481000}, {"maxAge": 1, "endDate": "2019-03-31", "totalRevenue": 201046570, "costOfRevenue": 196898540, "grossProfit": 4148030, "researchDevelopment": {}, "sellingGeneralAdministrative": 2832944, "nonRecurring": {}, "otherOperatingExpenses": 6926854, "totalOperatingExpenses": 206929987, "operatingIncome": -5883417, "totalOtherIncomeExpenseNet": 3975420, "ebit": -5883417, "interestExpense": -5647, "incomeBeforeTax": -1907997, "incomeTaxExpense": 99390, "minorityInterest": {}, "netIncomeFromContinuingOps": -2007387, "discontinuedOperations": {}, "extraordinaryItems": {}, "effectOfAccountingCharges": {}, "otherItems": {}, "netIncome": -2007387, "netIncomeApplicableToCommonShares": -2007387}, {"maxAge": 1, "endDate": "2018-03-31", "totalRevenue": 185059407, "costOfRevenue": 177452701, "grossProfit": 7606706, "researchDevelopment": {}, "sellingGeneralAdministrative": 2119624, "nonRecurring": {}, "otherOperatingExpenses": 5158422, "totalOperatingExpenses": 185087444, "operatingIncome": -28037, "totalOtherIncomeExpenseNet": 444549, "ebit": -28037, "interestExpense": -5647, "incomeBeforeTax": 416512, "incomeTaxExpense": -269267, "minorityInterest": {}, "netIncomeFromContinuingOps": 685779, "discontinuedOperations": {}, "extraordinaryItems": {}, "effectOfAccountingCharges": {}, "otherItems": {}, "netIncome": 685779, "netIncomeApplicableToCommonShares": 685779}, {"maxAge": 1, "endDate": "2017-03-31", "totalRevenue": 218640862, "costOfRevenue": 211593536, "grossProfit": 7047326, "researchDevelopment": {}, "sellingGeneralAdministrative": 1345281, "nonRecurring": {}, "otherOperatingExpenses": 4594652, "totalOperatingExpenses": 217985616, "operatingIncome": 655246, "totalOtherIncomeExpenseNet": -481546, "ebit": 655246, "interestExpense": -5647, "incomeBeforeTax": 173700, "incomeTaxExpense": 270797, "minorityInterest": {}, "netIncomeFromContinuingOps": -97097, "discontinuedOperations": {}, "extraordinaryItems": {}, "effectOfAccountingCharges": {}, "otherItems": {}, "netIncome": -97097, "netIncomeApplicableToCommonShares": -97097}], "maxAge": 86400}, "fundOwnership": {"maxAge": 1, "ownershipList": []}, "summaryDetail": {"maxAge": 1, "priceHint": 4, "previousClose": 2.84, "open": 2.79, "dayLow": 2.79, "dayHigh": 2.79, "regularMarketPreviousClose": 2.84, "regularMarketOpen": 2.79, "regularMarketDayLow": 2.79, "regularMarketDayHigh": 2.79, "volume": 209, "regularMarketVolume": 209, "averageVolume": 692, "averageVolume10days": 2793, "averageDailyVolume10Day": 2793, "bid": 0.0, "ask": 2.79, "bidSize": 0, "askSize": 0, "marketCap": 13950000, "fiftyTwoWeekLow": 0.99, "fiftyTwoWeekHigh": 2.79, "fiftyDayAverage": 1.3808571, "twoHundredDayAverage": 1.6992754, "currency": "INR", "fromCurrency": null, "toCurrency": null, "lastMarket": null, "algorithm": null, "tradeable": false}, "incomeStatementHistoryQuarterly": {"incomeStatementHistory": [{"maxAge": 1, "endDate": "2020-06-30", "totalRevenue": 11513000, "costOfRevenue": 9535000, "grossProfit": 1978000, "researchDevelopment": {}, "sellingGeneralAdministrative": 148000, "nonRecurring": {}, "otherOperatingExpenses": 817000, "totalOperatingExpenses": 10636000, "operatingIncome": 877000, "totalOtherIncomeExpenseNet": 1015000, "ebit": 877000, "interestExpense": -35000, "incomeBeforeTax": 1892000, "incomeTaxExpense": 2000, "minorityInterest": {}, "netIncomeFromContinuingOps": 1890000, "discontinuedOperations": {}, "extraordinaryItems": {}, "effectOfAccountingCharges": {}, "otherItems": {}, "netIncome": 1890000, "netIncomeApplicableToCommonShares": 1890000}, {"maxAge": 1, "endDate": "2020-03-31", "totalRevenue": 62888000, "costOfRevenue": 64989000, "grossProfit": -2101000, "researchDevelopment": {}, "sellingGeneralAdministrative": 487000, "nonRecurring": {}, "otherOperatingExpenses": -830000, "totalOperatingExpenses": 64773000, "operatingIncome": -1885000, "totalOtherIncomeExpenseNet": 3574000, "ebit": -1885000, "interestExpense": -62000, "incomeBeforeTax": 1689000, "incomeTaxExpense": 5000, "minorityInterest": {}, "netIncomeFromContinuingOps": 1684000, "discontinuedOperations": {}, "extraordinaryItems": {}, "effectOfAccountingCharges": {}, "otherItems": {}, "netIncome": 1684000, "netIncomeApplicableToCommonShares": 1684000}, {"maxAge": 1, "endDate": "2019-12-31", "totalRevenue": 36799000, "costOfRevenue": 36209000, "grossProfit": 590000, "researchDevelopment": {}, "sellingGeneralAdministrative": 499000, "nonRecurring": {}, "otherOperatingExpenses": 4029000, "totalOperatingExpenses": 40807000, "operatingIncome": -4008000, "totalOtherIncomeExpenseNet": 335000, "ebit": -4008000, "interestExpense": -62000, "incomeBeforeTax": -3673000, "incomeTaxExpense": 30000, "minorityInterest": {}, "netIncomeFromContinuingOps": -3703000, "discontinuedOperations": {}, "extraordinaryItems": {}, "effectOfAccountingCharges": {}, "otherItems": {}, "netIncome": -3703000, "netIncomeApplicableToCommonShares": -3703000}, {"maxAge": 1, "endDate": "2019-09-30", "totalRevenue": 54414000, "costOfRevenue": 60333000, "grossProfit": -5919000, "researchDevelopment": {}, "sellingGeneralAdministrative": 613000, "nonRecurring": {}, "otherOperatingExpenses": 1947000, "totalOperatingExpenses": 62950000, "operatingIncome": -8536000, "totalOtherIncomeExpenseNet": 1569000, "ebit": -8536000, "interestExpense": -62000, "incomeBeforeTax": -6967000, "incomeTaxExpense": 4000, "minorityInterest": {}, "netIncomeFromContinuingOps": -6971000, "discontinuedOperations": {}, "extraordinaryItems": {}, "effectOfAccountingCharges": {}, "otherItems": {}, "netIncome": -6971000, "netIncomeApplicableToCommonShares": -6971000}], "maxAge": 86400}, "cashflowStatementHistoryQuarterly": {"cashflowStatements": [{"maxAge": 1, "endDate": "2020-06-30", "netIncome": 1890000, "changeToLiabilities": 0}, {"maxAge": 1, "endDate": "2020-03-31", "netIncome": 1684000, "changeToLiabilities": 0}, {"maxAge": 1, "endDate": "2019-12-31", "netIncome": -3703000, "changeToLiabilities": 0}, {"maxAge": 1, "endDate": "2019-09-30", "netIncome": -6971000, "changeToLiabilities": 0}], "maxAge": 86400}, "insiderHolders": {"holders": [], "maxAge": 1}, "calendarEvents": {"maxAge": 1, "earnings": {"earningsDate": ["2020-06-29 05:30:S"]}}, "price": {"maxAge": 1, "regularMarketChangePercent": -0.017605618, "regularMarketChange": -0.049999952, "regularMarketTime": "2021-04-30 14:57:09", "priceHint": 4, "regularMarketPrice": 2.79, "regularMarketDayHigh": 2.79, "regularMarketDayLow": 2.79, "regularMarketVolume": 209, "averageDailyVolume10Day": 2793, "averageDailyVolume3Month": 692, "regularMarketPreviousClose": 2.84, "regularMarketSource": "FREE_REALTIME", "regularMarketOpen": 2.79, "exchange": "BSE", "exchangeName": "BSE", "exchangeDataDelayedBy": 0, "marketState": "CLOSED", "quoteType": "EQUITY", "symbol": "SHEETAL.BO", "underlyingSymbol": null, "shortName": "SHEETAL DIAMONDS LTD.", "longName": "Sheetal Diamonds Limited", "currency": "INR", "quoteSourceName": "Delayed Quote", "currencySymbol": "\u20b9", "fromCurrency": null, "toCurrency": null, "lastMarket": null, "marketCap": 13950000}, "balanceSheetHistory": {"balanceSheetStatements": [{"maxAge": 1, "endDate": "2020-03-31", "cash": 2050000, "netReceivables": 47367000, "inventory": 19891000, "otherCurrentAssets": 4301000, "totalCurrentAssets": 73609000, "propertyPlantEquipment": 3254000, "otherAssets": 1165000, "deferredLongTermAssetCharges": 125000, "totalAssets": 78028000, "accountsPayable": 41376000, "shortLongTermDebt": 2200000, "otherCurrentLiab": 1240000, "longTermDebt": 1302000, "otherLiab": -1000, "totalCurrentLiabilities": 44816000, "totalLiab": 46117000, "commonStock": 50000000, "retainedEarnings": -18089000, "totalStockholderEquity": 31911000, "netTangibleAssets": 31911000}, {"maxAge": 1, "endDate": "2019-03-31", "cash": 433566, "netReceivables": 29069844, "inventory": 7298190, "otherCurrentAssets": 660383, "totalCurrentAssets": 37470538, "propertyPlantEquipment": 985162, "otherAssets": 191877, "deferredLongTermAssetCharges": 169877, "totalAssets": 38647577, "accountsPayable": 4472826, "otherCurrentLiab": 536124, "totalCurrentLiabilities": 5255083, "totalLiab": 5255083, "commonStock": 50000000, "retainedEarnings": -16607506, "totalStockholderEquity": 33392494, "netTangibleAssets": 33392494}, {"maxAge": 1, "endDate": "2018-03-31", "cash": 6158383, "netReceivables": 17830391, "inventory": 18793350, "otherCurrentAssets": 40833, "totalCurrentAssets": 42822957, "propertyPlantEquipment": 1241561, "otherAssets": 404357, "deferredLongTermAssetCharges": 269267, "totalAssets": 44468875, "accountsPayable": 2730177, "otherCurrentLiab": 5350770, "longTermDebt": 980000, "deferredLongTermLiab": 113090, "totalCurrentLiabilities": 8088994, "totalLiab": 9068994, "commonStock": 50000000, "retainedEarnings": -14600119, "totalStockholderEquity": 35399881, "netTangibleAssets": 35399881}, {"maxAge": 1, "endDate": "2017-03-31", "cash": 4783958, "netReceivables": 22880194, "inventory": 15779754, "totalCurrentAssets": 43443906, "propertyPlantEquipment": 1577823, "otherAssets": 153938, "totalAssets": 45175667, "accountsPayable": 9458060, "longTermDebt": 980000, "deferredLongTermLiab": 131938, "totalCurrentLiabilities": 9481565, "totalLiab": 10461565, "commonStock": 50000000, "retainedEarnings": -15285898, "totalStockholderEquity": 34714102, "netTangibleAssets": 34714102}], "maxAge": 86400}, "financialData": {"maxAge": 86400, "currentPrice": 2.79, "recommendationKey": "none", "grossProfits": 2788000, "financialCurrency": "INR"}}}