{"SHEMAROO.BO": {"recommendationTrend": {"trend": [{"period": "0m", "strongBuy": 0, "buy": 0, "hold": 0, "sell": 0, "strongSell": 0}, {"period": "-1m", "strongBuy": 0, "buy": 0, "hold": 0, "sell": 0, "strongSell": 0}, {"period": "-2m", "strongBuy": 0, "buy": 0, "hold": 0, "sell": 0, "strongSell": 0}, {"period": "-3m", "strongBuy": 0, "buy": 0, "hold": 0, "sell": 0, "strongSell": 0}], "maxAge": 86400}, "cashflowStatementHistory": {"cashflowStatements": [{"maxAge": 1, "endDate": "2020-03-31", "netIncome": 301443000, "depreciation": 71065000, "changeToNetincome": 20988000, "changeToAccountReceivables": 482994000, "changeToLiabilities": 151088000, "changeToInventory": -1107087000, "totalCashFromOperatingActivities": -75460000, "capitalExpenditures": -70237000, "otherCashflowsFromInvestingActivities": 8742000, "totalCashflowsFromInvestingActivities": -61427000, "dividendsPaid": -44851000, "netBorrowings": 451869000, "otherCashflowsFromFinancingActivities": -248563000, "totalCashFromFinancingActivities": 133619000, "changeInCash": -3268000, "repurchaseOfStock": -24836000}, {"maxAge": 1, "endDate": "2019-03-31", "netIncome": 829535000, "depreciation": 55846000, "changeToNetincome": 279557000, "changeToAccountReceivables": -280665000, "changeToLiabilities": 165602000, "changeToInventory": -730312000, "totalCashFromOperatingActivities": 319563000, "capitalExpenditures": -42312000, "otherCashflowsFromInvestingActivities": 12050000, "totalCashflowsFromInvestingActivities": -27632000, "dividendsPaid": -42132000, "netBorrowings": 12005000, "otherCashflowsFromFinancingActivities": -264345000, "totalCashFromFinancingActivities": -294472000, "changeInCash": -2540000, "repurchaseOfStock": -24836000}, {"maxAge": 1, "endDate": "2018-03-31", "netIncome": 711648000, "depreciation": 51252000, "changeToNetincome": 173403000, "changeToAccountReceivables": 759092000, "changeToLiabilities": -77535000, "changeToInventory": -292753000, "totalCashFromOperatingActivities": 1325107000, "capitalExpenditures": -36210000, "otherCashflowsFromInvestingActivities": 127499000, "totalCashflowsFromInvestingActivities": -143313000, "dividendsPaid": -38055000, "netBorrowings": -1062691000, "otherCashflowsFromFinancingActivities": -321286000, "totalCashFromFinancingActivities": -1187630000, "changeInCash": -5837000, "repurchaseOfStock": -24836000, "issuanceOfStock": 234402000}, {"maxAge": 1, "endDate": "2017-03-31", "netIncome": 617511000, "depreciation": 40058000, "changeToNetincome": 451769000, "changeToAccountReceivables": -539481000, "changeToLiabilities": -25927000, "changeToInventory": -1127942000, "totalCashFromOperatingActivities": -581094000, "capitalExpenditures": -80796000, "otherCashflowsFromInvestingActivities": 39728000, "totalCashflowsFromInvestingActivities": -40712000, "dividendsPaid": -38055000, "netBorrowings": 1007159000, "otherCashflowsFromFinancingActivities": -350014000, "totalCashFromFinancingActivities": 621232000, "changeInCash": -575000, "repurchaseOfStock": -24836000, "issuanceOfStock": 2142000}], "maxAge": 86400}, "institutionOwnership": {"ownershipList": [], "maxAge": 1}, "balanceSheetHistoryQuarterly": {"balanceSheetStatements": [{"maxAge": 1, "endDate": "2020-06-30", "totalStockholderEquity": 5969700000, "netTangibleAssets": 5957300000}, {"maxAge": 1, "endDate": "2020-03-31", "cash": 7229000, "shortTermInvestments": 508000, "netReceivables": 1282105000, "inventory": 7261716000, "otherCurrentAssets": 10713000, "totalCurrentAssets": 8621975000, "longTermInvestments": 26730000, "propertyPlantEquipment": 329762000, "intangibleAssets": 12400000, "otherAssets": 24493000, "totalAssets": 9015360000, "accountsPayable": 490971000, "shortLongTermDebt": 96117000, "otherCurrentLiab": 10697000, "longTermDebt": 238609000, "otherLiab": 36896000, "minorityInterest": -40961000, "totalCurrentLiabilities": 2797147000, "totalLiab": 3086611000, "commonStock": 271822000, "retainedEarnings": 4249545000, "treasuryStock": 14262000, "capitalSurplus": 1434081000, "otherStockholderEquity": 14262000, "totalStockholderEquity": 5969710000, "netTangibleAssets": 5957310000}, {"maxAge": 1, "endDate": "2019-12-31", "totalStockholderEquity": 6018500000, "netTangibleAssets": 6005500000}, {"maxAge": 1, "endDate": "2019-09-30", "cash": 26600000, "netReceivables": 1416200000, "inventory": 6794500000, "otherCurrentAssets": 285500000, "totalCurrentAssets": 8522800000, "longTermInvestments": 89600000, "propertyPlantEquipment": 345500000, "intangibleAssets": 13000000, "otherAssets": 46800000, "totalAssets": 9017700000, "accountsPayable": 489700000, "shortLongTermDebt": 185300000, "otherCurrentLiab": 129800000, "longTermDebt": 2700000, "otherLiab": 64200000, "minorityInterest": -40900000, "totalCurrentLiabilities": 2949600000, "totalLiab": 3040100000, "commonStock": 271800000, "treasuryStock": 5746700000, "otherStockholderEquity": 5746700000, "totalStockholderEquity": 6018500000, "netTangibleAssets": 6005500000}], "maxAge": 86400}, "earningsHistory": {"history": [{"maxAge": 1, "epsActual": 6.88, "epsEstimate": 6.71, "epsDifference": 0.17, "surprisePercent": 0.025, "quarter": "2017-09-30", "period": "-4q"}, {"maxAge": 1, "epsActual": 6.89, "epsEstimate": 6.85, "epsDifference": 0.04, "surprisePercent": 0.006, "quarter": "2018-03-31", "period": "-3q"}, {"maxAge": 1, "epsActual": 7.19, "epsEstimate": 7.13, "epsDifference": 0.06, "surprisePercent": 0.008, "quarter": "2018-06-30", "period": "-2q"}, {"maxAge": 1, "epsActual": 8.45, "epsEstimate": 8.15, "epsDifference": 0.3, "surprisePercent": 0.037, "quarter": "2018-09-30", "period": "-1q"}], "maxAge": 86400}, "indexTrend": {"maxAge": 1, "symbol": "SP5", "peRatio": 19.7411, "pegRatio": 1.34172, "estimates": [{"period": "0q", "growth": 0.549}, {"period": "+1q", "growth": 0.431}, {"period": "0y", "growth": 0.305}, {"period": "+1y", "growth": 0.109}, {"period": "+5y", "growth": 0.120865}, {"period": "-5y"}]}, "industryTrend": {"maxAge": 1, "symbol": null, "estimates": []}, "insiderTransactions": {"transactions": [{"maxAge": 1, "shares": 10, "filerUrl": "", "transactionText": "", "filerName": "Maroo (Buddhichand H) HUF", "filerRelation": "UNREPORTED", "moneyText": "", "startDate": "2020-05-20", "ownership": "D"}, {"maxAge": 1, "shares": 3130, "filerUrl": "", "transactionText": "", "filerName": "Arambhan (Denzil)", "filerRelation": "UNREPORTED", "moneyText": "", "startDate": "2020-03-24", "ownership": "D"}, {"maxAge": 1, "shares": 6104, "filerUrl": "", "transactionText": "", "filerName": "Arambhan (Denzil)", "filerRelation": "UNREPORTED", "moneyText": "", "startDate": "2020-03-23", "ownership": "D"}, {"maxAge": 1, "shares": 5766, "filerUrl": "", "transactionText": "", "filerName": "Arambhan (Denzil)", "filerRelation": "UNREPORTED", "moneyText": "", "startDate": "2020-03-20", "ownership": "D"}, {"maxAge": 1, "shares": 15040, "filerUrl": "", "transactionText": "", "filerName": "Dharod (Bipin)", "filerRelation": "UNREPORTED", "moneyText": "", "startDate": "2017-03-30", "ownership": "D"}, {"maxAge": 1, "shares": 14000, "filerUrl": "", "transactionText": "", "filerName": "Dharod (Chandan)", "filerRelation": "UNREPORTED", "moneyText": "", "startDate": "2017-03-30", "ownership": "D"}, {"maxAge": 1, "shares": 80000, "filerUrl": "", "transactionText": "", "filerName": "Maru (Chetna)", "filerRelation": "UNREPORTED", "moneyText": "", "startDate": "2017-03-29", "ownership": "D"}, {"maxAge": 1, "shares": 81000, "filerUrl": "", "transactionText": "", "filerName": "Karani (Vinod)", "filerRelation": "UNREPORTED", "moneyText": "", "startDate": "2017-03-29", "ownership": "D"}, {"maxAge": 1, "shares": 80000, "filerUrl": "", "transactionText": "", "filerName": "Karani (Varsha)", "filerRelation": "UNREPORTED", "moneyText": "", "startDate": "2017-03-29", "ownership": "D"}, {"maxAge": 1, "shares": 65500, "filerUrl": "", "transactionText": "", "filerName": "Karani (Hemant)", "filerRelation": "UNREPORTED", "moneyText": "", "startDate": "2017-03-29", "ownership": "D"}, {"maxAge": 1, "shares": 65500, "filerUrl": "", "transactionText": "", "filerName": "Karani (Harshada)", "filerRelation": "UNREPORTED", "moneyText": "", "startDate": "2017-03-29", "ownership": "D"}, {"maxAge": 1, "shares": 546840, "filerUrl": "", "transactionText": "", "filerName": "Gada (Hiren Uday)", "filerRelation": "UNREPORTED", "moneyText": "", "startDate": "2017-03-29", "ownership": "D"}, {"maxAge": 1, "shares": 24000, "filerUrl": "", "transactionText": "", "filerName": "Gada (Hemchand)", "filerRelation": "UNREPORTED", "moneyText": "", "startDate": "2017-03-29", "ownership": "D"}, {"maxAge": 1, "shares": 25259, "filerUrl": "", "transactionText": "", "filerName": "Gada (Harakhchand)", "filerRelation": "UNREPORTED", "moneyText": "", "startDate": "2017-03-29", "ownership": "D"}, {"maxAge": 1, "shares": 24000, "filerUrl": "", "transactionText": "", "filerName": "Gada (Harakhchand)", "filerRelation": "UNREPORTED", "moneyText": "", "startDate": "2017-03-29", "ownership": "D"}, {"maxAge": 1, "shares": 80000, "filerUrl": "", "transactionText": "", "filerName": "Maru (Ketan)", "filerRelation": "UNREPORTED", "moneyText": "", "startDate": "2017-03-29", "ownership": "D"}, {"maxAge": 1, "shares": 2020, "filerUrl": "", "transactionText": "", "filerName": "Maru (Ketan)", "filerRelation": "UNREPORTED", "moneyText": "", "startDate": "2017-03-29", "ownership": "D"}, {"maxAge": 1, "shares": 546840, "filerUrl": "", "transactionText": "", "filerName": "Arambhan (Kranti Gada)", "filerRelation": "UNREPORTED", "moneyText": "", "startDate": "2017-03-29", "ownership": "D"}, {"maxAge": 1, "shares": 6000, "filerUrl": "", "transactionText": "", "filerName": "Dharod (Bipin)", "filerRelation": "UNREPORTED", "moneyText": "", "startDate": "2017-03-25", "ownership": "D"}, {"maxAge": 1, "shares": 5000, "filerUrl": "", "transactionText": "", "filerName": "Karani (Vinod)", "filerRelation": "UNREPORTED", "moneyText": "", "startDate": "2017-01-06", "ownership": "D"}, {"maxAge": 1, "shares": 3701, "filerUrl": "", "transactionText": "", "filerName": "Karani (Vinod)", "filerRelation": "UNREPORTED", "moneyText": "", "startDate": "2016-12-19", "ownership": "D"}, {"maxAge": 1, "shares": 4840, "filerUrl": "", "transactionText": "", "filerName": "Gada (Harakhchand)", "filerRelation": "UNREPORTED", "moneyText": "", "startDate": "2016-11-30", "ownership": "D"}, {"maxAge": 1, "shares": 5000, "filerUrl": "", "transactionText": "", "filerName": "Karani (Vinod)", "filerRelation": "UNREPORTED", "moneyText": "", "startDate": "2016-11-28", "ownership": "D"}, {"maxAge": 1, "shares": 8100, "filerUrl": "", "transactionText": "", "filerName": "Karani (Vinod)", "filerRelation": "UNREPORTED", "moneyText": "", "startDate": "2016-10-28", "ownership": "D"}, {"maxAge": 1, "shares": 20000, "filerUrl": "", "transactionText": "", "filerName": "Dharod (Bipin)", "filerRelation": "UNREPORTED", "moneyText": "", "startDate": "2015-11-18", "ownership": "D"}, {"maxAge": 1, "shares": 837230, "filerUrl": "", "transactionText": "", "filerName": "Copthall Mauritius Investment Ltd", "filerRelation": "Management Subsidary of bank", "moneyText": "", "startDate": "2015-01-29", "ownership": "D"}, {"maxAge": 1, "shares": 710770, "filerUrl": "", "transactionText": "", "filerName": "Copthall Mauritius Investment Ltd", "filerRelation": "Management Subsidary of bank", "moneyText": "", "startDate": "2015-01-21", "ownership": "D"}], "maxAge": 1}, "quoteType": {"exchange": "BSE", "quoteType": "EQUITY", "symbol": "SHEMAROO.BO", "underlyingSymbol": "SHEMAROO.BO", "shortName": "SHEMAROO ENTERTAINMENT LIMITED", "longName": "Shemaroo Entertainment Limited", "firstTradeDateEpochUtc": "2014-10-01 09:15:00", "timeZoneFullName": "Asia/Kolkata", "timeZoneShortName": "IST", "uuid": "00037f0c-2822-39b8-bba9-e07ea172ba12", "gmtOffSetMilliseconds": 19800000, "maxAge": 1}, "incomeStatementHistory": {"incomeStatementHistory": [{"maxAge": 1, "endDate": "2020-03-31", "totalRevenue": 5131396000, "costOfRevenue": 4055584000, "grossProfit": 1075812000, "researchDevelopment": {}, "sellingGeneralAdministrative": {}, "nonRecurring": {}, "otherOperatingExpenses": 307641000, "totalOperatingExpenses": 4438339000, "operatingIncome": 693057000, "totalOtherIncomeExpenseNet": -278338000, "ebit": 693057000, "interestExpense": -232792000, "incomeBeforeTax": 414719000, "incomeTaxExpense": 112740000, "minorityInterest": -40961000, "netIncomeFromContinuingOps": 301979000, "discontinuedOperations": {}, "extraordinaryItems": {}, "effectOfAccountingCharges": {}, "otherItems": {}, "netIncome": 301443000, "netIncomeApplicableToCommonShares": 301443000}, {"maxAge": 1, "endDate": "2019-03-31", "totalRevenue": 5678314000, "costOfRevenue": 3771174000, "grossProfit": 1907140000, "researchDevelopment": {}, "sellingGeneralAdministrative": {}, "nonRecurring": {}, "otherOperatingExpenses": 326090000, "totalOperatingExpenses": 4154499000, "operatingIncome": 1523815000, "totalOtherIncomeExpenseNet": -242050000, "ebit": 1523815000, "interestExpense": -246006000, "incomeBeforeTax": 1281765000, "incomeTaxExpense": 457348000, "minorityInterest": -41532000, "netIncomeFromContinuingOps": 824417000, "discontinuedOperations": {}, "extraordinaryItems": {}, "effectOfAccountingCharges": {}, "otherItems": {}, "netIncome": 829535000, "netIncomeApplicableToCommonShares": 829535000}, {"maxAge": 1, "endDate": "2018-03-31", "totalRevenue": 4889355000, "costOfRevenue": 3193290000, "grossProfit": 1696065000, "researchDevelopment": {}, "sellingGeneralAdministrative": {}, "nonRecurring": {}, "otherOperatingExpenses": 262335000, "totalOperatingExpenses": 3508625000, "operatingIncome": 1380730000, "totalOtherIncomeExpenseNet": -306172000, "ebit": 1380730000, "interestExpense": -301760000, "incomeBeforeTax": 1074558000, "incomeTaxExpense": 367428000, "minorityInterest": -36413000, "netIncomeFromContinuingOps": 707130000, "discontinuedOperations": {}, "extraordinaryItems": {}, "effectOfAccountingCharges": {}, "otherItems": {}, "netIncome": 711648000, "netIncomeApplicableToCommonShares": 711648000}, {"maxAge": 1, "endDate": "2017-03-31", "totalRevenue": 4255317000, "costOfRevenue": 2763358000, "grossProfit": 1491959000, "researchDevelopment": {}, "sellingGeneralAdministrative": {}, "nonRecurring": {}, "otherOperatingExpenses": 199277000, "totalOperatingExpenses": 3007688000, "operatingIncome": 1247629000, "totalOtherIncomeExpenseNet": -314461000, "ebit": 1247629000, "interestExpense": -318264000, "incomeBeforeTax": 933168000, "incomeTaxExpense": 342110000, "minorityInterest": -31895000, "netIncomeFromContinuingOps": 591058000, "discontinuedOperations": {}, "extraordinaryItems": {}, "effectOfAccountingCharges": {}, "otherItems": {}, "netIncome": 617511000, "netIncomeApplicableToCommonShares": 617511000}], "maxAge": 86400}, "fundOwnership": {"ownershipList": [], "maxAge": 1}, "summaryDetail": {"maxAge": 1, "priceHint": 2, "previousClose": 97.7, "open": 98.7, "dayLow": 96.5, "dayHigh": 104.55, "regularMarketPreviousClose": 97.7, "regularMarketOpen": 98.7, "regularMarketDayLow": 96.5, "regularMarketDayHigh": 104.55, "trailingPE": 261.47757, "forwardPE": 3.3310924, "volume": 16632, "regularMarketVolume": 16632, "averageVolume": 11770, "averageVolume10days": 3664, "averageDailyVolume10Day": 3664, "bid": 97.1, "ask": 103.7, "bidSize": 0, "askSize": 0, "marketCap": 2693755904, "fiftyTwoWeekLow": 41.8, "fiftyTwoWeekHigh": 154.8, "fiftyDayAverage": 74.219696, "twoHundredDayAverage": 63.510662, "trailingAnnualDividendRate": 1.65, "trailingAnnualDividendYield": 0.016888434, "currency": "INR", "fromCurrency": null, "lastMarket": null, "algorithm": null, "tradeable": false}, "sectorTrend": {"maxAge": 1, "symbol": null, "estimates": []}, "incomeStatementHistoryQuarterly": {"incomeStatementHistory": [{"maxAge": 1, "endDate": "2020-06-30", "totalRevenue": 862000000, "costOfRevenue": 868800000, "grossProfit": -6800000, "researchDevelopment": {}, "sellingGeneralAdministrative": {}, "nonRecurring": {}, "otherOperatingExpenses": 42100000, "totalOperatingExpenses": 929600000, "operatingIncome": -67600000, "totalOtherIncomeExpenseNet": -65200000, "ebit": -67600000, "interestExpense": -68600000, "incomeBeforeTax": -132800000, "incomeTaxExpense": -4700000, "minorityInterest": {}, "netIncomeFromContinuingOps": -128100000, "discontinuedOperations": {}, "extraordinaryItems": {}, "effectOfAccountingCharges": {}, "otherItems": {}, "netIncome": -129600000, "netIncomeApplicableToCommonShares": -129600000}, {"maxAge": 1, "endDate": "2020-03-31", "totalRevenue": 1227396000, "costOfRevenue": 1190384000, "grossProfit": 37012000, "researchDevelopment": {}, "sellingGeneralAdministrative": {}, "nonRecurring": {}, "otherOperatingExpenses": 67741000, "totalOperatingExpenses": 1278439000, "operatingIncome": -51043000, "totalOtherIncomeExpenseNet": -123938000, "ebit": -51043000, "interestExpense": -60192000, "incomeBeforeTax": -174981000, "incomeTaxExpense": -32760000, "minorityInterest": -40961000, "netIncomeFromContinuingOps": -142221000, "discontinuedOperations": {}, "extraordinaryItems": {}, "effectOfAccountingCharges": {}, "otherItems": {}, "netIncome": -139857000, "netIncomeApplicableToCommonShares": -139857000}, {"maxAge": 1, "endDate": "2019-12-31", "totalRevenue": 970400000, "costOfRevenue": 691300000, "grossProfit": 279100000, "researchDevelopment": {}, "sellingGeneralAdministrative": {}, "nonRecurring": {}, "otherOperatingExpenses": 84300000, "totalOperatingExpenses": 795700000, "operatingIncome": 174700000, "totalOtherIncomeExpenseNet": -54300000, "ebit": 174700000, "interestExpense": -59300000, "incomeBeforeTax": 120400000, "incomeTaxExpense": 33200000, "minorityInterest": -40961000, "netIncomeFromContinuingOps": 87200000, "discontinuedOperations": {}, "extraordinaryItems": {}, "effectOfAccountingCharges": {}, "otherItems": {}, "netIncome": 85000000, "netIncomeApplicableToCommonShares": 85000000}, {"maxAge": 1, "endDate": "2019-09-30", "totalRevenue": 1503300000, "costOfRevenue": 1137300000, "grossProfit": 366000000, "researchDevelopment": {}, "sellingGeneralAdministrative": {}, "nonRecurring": {}, "otherOperatingExpenses": 81000000, "totalOperatingExpenses": 1238600000, "operatingIncome": 264700000, "totalOtherIncomeExpenseNet": -50500000, "ebit": 264700000, "interestExpense": -55600000, "incomeBeforeTax": 214200000, "incomeTaxExpense": 20600000, "minorityInterest": -40900000, "netIncomeFromContinuingOps": 193600000, "discontinuedOperations": {}, "extraordinaryItems": {}, "effectOfAccountingCharges": {}, "otherItems": {}, "netIncome": 194900000, "netIncomeApplicableToCommonShares": 194900000}], "maxAge": 86400}, "cashflowStatementHistoryQuarterly": {"cashflowStatements": [{"maxAge": 1, "endDate": "2020-06-30", "netIncome": -129600000, "changeToLiabilities": 0}, {"maxAge": 1, "endDate": "2020-03-31", "netIncome": -139857000, "changeToLiabilities": 0}, {"maxAge": 1, "endDate": "2019-12-31", "netIncome": 85000000, "changeToLiabilities": 0}, {"maxAge": 1, "endDate": "2019-09-30", "netIncome": 194900000, "changeToLiabilities": 0}], "maxAge": 86400}, "insiderHolders": {"holders": [{"maxAge": 1, "name": "Arambhan (Denzil)", "relation": "UNREPORTED", "url": "", "transactionDescription": "Acquisition", "latestTransDate": "2020-03-24", "positionDirect": 15000, "positionDirectDate": "2020-03-24"}, {"maxAge": 1, "name": "Dharod (Bipin)", "relation": "UNREPORTED", "url": "", "transactionDescription": "Sale", "latestTransDate": "2017-03-30", "positionDirect": 0, "positionDirectDate": "2017-03-30"}, {"maxAge": 1, "name": "Dharod (Chandan)", "relation": "UNREPORTED", "url": "", "transactionDescription": "Acquisition", "latestTransDate": "2017-03-30", "positionDirect": 14000, "positionDirectDate": "2017-03-30"}, {"maxAge": 1, "name": "Gada (Hiren Uday)", "relation": "UNREPORTED", "url": "", "transactionDescription": "Sale", "latestTransDate": "2017-03-29", "positionDirect": 1093680, "positionDirectDate": "2017-03-29"}, {"maxAge": 1, "name": "Karani (Harshada)", "relation": "UNREPORTED", "url": "", "transactionDescription": "Acquisition", "latestTransDate": "2017-03-29", "positionDirect": 65500, "positionDirectDate": "2017-03-29"}, {"maxAge": 1, "name": "Karani (Hemant)", "relation": "UNREPORTED", "url": "", "transactionDescription": "Sale", "latestTransDate": "2017-03-29", "positionDirect": 140, "positionDirectDate": "2017-03-29"}, {"maxAge": 1, "name": "Karani (Varsha)", "relation": "UNREPORTED", "url": "", "transactionDescription": "Acquisition", "latestTransDate": "2017-03-29", "positionDirect": 80000, "positionDirectDate": "2017-03-29"}, {"maxAge": 1, "name": "Karani (Vinod)", "relation": "UNREPORTED", "url": "", "transactionDescription": "Sale", "latestTransDate": "2017-03-29", "positionDirect": 12039, "positionDirectDate": "2017-03-29"}, {"maxAge": 1, "name": "Maroo (Buddhichand H) HUF", "relation": "UNREPORTED", "url": "", "transactionDescription": "Other", "latestTransDate": "2020-05-20", "positionDirect": 10, "positionDirectDate": "2020-05-20"}, {"maxAge": 1, "name": "Maru (Chetna)", "relation": "UNREPORTED", "url": "", "transactionDescription": "Acquisition", "latestTransDate": "2017-03-29", "positionDirect": 80000, "positionDirectDate": "2017-03-29"}], "maxAge": 1}, "earnings": {"maxAge": 86400, "earningsChart": {"quarterly": [{"date": "3Q2017", "actual": 6.88, "estimate": 6.71}, {"date": "1Q2018", "actual": 6.89, "estimate": 6.85}, {"date": "2Q2018", "actual": 7.19, "estimate": 7.13}, {"date": "3Q2018", "actual": 8.45, "estimate": 8.15}], "currentQuarterEstimateDate": "4Q", "currentQuarterEstimateYear": 2018, "earningsDate": []}, "financialsChart": {"yearly": [{"date": 2017, "revenue": 4255317000, "earnings": 617511000}, {"date": 2018, "revenue": 4889355000, "earnings": 711648000}, {"date": 2019, "revenue": 5678314000, "earnings": 829535000}, {"date": 2020, "revenue": 5131396000, "earnings": 301443000}], "quarterly": [{"date": "3Q2019", "revenue": 1503300000, "earnings": 194900000}, {"date": "4Q2019", "revenue": 970400000, "earnings": 85000000}, {"date": "1Q2020", "revenue": 1227396000, "earnings": -139857000}, {"date": "2Q2020", "revenue": 862000000, "earnings": -129600000}]}, "financialCurrency": "INR"}, "calendarEvents": {"maxAge": 1, "earnings": {"earningsDate": []}}, "upgradeDowngradeHistory": {"history": [], "maxAge": 86400}, "price": {"maxAge": 1, "regularMarketChangePercent": 0.014329596, "regularMarketChange": 1.4000015, "regularMarketTime": "2021-04-30 15:29:59", "priceHint": 2, "regularMarketPrice": 99.1, "regularMarketDayHigh": 104.55, "regularMarketDayLow": 96.5, "regularMarketVolume": 16632, "averageDailyVolume10Day": 3664, "averageDailyVolume3Month": 11770, "regularMarketPreviousClose": 97.7, "regularMarketSource": "FREE_REALTIME", "regularMarketOpen": 98.7, "exchange": "BSE", "exchangeName": "BSE", "exchangeDataDelayedBy": 0, "marketState": "CLOSED", "quoteType": "EQUITY", "symbol": "SHEMAROO.BO", "underlyingSymbol": null, "shortName": "SHEMAROO ENTERTAINMENT LIMITED", "longName": "Shemaroo Entertainment Limited", "currency": "INR", "quoteSourceName": "Delayed Quote", "currencySymbol": "\u20b9", "fromCurrency": null, "lastMarket": null, "marketCap": 2693755904}, "balanceSheetHistory": {"balanceSheetStatements": [{"maxAge": 1, "endDate": "2020-03-31", "cash": 7229000, "shortTermInvestments": 508000, "netReceivables": 1282105000, "inventory": 7261716000, "otherCurrentAssets": 10713000, "totalCurrentAssets": 8621975000, "longTermInvestments": 26730000, "propertyPlantEquipment": 329762000, "intangibleAssets": 12400000, "otherAssets": 24493000, "totalAssets": 9015360000, "accountsPayable": 490971000, "shortLongTermDebt": 96117000, "otherCurrentLiab": 10697000, "longTermDebt": 238609000, "otherLiab": 36896000, "minorityInterest": -40961000, "totalCurrentLiabilities": 2797147000, "totalLiab": 3086611000, "commonStock": 271822000, "retainedEarnings": 4249545000, "treasuryStock": 14262000, "capitalSurplus": 1434081000, "otherStockholderEquity": 14262000, "totalStockholderEquity": 5969710000, "netTangibleAssets": 5957310000}, {"maxAge": 1, "endDate": "2019-03-31", "cash": 10497000, "shortTermInvestments": 1159000, "netReceivables": 1639006000, "inventory": 6226549000, "otherCurrentAssets": 13320000, "totalCurrentAssets": 7899071000, "longTermInvestments": 65847000, "propertyPlantEquipment": 306111000, "intangibleAssets": 10372000, "otherAssets": 20764000, "totalAssets": 8302165000, "accountsPayable": 297856000, "shortLongTermDebt": 48603000, "otherCurrentLiab": 169147000, "longTermDebt": 3773000, "otherLiab": 65875000, "minorityInterest": -41532000, "totalCurrentLiabilities": 2556918000, "totalLiab": 2626566000, "commonStock": 271822000, "retainedEarnings": 4002800000, "treasuryStock": 8428000, "capitalSurplus": 1434081000, "otherStockholderEquity": 8428000, "totalStockholderEquity": 5717131000, "netTangibleAssets": 5706759000}, {"maxAge": 1, "endDate": "2018-03-31", "cash": 13037000, "netReceivables": 1444091000, "inventory": 5414879000, "otherCurrentAssets": 24000, "totalCurrentAssets": 6879783000, "longTermInvestments": 67672000, "propertyPlantEquipment": 322518000, "intangibleAssets": 10097000, "otherAssets": 33461000, "totalAssets": 7313531000, "accountsPayable": 181114000, "shortLongTermDebt": 129753000, "otherCurrentLiab": 138330000, "longTermDebt": 21266000, "otherLiab": 52005000, "minorityInterest": -36413000, "totalCurrentLiabilities": 2342356000, "totalLiab": 2415627000, "commonStock": 271822000, "retainedEarnings": 3224058000, "treasuryStock": 4356000, "capitalSurplus": 1434081000, "otherStockholderEquity": 4356000, "totalStockholderEquity": 4934317000, "netTangibleAssets": 4924220000}, {"maxAge": 1, "endDate": "2017-03-31", "cash": 18874000, "netReceivables": 1926111000, "inventory": 5321383000, "otherCurrentAssets": -50000, "totalCurrentAssets": 7278493000, "longTermInvestments": 73013000, "propertyPlantEquipment": 337075000, "intangibleAssets": 10624000, "otherAssets": 105230000, "totalAssets": 7804435000, "accountsPayable": 190425000, "shortLongTermDebt": 289937000, "otherCurrentLiab": 265528000, "longTermDebt": 131067000, "otherLiab": 73905000, "minorityInterest": -31895000, "totalCurrentLiabilities": 3366816000, "totalLiab": 3571788000, "commonStock": 271800000, "retainedEarnings": 2558213000, "treasuryStock": 448000, "capitalSurplus": 1434081000, "otherStockholderEquity": 448000, "totalStockholderEquity": 4264542000, "netTangibleAssets": 4253918000}], "maxAge": 86400}, "earningsTrend": {"trend": [{"maxAge": 1, "period": "0q", "endDate": "2018-12-31", "growth": {}, "earningsEstimate": {"avg": 0.0, "low": 0.0, "high": 0.0, "yearAgoEps": 6.88, "numberOfAnalysts": 0, "growth": {}}, "revenueEstimate": {"avg": 0, "low": 0, "high": 0, "numberOfAnalysts": 0, "yearAgoRevenue": {}, "growth": {}}, "epsTrend": {"current": 0.0, "7daysAgo": 0.0, "30daysAgo": 0.0, "60daysAgo": 0.0, "90daysAgo": 0.0}, "epsRevisions": {"upLast7days": 0, "upLast30days": 0, "downLast30days": 0, "downLast90days": {}}}, {"maxAge": 1, "period": "+1q", "endDate": "2019-03-31", "growth": {}, "earningsEstimate": {"avg": 0.0, "low": 0.0, "high": 0.0, "yearAgoEps": 6.89, "numberOfAnalysts": 0, "growth": {}}, "revenueEstimate": {"avg": 0, "low": 0, "high": 0, "numberOfAnalysts": 0, "yearAgoRevenue": {}, "growth": {}}, "epsTrend": {"current": 0.0, "7daysAgo": 0.0, "30daysAgo": 0.0, "60daysAgo": 0.0, "90daysAgo": 0.0}, "epsRevisions": {"upLast7days": 0, "upLast30days": 0, "downLast30days": 0, "downLast90days": {}}}, {"maxAge": 1, "period": "0y", "endDate": "2019-03-31", "growth": {}, "earningsEstimate": {"avg": 0.0, "low": 0.0, "high": 0.0, "yearAgoEps": {}, "numberOfAnalysts": 0, "growth": {}}, "revenueEstimate": {"avg": 5846670000, "low": 5771000000, "high": 5909000000, "numberOfAnalysts": 3, "yearAgoRevenue": 4886300000, "growth": 0.19700001}, "epsTrend": {"current": 0.0, "7daysAgo": 31.27, "30daysAgo": 31.27, "60daysAgo": 31.27, "90daysAgo": 31.27}, "epsRevisions": {"upLast7days": 0, "upLast30days": 0, "downLast30days": 0, "downLast90days": {}}}, {"maxAge": 1, "period": "+1y", "endDate": "2020-03-31", "growth": {}, "earningsEstimate": {"avg": 0.0, "low": 0.0, "high": 0.0, "yearAgoEps": {}, "numberOfAnalysts": 0, "growth": {}}, "revenueEstimate": {"avg": 6737980000, "low": 6019920000, "high": 7212000000, "numberOfAnalysts": 5, "yearAgoRevenue": 5846670000, "growth": 0.152}, "epsTrend": {"current": 0.0, "7daysAgo": 37.64, "30daysAgo": 37.64, "60daysAgo": 37.64, "90daysAgo": 37.64}, "epsRevisions": {"upLast7days": 0, "upLast30days": 0, "downLast30days": 0, "downLast90days": {}}}, {"maxAge": 1, "period": "+5y", "endDate": null, "growth": 0.126, "earningsEstimate": {"avg": {}, "low": {}, "high": {}, "yearAgoEps": {}, "numberOfAnalysts": {}, "growth": {}}, "revenueEstimate": {"avg": {}, "low": {}, "high": {}, "numberOfAnalysts": {}, "yearAgoRevenue": {}, "growth": {}}, "epsTrend": {"current": {}, "7daysAgo": {}, "30daysAgo": {}, "60daysAgo": {}, "90daysAgo": {}}, "epsRevisions": {"upLast7days": {}, "upLast30days": {}, "downLast30days": {}, "downLast90days": {}}}, {"maxAge": 1, "period": "-5y", "endDate": null, "growth": {}, "earningsEstimate": {"avg": {}, "low": {}, "high": {}, "yearAgoEps": {}, "numberOfAnalysts": {}, "growth": {}}, "revenueEstimate": {"avg": {}, "low": {}, "high": {}, "numberOfAnalysts": {}, "yearAgoRevenue": {}, "growth": {}}, "epsTrend": {"current": {}, "7daysAgo": {}, "30daysAgo": {}, "60daysAgo": {}, "90daysAgo": {}}, "epsRevisions": {"upLast7days": {}, "upLast30days": {}, "downLast30days": {}, "downLast90days": {}}}], "maxAge": 1}, "financialData": {"maxAge": 86400, "currentPrice": 99.1, "targetHighPrice": 640.0, "targetLowPrice": 575.0, "targetMeanPrice": 599.67, "targetMedianPrice": 584.0, "recommendationKey": "none", "numberOfAnalystOpinions": 3, "grossProfits": 1075812000, "financialCurrency": "INR"}}}