{"SHERVANI.BO": {"cashflowStatementHistory": {"cashflowStatements": [{"maxAge": 1, "endDate": "2020-03-31", "netIncome": 199269000, "depreciation": 7080000, "changeToNetincome": -180278000, "changeToAccountReceivables": 44263000, "changeToLiabilities": -411093000, "changeToInventory": 214566000, "changeToOperatingActivities": -1726000, "totalCashFromOperatingActivities": -127919000, "capitalExpenditures": -16200000, "investments": 80965000, "otherCashflowsFromInvestingActivities": 184936000, "totalCashflowsFromInvestingActivities": 257328000, "netBorrowings": -12826000, "otherCashflowsFromFinancingActivities": -2547000, "totalCashFromFinancingActivities": -222873000, "changeInCash": -93464000, "repurchaseOfStock": -207500000}, {"maxAge": 1, "endDate": "2019-03-31", "netIncome": 340568000, "depreciation": 6430000, "changeToNetincome": -202802000, "changeToAccountReceivables": -20073000, "changeToLiabilities": 175786000, "changeToInventory": -45234000, "changeToOperatingActivities": -583000, "totalCashFromOperatingActivities": 254092000, "capitalExpenditures": -32253000, "investments": 7921000, "otherCashflowsFromInvestingActivities": 95997000, "totalCashflowsFromInvestingActivities": 73250000, "dividendsPaid": -250882000, "netBorrowings": 3783000, "otherCashflowsFromFinancingActivities": -63404000, "totalCashFromFinancingActivities": -310503000, "changeInCash": 16839000, "repurchaseOfStock": -207500000}, {"maxAge": 1, "endDate": "2018-03-31", "netIncome": 251916000, "depreciation": 4806000, "changeToNetincome": -469666000, "changeToAccountReceivables": 212863000, "changeToLiabilities": 397605000, "changeToInventory": -135889000, "changeToOperatingActivities": -583000, "totalCashFromOperatingActivities": 261635000, "capitalExpenditures": -26742000, "investments": -13812000, "otherCashflowsFromInvestingActivities": -222178000, "totalCashflowsFromInvestingActivities": -261891000, "dividendsPaid": -15680000, "netBorrowings": 58156000, "otherCashflowsFromFinancingActivities": -4004000, "totalCashFromFinancingActivities": 8905000, "changeInCash": 8649000, "repurchaseOfStock": -29567000}, {"maxAge": 1, "endDate": "2017-03-31", "netIncome": 158653651, "depreciation": 4245351, "changeToNetincome": -108226727, "changeToAccountReceivables": -128006142, "changeToLiabilities": 54193110, "changeToInventory": 176811582, "changeToOperatingActivities": 63938, "totalCashFromOperatingActivities": 157734763, "capitalExpenditures": -2445529, "investments": -66777659, "otherCashflowsFromInvestingActivities": 20142637, "totalCashflowsFromInvestingActivities": -48890075, "dividendsPaid": -15680000, "netBorrowings": -69120629, "otherCashflowsFromFinancingActivities": -1988398, "totalCashFromFinancingActivities": -71109027, "changeInCash": 37735661, "repurchaseOfStock": -29567000}], "maxAge": 86400}, "institutionOwnership": {"ownershipList": [], "maxAge": 1}, "balanceSheetHistoryQuarterly": {"balanceSheetStatements": [{"maxAge": 1, "endDate": "2020-06-30", "totalStockholderEquity": 1331386000, "netTangibleAssets": 1273222000}, {"maxAge": 1, "endDate": "2020-03-31", "cash": 21967000, "netReceivables": 8750000, "inventory": 1306060000, "otherCurrentAssets": 122541000, "totalCurrentAssets": 1483611000, "longTermInvestments": 37341000, "propertyPlantEquipment": 109806000, "goodWill": 58164000, "otherAssets": 13281000, "totalAssets": 1702203000, "accountsPayable": 11603000, "shortLongTermDebt": 7204000, "otherCurrentLiab": 291526000, "longTermDebt": 14237000, "otherLiab": 7922000, "totalCurrentLiabilities": 348658000, "totalLiab": 370817000, "commonStock": 27010000, "retainedEarnings": 602408000, "treasuryStock": 701968000, "otherStockholderEquity": 701968000, "totalStockholderEquity": 1331386000, "netTangibleAssets": 1273222000}, {"maxAge": 1, "endDate": "2019-12-31", "totalStockholderEquity": 1349400000, "netTangibleAssets": 1291200000}, {"maxAge": 1, "endDate": "2019-09-30", "cash": 217900000, "shortTermInvestments": 58000000, "netReceivables": 16500000, "inventory": 1264800000, "otherCurrentAssets": 30500000, "totalCurrentAssets": 1587700000, "longTermInvestments": 52000000, "propertyPlantEquipment": 114600000, "goodWill": 58200000, "totalAssets": 1812500000, "accountsPayable": 8100000, "otherCurrentLiab": 400600000, "longTermDebt": 39600000, "otherLiab": 1600000, "totalCurrentLiabilities": 421900000, "totalLiab": 463100000, "commonStock": 27200000, "treasuryStock": 1322200000, "otherStockholderEquity": 1322200000, "totalStockholderEquity": 1349400000, "netTangibleAssets": 1291200000}], "maxAge": 86400}, "indexTrend": {"maxAge": 1, "symbol": "SP5", "peRatio": 19.7411, "pegRatio": 1.34172, "estimates": [{"period": "0q", "growth": 0.549}, {"period": "+1q", "growth": 0.431}, {"period": "0y", "growth": 0.305}, {"period": "+1y", "growth": 0.109}, {"period": "+5y", "growth": 0.120859005}, {"period": "-5y"}]}, "insiderTransactions": {"transactions": [{"maxAge": 1, "shares": 49215, "filerUrl": "", "transactionText": "", "filerName": "Hasan (Salma)", "filerRelation": "Promoter", "moneyText": "", "startDate": "2019-05-30", "ownership": "D"}, {"maxAge": 1, "shares": 51513, "filerUrl": "", "transactionText": "", "filerName": "Hasan (Zeba)", "filerRelation": "Promoter", "moneyText": "", "startDate": "2019-05-30", "ownership": "D"}, {"maxAge": 1, "shares": 68924, "filerUrl": "", "transactionText": "", "filerName": "Reed Finance Pvt. Ltd.", "filerRelation": "Promoter", "moneyText": "", "startDate": "2019-05-30", "ownership": "D"}, {"maxAge": 1, "shares": 2500, "filerUrl": "", "transactionText": "", "filerName": "Saleem Iqbal Shervani Aslam Family Trust", "filerRelation": "Promoter", "moneyText": "", "startDate": "2019-05-30", "ownership": "D"}, {"maxAge": 1, "shares": 6432, "filerUrl": "", "transactionText": "", "filerName": "Saleem Iqbal Shervani Azhar Family Trust", "filerRelation": "Promoter", "moneyText": "", "startDate": "2019-05-30", "ownership": "D"}, {"maxAge": 1, "shares": 6522, "filerUrl": "", "transactionText": "", "filerName": "Saleem Iqbal Shervani Saeed Family Trust", "filerRelation": "Promoter", "moneyText": "", "startDate": "2019-05-30", "ownership": "D"}, {"maxAge": 1, "shares": 7225, "filerUrl": "", "transactionText": "", "filerName": "Saleem Iqbal Shervani Salma Zeba Family Trust", "filerRelation": "Promoter", "moneyText": "", "startDate": "2019-05-30", "ownership": "D"}, {"maxAge": 1, "shares": 47968, "filerUrl": "", "transactionText": "", "filerName": "Shervani (Azhar Nisar)", "filerRelation": "Promoter", "moneyText": "", "startDate": "2019-05-30", "ownership": "D"}, {"maxAge": 1, "shares": 52024, "filerUrl": "", "transactionText": "", "filerName": "Shervani (Saeed Mustafa)", "filerRelation": "Promoter", "moneyText": "", "startDate": "2019-05-30", "ownership": "D"}, {"maxAge": 1, "shares": 42600, "filerUrl": "", "transactionText": "", "filerName": "Shervani (Saleem Iqbal)", "filerRelation": "Promoter", "moneyText": "", "startDate": "2019-05-30", "ownership": "D"}, {"maxAge": 1, "shares": 53100, "filerUrl": "", "transactionText": "", "filerName": "Shervani (Saeed Mustafa)", "filerRelation": "Promoter", "moneyText": "", "startDate": "2017-04-18", "ownership": "D"}, {"maxAge": 1, "shares": 108900, "filerUrl": "", "transactionText": "", "filerName": "Shervani (Saleem Iqbal)", "filerRelation": "Promoter", "moneyText": "", "startDate": "2017-04-18", "ownership": "D"}, {"maxAge": 1, "shares": 53200, "filerUrl": "", "transactionText": "", "filerName": "Hasan (Salma)", "filerRelation": "Promoter", "moneyText": "", "startDate": "2017-03-23", "ownership": "D"}, {"maxAge": 1, "shares": 53700, "filerUrl": "", "transactionText": "", "filerName": "Hasan (Zeba)", "filerRelation": "Promoter", "moneyText": "", "startDate": "2017-03-23", "ownership": "D"}, {"maxAge": 1, "shares": 54800, "filerUrl": "", "transactionText": "", "filerName": "Shervani (Azhar Nisar)", "filerRelation": "Promoter", "moneyText": "", "startDate": "2017-03-23", "ownership": "D"}], "maxAge": 1}, "quoteType": {"exchange": "BSE", "quoteType": "EQUITY", "symbol": "SHERVANI.BO", "underlyingSymbol": "SHERVANI.BO", "shortName": "SHERVANI INDUSTRIAL SYNDICATE", "longName": "Shervani Industrial Syndicate Limited", "firstTradeDateEpochUtc": "2002-01-07 09:15:00", "timeZoneFullName": "Asia/Kolkata", "timeZoneShortName": "IST", "uuid": "339261e2-a978-3996-b956-f1f732a68c37", "gmtOffSetMilliseconds": 19800000, "maxAge": 1}, "incomeStatementHistory": {"incomeStatementHistory": [{"maxAge": 1, "endDate": "2020-03-31", "totalRevenue": 923274000, "costOfRevenue": 564974000, "grossProfit": 358300000, "researchDevelopment": {}, "sellingGeneralAdministrative": 36367000, "nonRecurring": {}, "otherOperatingExpenses": 69527000, "totalOperatingExpenses": 677948000, "operatingIncome": 245326000, "totalOtherIncomeExpenseNet": 6688000, "ebit": 245326000, "interestExpense": -3144000, "incomeBeforeTax": 252014000, "incomeTaxExpense": 52745000, "minorityInterest": {}, "netIncomeFromContinuingOps": 199269000, "discontinuedOperations": {}, "extraordinaryItems": {}, "effectOfAccountingCharges": {}, "otherItems": {}, "netIncome": 199269000, "netIncomeApplicableToCommonShares": 199269000}, {"maxAge": 1, "endDate": "2019-03-31", "totalRevenue": 785227000, "costOfRevenue": 253784000, "grossProfit": 531443000, "researchDevelopment": {}, "sellingGeneralAdministrative": 40641000, "nonRecurring": {}, "otherOperatingExpenses": 58131000, "totalOperatingExpenses": 358986000, "operatingIncome": 426241000, "totalOtherIncomeExpenseNet": -1177000, "ebit": 426241000, "interestExpense": -1974000, "incomeBeforeTax": 425064000, "incomeTaxExpense": 84496000, "minorityInterest": {}, "netIncomeFromContinuingOps": 340568000, "discontinuedOperations": {}, "extraordinaryItems": {}, "effectOfAccountingCharges": {}, "otherItems": {}, "netIncome": 340568000, "netIncomeApplicableToCommonShares": 340568000}, {"maxAge": 1, "endDate": "2018-03-31", "totalRevenue": 912096000, "costOfRevenue": 494811000, "grossProfit": 417285000, "researchDevelopment": {}, "sellingGeneralAdministrative": 33353000, "nonRecurring": {}, "otherOperatingExpenses": 49472000, "totalOperatingExpenses": 582442000, "operatingIncome": 329654000, "totalOtherIncomeExpenseNet": 14316000, "ebit": 329654000, "interestExpense": -909000, "incomeBeforeTax": 343970000, "incomeTaxExpense": 92054000, "minorityInterest": {}, "netIncomeFromContinuingOps": 251916000, "discontinuedOperations": {}, "extraordinaryItems": {}, "effectOfAccountingCharges": {}, "otherItems": {}, "netIncome": 251916000, "netIncomeApplicableToCommonShares": 251916000}, {"maxAge": 1, "endDate": "2017-03-31", "totalRevenue": 460819248, "costOfRevenue": 282307271, "grossProfit": 178511977, "researchDevelopment": {}, "sellingGeneralAdministrative": 24887218, "nonRecurring": {}, "otherOperatingExpenses": 44661327, "totalOperatingExpenses": 356101168, "operatingIncome": 104718080, "totalOtherIncomeExpenseNet": 52930989, "ebit": 104718080, "interestExpense": -1988398, "incomeBeforeTax": 157649069, "incomeTaxExpense": -1004582, "minorityInterest": {}, "netIncomeFromContinuingOps": 158653651, "discontinuedOperations": {}, "extraordinaryItems": {}, "effectOfAccountingCharges": {}, "otherItems": {}, "netIncome": 158653651, "netIncomeApplicableToCommonShares": 158653651}], "maxAge": 86400}, "fundOwnership": {"ownershipList": [], "maxAge": 1}, "summaryDetail": {"maxAge": 1, "priceHint": 2, "previousClose": 232.0, "open": 231.3, "dayLow": 222.0, "dayHigh": 231.35, "regularMarketPreviousClose": 232.0, "regularMarketOpen": 231.3, "regularMarketDayLow": 222.0, "regularMarketDayHigh": 231.35, "trailingPE": 6.48715, "volume": 201, "regularMarketVolume": 201, "averageVolume": 643, "averageVolume10days": 645, "averageDailyVolume10Day": 645, "bid": 224.05, "ask": 231.0, "bidSize": 0, "askSize": 0, "marketCap": 718368384, "fiftyTwoWeekLow": 186.1, "fiftyTwoWeekHigh": 495.0, "fiftyDayAverage": 264.82272, "twoHundredDayAverage": 270.26947, "trailingAnnualDividendRate": 2.5, "trailingAnnualDividendYield": 0.010775862, "currency": "INR", "fromCurrency": null, "lastMarket": null, "algorithm": null, "tradeable": false}, "incomeStatementHistoryQuarterly": {"incomeStatementHistory": [{"maxAge": 1, "endDate": "2020-06-30", "totalRevenue": 45700000, "costOfRevenue": 19800000, "grossProfit": 25900000, "researchDevelopment": {}, "sellingGeneralAdministrative": 8800000, "nonRecurring": {}, "otherOperatingExpenses": 14100000, "totalOperatingExpenses": 44200000, "operatingIncome": 1500000, "totalOtherIncomeExpenseNet": 1600000, "ebit": 1500000, "interestExpense": -1200000, "incomeBeforeTax": 3100000, "incomeTaxExpense": 0, "minorityInterest": {}, "netIncomeFromContinuingOps": 3100000, "discontinuedOperations": {}, "extraordinaryItems": {}, "effectOfAccountingCharges": {}, "otherItems": {}, "netIncome": 3100000, "netIncomeApplicableToCommonShares": 3100000}, {"maxAge": 1, "endDate": "2020-03-31", "totalRevenue": 96574000, "costOfRevenue": 55274000, "grossProfit": 41300000, "researchDevelopment": {}, "sellingGeneralAdministrative": -2933000, "nonRecurring": {}, "otherOperatingExpenses": 27327000, "totalOperatingExpenses": 81348000, "operatingIncome": 15226000, "totalOtherIncomeExpenseNet": -6012000, "ebit": 15226000, "interestExpense": -1644000, "incomeBeforeTax": 9214000, "incomeTaxExpense": 4945000, "minorityInterest": {}, "netIncomeFromContinuingOps": 4269000, "discontinuedOperations": {}, "extraordinaryItems": {}, "effectOfAccountingCharges": {}, "otherItems": {}, "netIncome": 4269000, "netIncomeApplicableToCommonShares": 4269000}, {"maxAge": 1, "endDate": "2019-12-31", "totalRevenue": 162900000, "costOfRevenue": 91000000, "grossProfit": 71900000, "researchDevelopment": {}, "sellingGeneralAdministrative": 11000000, "nonRecurring": {}, "otherOperatingExpenses": 12700000, "totalOperatingExpenses": 116500000, "operatingIncome": 46400000, "totalOtherIncomeExpenseNet": 4600000, "ebit": 46400000, "interestExpense": -600000, "incomeBeforeTax": 51000000, "incomeTaxExpense": 6200000, "minorityInterest": {}, "netIncomeFromContinuingOps": 44800000, "discontinuedOperations": {}, "extraordinaryItems": {}, "effectOfAccountingCharges": {}, "otherItems": {}, "netIncome": 44800000, "netIncomeApplicableToCommonShares": 44800000}, {"maxAge": 1, "endDate": "2019-09-30", "totalRevenue": 230900000, "costOfRevenue": 143400000, "grossProfit": 87500000, "researchDevelopment": {}, "sellingGeneralAdministrative": 14300000, "nonRecurring": {}, "otherOperatingExpenses": 12700000, "totalOperatingExpenses": 172300000, "operatingIncome": 58600000, "totalOtherIncomeExpenseNet": 2500000, "ebit": 58600000, "interestExpense": -500000, "incomeBeforeTax": 61100000, "incomeTaxExpense": 14200000, "minorityInterest": {}, "netIncomeFromContinuingOps": 46900000, "discontinuedOperations": {}, "extraordinaryItems": {}, "effectOfAccountingCharges": {}, "otherItems": {}, "netIncome": 46900000, "netIncomeApplicableToCommonShares": 46900000}], "maxAge": 86400}, "cashflowStatementHistoryQuarterly": {"cashflowStatements": [{"maxAge": 1, "endDate": "2020-06-30", "netIncome": 3100000, "changeToLiabilities": 0}, {"maxAge": 1, "endDate": "2020-03-31", "netIncome": 4269000, "changeToLiabilities": 0}, {"maxAge": 1, "endDate": "2019-12-31", "netIncome": 44800000, "changeToLiabilities": 0}, {"maxAge": 1, "endDate": "2019-09-30", "netIncome": 46900000, "changeToLiabilities": 0}], "maxAge": 86400}, "insiderHolders": {"holders": [{"maxAge": 1, "name": "Hasan (Salma)", "relation": "Promoter", "url": "", "transactionDescription": "Sale", "latestTransDate": "2019-05-30", "positionDirect": 61728, "positionDirectDate": "2019-05-30"}, {"maxAge": 1, "name": "Hasan (Zeba)", "relation": "Promoter", "url": "", "transactionDescription": "Sale", "latestTransDate": "2019-05-30", "positionDirect": 90089, "positionDirectDate": "2019-05-30"}, {"maxAge": 1, "name": "Reed Finance Pvt. Ltd.", "relation": "Promoter", "url": "", "transactionDescription": "Sale", "latestTransDate": "2019-05-30", "positionDirect": 200221, "positionDirectDate": "2019-05-30"}, {"maxAge": 1, "name": "Saleem Iqbal Shervani Aslam Family Trust", "relation": "Promoter", "url": "", "transactionDescription": "Sale", "latestTransDate": "2019-05-30", "positionDirect": 43945, "positionDirectDate": "2019-05-30"}, {"maxAge": 1, "name": "Saleem Iqbal Shervani Azhar Family Trust", "relation": "Promoter", "url": "", "transactionDescription": "Sale", "latestTransDate": "2019-05-30", "positionDirect": 48633, "positionDirectDate": "2019-05-30"}, {"maxAge": 1, "name": "Saleem Iqbal Shervani Saeed Family Trust", "relation": "Promoter", "url": "", "transactionDescription": "Sale", "latestTransDate": "2019-05-30", "positionDirect": 49308, "positionDirectDate": "2019-05-30"}, {"maxAge": 1, "name": "Saleem Iqbal Shervani Salma Zeba Family Trust", "relation": "Promoter", "url": "", "transactionDescription": "Sale", "latestTransDate": "2019-05-30", "positionDirect": 54645, "positionDirectDate": "2019-05-30"}, {"maxAge": 1, "name": "Shervani (Azhar Nisar)", "relation": "Promoter", "url": "", "transactionDescription": "Sale", "latestTransDate": "2019-05-30", "positionDirect": 101687, "positionDirectDate": "2019-05-30"}, {"maxAge": 1, "name": "Shervani (Saeed Mustafa)", "relation": "Promoter", "url": "", "transactionDescription": "Sale", "latestTransDate": "2019-05-30", "positionDirect": 131386, "positionDirectDate": "2019-05-30"}, {"maxAge": 1, "name": "Shervani (Saleem Iqbal)", "relation": "Promoter", "url": "", "transactionDescription": "Sale", "latestTransDate": "2019-05-30", "positionDirect": 384980, "positionDirectDate": "2019-05-30"}], "maxAge": 1}, "calendarEvents": {"maxAge": 1, "earnings": {"earningsDate": []}}, "upgradeDowngradeHistory": {"history": [], "maxAge": 86400}, "price": {"maxAge": 1, "regularMarketChangePercent": -0.00883622, "regularMarketChange": -2.050003, "regularMarketTime": "2021-04-30 15:29:49", "priceHint": 2, "regularMarketPrice": 229.95, "regularMarketDayHigh": 231.35, "regularMarketDayLow": 222.0, "regularMarketVolume": 201, "averageDailyVolume10Day": 645, "averageDailyVolume3Month": 643, "regularMarketPreviousClose": 232.0, "regularMarketSource": "FREE_REALTIME", "regularMarketOpen": 231.3, "exchange": "BSE", "exchangeName": "BSE", "exchangeDataDelayedBy": 0, "marketState": "CLOSED", "quoteType": "EQUITY", "symbol": "SHERVANI.BO", "underlyingSymbol": null, "shortName": "SHERVANI INDUSTRIAL SYNDICATE", "longName": "Shervani Industrial Syndicate Limited", "currency": "INR", "quoteSourceName": "Delayed Quote", "currencySymbol": "\u20b9", "fromCurrency": null, "lastMarket": null, "marketCap": 718368384}, "balanceSheetHistory": {"balanceSheetStatements": [{"maxAge": 1, "endDate": "2020-03-31", "cash": 21967000, "netReceivables": 8750000, "inventory": 1306060000, "otherCurrentAssets": 122541000, "totalCurrentAssets": 1483611000, "longTermInvestments": 37341000, "propertyPlantEquipment": 109806000, "goodWill": 58164000, "otherAssets": 13281000, "totalAssets": 1702203000, "accountsPayable": 11603000, "shortLongTermDebt": 7204000, "otherCurrentLiab": 291526000, "longTermDebt": 14237000, "otherLiab": 7922000, "totalCurrentLiabilities": 348658000, "totalLiab": 370817000, "commonStock": 27010000, "retainedEarnings": 602408000, "treasuryStock": 701968000, "otherStockholderEquity": 701968000, "totalStockholderEquity": 1331386000, "netTangibleAssets": 1273222000}, {"maxAge": 1, "endDate": "2019-03-31", "cash": 115431000, "netReceivables": 48285000, "inventory": 1520626000, "otherCurrentAssets": 298405000, "totalCurrentAssets": 2094291000, "longTermInvestments": 37345000, "propertyPlantEquipment": 109322000, "goodWill": 58164000, "otherAssets": 11514000, "totalAssets": 2310636000, "accountsPayable": 20628000, "shortLongTermDebt": 5270000, "otherCurrentLiab": 685866000, "longTermDebt": 12347000, "otherLiab": 1385000, "totalCurrentLiabilities": 767266000, "totalLiab": 780998000, "commonStock": 31160000, "retainedEarnings": 610639000, "treasuryStock": 887839000, "otherStockholderEquity": 887839000, "totalStockholderEquity": 1529638000, "netTangibleAssets": 1471474000}, {"maxAge": 1, "endDate": "2018-03-31", "cash": 98592000, "shortTermInvestments": 259281000, "netReceivables": 16106000, "inventory": 1475392000, "otherCurrentAssets": 125347000, "totalCurrentAssets": 2085197000, "longTermInvestments": 42899000, "propertyPlantEquipment": 85970000, "goodWill": 58164000, "otherAssets": 34827000, "deferredLongTermAssetCharges": 5251000, "totalAssets": 2307057000, "accountsPayable": 5489000, "shortLongTermDebt": 3876000, "otherCurrentLiab": 494872000, "longTermDebt": 12956000, "otherLiab": 879000, "totalCurrentLiabilities": 556312000, "totalLiab": 570147000, "commonStock": 31160000, "retainedEarnings": 572521000, "treasuryStock": 1133229000, "otherStockholderEquity": 1133229000, "totalStockholderEquity": 1736910000, "netTangibleAssets": 1678746000}, {"maxAge": 1, "endDate": "2017-03-31", "cash": 89943328, "shortTermInvestments": 24150886, "netReceivables": 242227972, "inventory": 1339503040, "otherCurrentAssets": 110356010, "totalCurrentAssets": 1897790518, "longTermInvestments": 41809236, "propertyPlantEquipment": 65647386, "goodWill": 58164204, "otherAssets": 36912493, "deferredLongTermAssetCharges": 7239056, "totalAssets": 2100323837, "accountsPayable": 4341584, "shortLongTermDebt": 414273, "otherCurrentLiab": 115919241, "longTermDebt": 674479, "otherLiab": 812379, "totalCurrentLiabilities": 129685440, "totalLiab": 131172298, "commonStock": 32602500, "retainedEarnings": 469073960, "treasuryStock": 1463634170, "capitalSurplus": 3840909, "otherStockholderEquity": 1463634170, "totalStockholderEquity": 1969151539, "netTangibleAssets": 1910987335}], "maxAge": 86400}, "financialData": {"maxAge": 86400, "currentPrice": 229.95, "recommendationKey": "none", "grossProfits": 358300000, "financialCurrency": "INR"}}}