{"SHESHAINDS.BO": {"cashflowStatementHistory": {"cashflowStatements": [{"maxAge": 1, "endDate": "2020-03-31", "netIncome": -17536000, "depreciation": 23645000, "changeToNetincome": 51393000, "changeToAccountReceivables": -2885000, "changeToLiabilities": -2520000, "changeToInventory": 26772000, "changeToOperatingActivities": -79201000, "totalCashFromOperatingActivities": -332000, "otherCashflowsFromInvestingActivities": 5257000, "totalCashflowsFromInvestingActivities": 40502000, "netBorrowings": -56076000, "otherCashflowsFromFinancingActivities": 15855000, "totalCashFromFinancingActivities": -40221000, "changeInCash": -51000}, {"maxAge": 1, "endDate": "2019-03-31", "netIncome": -82745000, "depreciation": 25007000, "changeToNetincome": 8960000, "changeToAccountReceivables": 2475000, "changeToLiabilities": -18042000, "changeToInventory": 32168000, "changeToOperatingActivities": 61274000, "totalCashFromOperatingActivities": 29097000, "capitalExpenditures": -256000, "otherCashflowsFromInvestingActivities": 1241000, "totalCashflowsFromInvestingActivities": 985000, "netBorrowings": 16063000, "otherCashflowsFromFinancingActivities": -8696000, "totalCashFromFinancingActivities": 7367000, "changeInCash": 37449000}, {"maxAge": 1, "endDate": "2018-03-31", "netIncome": -128041000, "depreciation": 24274000, "changeToNetincome": 24044000, "changeToAccountReceivables": 1642000, "changeToLiabilities": 11504000, "changeToInventory": 89291000, "changeToOperatingActivities": 78026000, "totalCashFromOperatingActivities": 100740000, "capitalExpenditures": -14288000, "otherCashflowsFromInvestingActivities": 17571000, "totalCashflowsFromInvestingActivities": 4383000, "netBorrowings": -48421000, "otherCashflowsFromFinancingActivities": -55860000, "totalCashFromFinancingActivities": -104281000, "changeInCash": 842000}, {"maxAge": 1, "endDate": "2017-03-31", "netIncome": -167211000, "depreciation": 21960000, "changeToNetincome": 62440000, "changeToAccountReceivables": 20109000, "changeToLiabilities": 36943000, "changeToInventory": 53592000, "changeToOperatingActivities": 84431000, "totalCashFromOperatingActivities": 112264000, "capitalExpenditures": -56910000, "investments": 5890000, "otherCashflowsFromInvestingActivities": 3773000, "totalCashflowsFromInvestingActivities": -46972000, "netBorrowings": -26952000, "otherCashflowsFromFinancingActivities": -39704000, "totalCashFromFinancingActivities": -66656000, "changeInCash": -1364000}], "maxAge": 86400}, "institutionOwnership": {"ownershipList": [], "maxAge": 1}, "balanceSheetHistoryQuarterly": {"balanceSheetStatements": [{"maxAge": 1, "endDate": "2020-06-30", "totalStockholderEquity": -346593000, "netTangibleAssets": -346606000}, {"maxAge": 1, "endDate": "2020-03-31", "cash": 845000, "netReceivables": 3940000, "inventory": 14274000, "otherCurrentAssets": 48530000, "totalCurrentAssets": 67589000, "propertyPlantEquipment": 399753000, "intangibleAssets": 13000, "otherAssets": 309000, "totalAssets": 467664000, "accountsPayable": 169810000, "shortLongTermDebt": 26024000, "otherCurrentLiab": 104590000, "longTermDebt": 204173000, "otherLiab": 1051000, "totalCurrentLiabilities": 609033000, "totalLiab": 814257000, "commonStock": 49596000, "treasuryStock": -396189000, "otherStockholderEquity": -396189000, "totalStockholderEquity": -346593000, "netTangibleAssets": -346606000}, {"maxAge": 1, "endDate": "2019-12-31", "totalStockholderEquity": -352435000, "netTangibleAssets": -352448000}, {"maxAge": 1, "endDate": "2019-09-30", "cash": 105796000, "netReceivables": 17915000, "inventory": 27983000, "otherCurrentAssets": 44943000, "totalCurrentAssets": 196637000, "propertyPlantEquipment": 437596000, "intangibleAssets": 13000, "otherAssets": 309000, "totalAssets": 634555000, "accountsPayable": 178390000, "shortLongTermDebt": 175221000, "otherCurrentLiab": 116235000, "longTermDebt": 313387000, "otherLiab": 9439000, "totalCurrentLiabilities": 664164000, "totalLiab": 986990000, "commonStock": 49596000, "treasuryStock": -402031000, "otherStockholderEquity": -402031000, "totalStockholderEquity": -352435000, "netTangibleAssets": -352448000}], "maxAge": 86400}, "indexTrend": {"maxAge": 1, "symbol": "SP5", "peRatio": 19.7411, "pegRatio": 1.34172, "estimates": [{"period": "0q", "growth": 0.549}, {"period": "+1q", "growth": 0.431}, {"period": "0y", "growth": 0.305}, {"period": "+1y", "growth": 0.109}, {"period": "+5y", "growth": 0.120859005}, {"period": "-5y"}]}, "insiderTransactions": {"transactions": [{"maxAge": 1, "shares": 746661, "filerUrl": "", "transactionText": "", "filerName": "Agarwal (Devender Kumar)", "filerRelation": "Promoter", "moneyText": "", "startDate": "2015-07-06", "ownership": "D"}, {"maxAge": 1, "shares": 1488893, "filerUrl": "", "transactionText": "", "filerName": "Agarwal (Jeetender Kumar)", "filerRelation": "Promoter", "moneyText": "", "startDate": "2015-07-06", "ownership": "D"}, {"maxAge": 1, "shares": 742232, "filerUrl": "", "transactionText": "", "filerName": "Agarwal (Rajender Kumar)", "filerRelation": "Promoter", "moneyText": "", "startDate": "2015-07-06", "ownership": "D"}, {"maxAge": 1, "shares": 162873, "filerUrl": "", "transactionText": "", "filerName": "Agarwal (Rajender Kumar)", "filerRelation": "Promoter", "moneyText": "", "startDate": "2015-04-28", "ownership": "D"}, {"maxAge": 1, "shares": 162873, "filerUrl": "", "transactionText": "", "filerName": "Agarwal (Yamunadevi)", "filerRelation": "Promoter", "moneyText": "", "startDate": "2015-04-28", "ownership": "D"}, {"maxAge": 1, "shares": 145836, "filerUrl": "", "transactionText": "", "filerName": "Agarwal (Devender Kumar)", "filerRelation": "Promoter", "moneyText": "", "startDate": "2015-04-27", "ownership": "D"}, {"maxAge": 1, "shares": 145836, "filerUrl": "", "transactionText": "", "filerName": "Agarwal (Latha)", "filerRelation": "Promoter", "moneyText": "", "startDate": "2015-04-27", "ownership": "D"}], "maxAge": 1}, "quoteType": {"exchange": "BSE", "quoteType": "EQUITY", "symbol": "SHESHAINDS.BO", "underlyingSymbol": "SHESHAINDS.BO", "shortName": "SHESHADRI INDUSTRIES LIMITED", "longName": "Sheshadri Industries Limited", "firstTradeDateEpochUtc": "2015-04-20 09:15:00", "timeZoneFullName": "Asia/Kolkata", "timeZoneShortName": "IST", "uuid": "f8796bc5-9d55-3f9b-bb1f-7b37153150b7", "gmtOffSetMilliseconds": 19800000, "maxAge": 1}, "incomeStatementHistory": {"incomeStatementHistory": [{"maxAge": 1, "endDate": "2020-03-31", "totalRevenue": 117982000, "costOfRevenue": 80470000, "grossProfit": 37512000, "researchDevelopment": {}, "sellingGeneralAdministrative": 31013000, "nonRecurring": {}, "otherOperatingExpenses": 52444000, "totalOperatingExpenses": 187572000, "operatingIncome": -69590000, "totalOtherIncomeExpenseNet": 52054000, "ebit": -69590000, "interestExpense": -41879000, "incomeBeforeTax": -17536000, "incomeTaxExpense": 0, "minorityInterest": {}, "netIncomeFromContinuingOps": -17536000, "discontinuedOperations": {}, "extraordinaryItems": {}, "effectOfAccountingCharges": {}, "otherItems": {}, "netIncome": -17536000, "netIncomeApplicableToCommonShares": -17536000}, {"maxAge": 1, "endDate": "2019-03-31", "totalRevenue": 286828000, "costOfRevenue": 176238000, "grossProfit": 110590000, "researchDevelopment": {}, "sellingGeneralAdministrative": 75504000, "nonRecurring": {}, "otherOperatingExpenses": 87287000, "totalOperatingExpenses": 364036000, "operatingIncome": -77208000, "totalOtherIncomeExpenseNet": -5537000, "ebit": -77208000, "interestExpense": -10971000, "incomeBeforeTax": -82745000, "incomeTaxExpense": 0, "minorityInterest": {}, "netIncomeFromContinuingOps": -82745000, "discontinuedOperations": {}, "extraordinaryItems": {}, "effectOfAccountingCharges": {}, "otherItems": {}, "netIncome": -82745000, "netIncomeApplicableToCommonShares": -82745000}, {"maxAge": 1, "endDate": "2018-03-31", "totalRevenue": 374376000, "costOfRevenue": 283170000, "grossProfit": 91206000, "researchDevelopment": {}, "sellingGeneralAdministrative": 66698000, "nonRecurring": {}, "otherOperatingExpenses": 147211000, "totalOperatingExpenses": 521353000, "operatingIncome": -146977000, "totalOtherIncomeExpenseNet": 18936000, "ebit": -146977000, "interestExpense": -22647000, "incomeBeforeTax": -128041000, "incomeTaxExpense": 0, "minorityInterest": {}, "netIncomeFromContinuingOps": -128041000, "discontinuedOperations": {}, "extraordinaryItems": {}, "effectOfAccountingCharges": {}, "otherItems": {}, "netIncome": -128041000, "netIncomeApplicableToCommonShares": -128041000}, {"maxAge": 1, "endDate": "2017-03-31", "totalRevenue": 576464000, "costOfRevenue": 431821000, "grossProfit": 144643000, "researchDevelopment": {}, "sellingGeneralAdministrative": 90784000, "nonRecurring": {}, "otherOperatingExpenses": 166569000, "totalOperatingExpenses": 711134000, "operatingIncome": -134670000, "totalOtherIncomeExpenseNet": -32541000, "ebit": -134670000, "interestExpense": -67016000, "incomeBeforeTax": -167211000, "incomeTaxExpense": 0, "minorityInterest": {}, "netIncomeFromContinuingOps": -167211000, "discontinuedOperations": {}, "extraordinaryItems": {}, "effectOfAccountingCharges": {}, "otherItems": {}, "netIncome": -167211000, "netIncomeApplicableToCommonShares": -167211000}], "maxAge": 86400}, "fundOwnership": {"ownershipList": [], "maxAge": 1}, "summaryDetail": {"maxAge": 1, "priceHint": 2, "previousClose": 9.25, "open": 9.41, "dayLow": 9.41, "dayHigh": 9.41, "regularMarketPreviousClose": 9.25, "regularMarketOpen": 9.41, "regularMarketDayLow": 9.41, "regularMarketDayHigh": 9.41, "volume": 24, "regularMarketVolume": 24, "averageVolume": 76, "averageVolume10days": 0, "averageDailyVolume10Day": 0, "bid": 0.0, "ask": 9.41, "bidSize": 0, "askSize": 0, "marketCap": 46669648, "fiftyTwoWeekLow": 3.44, "fiftyTwoWeekHigh": 9.41, "fiftyDayAverage": 3.5648484, "twoHundredDayAverage": 3.759853, "currency": "INR", "fromCurrency": null, "lastMarket": null, "algorithm": null, "tradeable": false}, "incomeStatementHistoryQuarterly": {"incomeStatementHistory": [{"maxAge": 1, "endDate": "2020-06-30", "totalRevenue": 111000, "costOfRevenue": 17000, "grossProfit": 94000, "researchDevelopment": {}, "sellingGeneralAdministrative": 1277000, "nonRecurring": {}, "otherOperatingExpenses": 1635000, "totalOperatingExpenses": 8348000, "operatingIncome": -8237000, "totalOtherIncomeExpenseNet": -9479000, "ebit": -8237000, "interestExpense": -9479000, "incomeBeforeTax": -17716000, "incomeTaxExpense": 0, "minorityInterest": {}, "netIncomeFromContinuingOps": -17716000, "discontinuedOperations": {}, "extraordinaryItems": {}, "effectOfAccountingCharges": {}, "otherItems": {}, "netIncome": -17716000, "netIncomeApplicableToCommonShares": -17716000}, {"maxAge": 1, "endDate": "2020-03-31", "totalRevenue": 32296000, "costOfRevenue": 24810000, "grossProfit": 7486000, "researchDevelopment": {}, "sellingGeneralAdministrative": 13215000, "nonRecurring": {}, "otherOperatingExpenses": 2503000, "totalOperatingExpenses": 45459000, "operatingIncome": -13163000, "totalOtherIncomeExpenseNet": 14574000, "ebit": -13163000, "interestExpense": -40945000, "incomeBeforeTax": 1411000, "incomeTaxExpense": 0, "minorityInterest": {}, "netIncomeFromContinuingOps": 1411000, "discontinuedOperations": {}, "extraordinaryItems": {}, "effectOfAccountingCharges": {}, "otherItems": {}, "netIncome": 1411000, "netIncomeApplicableToCommonShares": 1411000}, {"maxAge": 1, "endDate": "2019-12-31", "totalRevenue": 7346000, "costOfRevenue": 5453000, "grossProfit": 1893000, "researchDevelopment": {}, "sellingGeneralAdministrative": 4988000, "nonRecurring": {}, "otherOperatingExpenses": 16955000, "totalOperatingExpenses": 33550000, "operatingIncome": -26204000, "totalOtherIncomeExpenseNet": 3231000, "ebit": -26204000, "interestExpense": -566000, "incomeBeforeTax": -22973000, "incomeTaxExpense": 0, "minorityInterest": {}, "netIncomeFromContinuingOps": -22973000, "discontinuedOperations": {}, "extraordinaryItems": {}, "effectOfAccountingCharges": {}, "otherItems": {}, "netIncome": -22973000, "netIncomeApplicableToCommonShares": -22973000}, {"maxAge": 1, "endDate": "2019-09-30", "totalRevenue": 28507000, "costOfRevenue": 18903000, "grossProfit": 9604000, "researchDevelopment": {}, "sellingGeneralAdministrative": 6645000, "nonRecurring": {}, "otherOperatingExpenses": 27561000, "totalOperatingExpenses": 59418000, "operatingIncome": -30911000, "totalOtherIncomeExpenseNet": 5902000, "ebit": -30911000, "interestExpense": -216000, "incomeBeforeTax": -25009000, "incomeTaxExpense": 0, "minorityInterest": {}, "netIncomeFromContinuingOps": -25009000, "discontinuedOperations": {}, "extraordinaryItems": {}, "effectOfAccountingCharges": {}, "otherItems": {}, "netIncome": -25009000, "netIncomeApplicableToCommonShares": -25009000}], "maxAge": 86400}, "cashflowStatementHistoryQuarterly": {"cashflowStatements": [{"maxAge": 1, "endDate": "2020-06-30", "netIncome": -17716000, "changeToLiabilities": 0}, {"maxAge": 1, "endDate": "2020-03-31", "netIncome": 1411000, "changeToLiabilities": 0}, {"maxAge": 1, "endDate": "2019-12-31", "netIncome": -22973000, "changeToLiabilities": 0}, {"maxAge": 1, "endDate": "2019-09-30", "netIncome": -25009000, "changeToLiabilities": 0}], "maxAge": 86400}, "insiderHolders": {"holders": [{"maxAge": 1, "name": "Agarwal (Devender Kumar)", "relation": "Promoter", "url": "", "transactionDescription": "Sale", "latestTransDate": "2015-07-06", "positionDirect": 0, "positionDirectDate": "2015-07-06"}, {"maxAge": 1, "name": "Agarwal (Jeetender Kumar)", "relation": "Promoter", "url": "", "transactionDescription": "Purchase", "latestTransDate": "2015-07-06", "positionDirect": 2127269, "positionDirectDate": "2015-07-06"}, {"maxAge": 1, "name": "Agarwal (Latha)", "relation": "Promoter", "url": "", "transactionDescription": "Gift", "latestTransDate": "2015-04-27", "positionDirect": 0, "positionDirectDate": "2015-04-27"}, {"maxAge": 1, "name": "Agarwal (Rajender Kumar)", "relation": "Promoter", "url": "", "transactionDescription": "Sale", "latestTransDate": "2015-07-06", "positionDirect": 500, "positionDirectDate": "2015-07-06"}, {"maxAge": 1, "name": "Agarwal (Yamunadevi)", "relation": "Promoter", "url": "", "transactionDescription": "Gift", "latestTransDate": "2015-04-28", "positionDirect": 0, "positionDirectDate": "2015-04-28"}], "maxAge": 1}, "calendarEvents": {"maxAge": 1, "earnings": {"earningsDate": []}}, "upgradeDowngradeHistory": {"history": [], "maxAge": 86400}, "price": {"maxAge": 1, "regularMarketChangePercent": 0.017297281, "regularMarketChange": 0.15999985, "regularMarketTime": "2021-04-30 15:15:00", "priceHint": 2, "regularMarketPrice": 9.41, "regularMarketDayHigh": 9.41, "regularMarketDayLow": 9.41, "regularMarketVolume": 24, "averageDailyVolume10Day": 0, "averageDailyVolume3Month": 76, "regularMarketPreviousClose": 9.25, "regularMarketSource": "FREE_REALTIME", "regularMarketOpen": 9.41, "exchange": "BSE", "exchangeName": "BSE", "exchangeDataDelayedBy": 0, "marketState": "CLOSED", "quoteType": "EQUITY", "symbol": "SHESHAINDS.BO", "underlyingSymbol": null, "shortName": "SHESHADRI INDUSTRIES LIMITED", "longName": "Sheshadri Industries Limited", "currency": "INR", "quoteSourceName": "Delayed Quote", "currencySymbol": "\u20b9", "fromCurrency": null, "lastMarket": null, "marketCap": 46669648}, "balanceSheetHistory": {"balanceSheetStatements": [{"maxAge": 1, "endDate": "2020-03-31", "cash": 845000, "netReceivables": 3940000, "inventory": 14274000, "otherCurrentAssets": 48530000, "totalCurrentAssets": 67589000, "propertyPlantEquipment": 399753000, "intangibleAssets": 13000, "otherAssets": 309000, "totalAssets": 467664000, "accountsPayable": 169810000, "shortLongTermDebt": 26024000, "otherCurrentLiab": 104590000, "longTermDebt": 204173000, "otherLiab": 1051000, "totalCurrentLiabilities": 609033000, "totalLiab": 814257000, "commonStock": 49596000, "treasuryStock": -396189000, "otherStockholderEquity": -396189000, "totalStockholderEquity": -346593000, "netTangibleAssets": -346606000}, {"maxAge": 1, "endDate": "2019-03-31", "cash": 39285000, "shortTermInvestments": 182000, "netReceivables": 19292000, "inventory": 53973000, "otherCurrentAssets": 38545000, "totalCurrentAssets": 151220000, "propertyPlantEquipment": 449562000, "intangibleAssets": 13000, "otherAssets": 5567000, "totalAssets": 606362000, "accountsPayable": 178707000, "shortLongTermDebt": 175204000, "otherCurrentLiab": 55697000, "longTermDebt": 312196000, "otherLiab": 8540000, "totalCurrentLiabilities": 613964000, "totalLiab": 934700000, "commonStock": 49596000, "retainedEarnings": -412537000, "treasuryStock": 10204000, "capitalSurplus": 24399000, "otherStockholderEquity": 10204000, "totalStockholderEquity": -328338000, "netTangibleAssets": -328351000}, {"maxAge": 1, "endDate": "2018-03-31", "cash": 1836000, "netReceivables": 21016000, "inventory": 88257000, "otherCurrentAssets": 53633000, "totalCurrentAssets": 165016000, "propertyPlantEquipment": 474804000, "intangibleAssets": 13000, "otherAssets": 6445000, "totalAssets": 646278000, "accountsPayable": 196749000, "shortLongTermDebt": 149807000, "otherCurrentLiab": 37608000, "longTermDebt": 295124000, "otherLiab": 10434000, "totalCurrentLiabilities": 587866000, "totalLiab": 893424000, "commonStock": 49596000, "retainedEarnings": -329792000, "treasuryStock": 8651000, "capitalSurplus": 24399000, "otherStockholderEquity": 8651000, "totalStockholderEquity": -247146000, "netTangibleAssets": -247159000}, {"maxAge": 1, "endDate": "2017-03-31", "cash": 993000, "netReceivables": 24050000, "inventory": 173045000, "otherCurrentAssets": 60608000, "totalCurrentAssets": 260333000, "propertyPlantEquipment": 485426000, "intangibleAssets": 13000, "otherAssets": 10564000, "totalAssets": 756336000, "accountsPayable": 186031000, "shortLongTermDebt": 87557000, "otherCurrentLiab": 27076000, "longTermDebt": 346283000, "otherLiab": 11511000, "totalCurrentLiabilities": 522329000, "totalLiab": 880123000, "commonStock": 49596000, "retainedEarnings": -201860000, "treasuryStock": 4078000, "capitalSurplus": 24399000, "otherStockholderEquity": 4078000, "totalStockholderEquity": -123787000, "netTangibleAssets": -123800000}], "maxAge": 86400}, "financialData": {"maxAge": 86400, "currentPrice": 9.41, "recommendationKey": "none", "grossProfits": 37512000, "financialCurrency": "INR"}}}