{"SHILGRAVQ.BO": {"recommendationTrend": {"trend": [{"period": "0m", "strongBuy": 0, "buy": 0, "hold": 0, "sell": 0, "strongSell": 0}, {"period": "-1m", "strongBuy": 0, "buy": 0, "hold": 0, "sell": 0, "strongSell": 0}, {"period": "-2m", "strongBuy": 0, "buy": 0, "hold": 0, "sell": 0, "strongSell": 0}, {"period": "-3m", "strongBuy": 0, "buy": 0, "hold": 0, "sell": 0, "strongSell": 0}], "maxAge": 86400}, "cashflowStatementHistory": {"cashflowStatements": [{"maxAge": 1, "endDate": "2020-03-31", "netIncome": 8687000, "depreciation": 61371000, "changeToNetincome": 32112000, "changeToAccountReceivables": -465000, "changeToLiabilities": 7741000, "changeToInventory": -9473000, "changeToOperatingActivities": 284000, "totalCashFromOperatingActivities": 100257000, "capitalExpenditures": -150743000, "investments": 64634000, "otherCashflowsFromInvestingActivities": 266000, "totalCashflowsFromInvestingActivities": -97784000, "dividendsPaid": -18452000, "netBorrowings": 35637000, "otherCashflowsFromFinancingActivities": -18519000, "totalCashFromFinancingActivities": -1334000, "effectOfExchangeRate": 43000, "changeInCash": 1182000}, {"maxAge": 1, "endDate": "2019-03-31", "netIncome": 77142000, "depreciation": 68568000, "changeToNetincome": -10319000, "changeToAccountReceivables": -4160000, "changeToLiabilities": -5352000, "changeToInventory": -13432000, "changeToOperatingActivities": -9986000, "totalCashFromOperatingActivities": 102461000, "capitalExpenditures": -75770000, "investments": -23358000, "otherCashflowsFromInvestingActivities": 305000, "totalCashflowsFromInvestingActivities": -86717000, "dividendsPaid": -24600000, "netBorrowings": 24090000, "otherCashflowsFromFinancingActivities": -17097000, "totalCashFromFinancingActivities": -17607000, "effectOfExchangeRate": 16000, "changeInCash": -1847000}, {"maxAge": 1, "endDate": "2018-03-31", "netIncome": 70326000, "depreciation": 65857000, "changeToNetincome": -18386000, "changeToAccountReceivables": -29485000, "changeToLiabilities": 14959000, "changeToInventory": -14572000, "changeToOperatingActivities": 8504000, "totalCashFromOperatingActivities": 97203000, "capitalExpenditures": -95527000, "investments": -6123000, "otherCashflowsFromInvestingActivities": 388000, "totalCashflowsFromInvestingActivities": -99584000, "dividendsPaid": -9225000, "netBorrowings": 20651000, "otherCashflowsFromFinancingActivities": -11784000, "totalCashFromFinancingActivities": -358000, "effectOfExchangeRate": 36000, "changeInCash": -2703000}, {"maxAge": 1, "endDate": "2017-03-31", "netIncome": 71076000, "depreciation": 60701000, "changeToNetincome": -5945000, "changeToAccountReceivables": 2898000, "changeToLiabilities": -1876000, "changeToInventory": -2654000, "changeToOperatingActivities": 481000, "totalCashFromOperatingActivities": 124681000, "capitalExpenditures": -28421000, "investments": -55799000, "otherCashflowsFromInvestingActivities": 4523000, "totalCashflowsFromInvestingActivities": -79429000, "dividendsPaid": -7380000, "netBorrowings": -27820000, "otherCashflowsFromFinancingActivities": -11268000, "totalCashFromFinancingActivities": -46468000, "effectOfExchangeRate": -31000, "changeInCash": -1247000}], "maxAge": 86400}, "institutionOwnership": {"ownershipList": [], "maxAge": 1}, "balanceSheetHistoryQuarterly": {"balanceSheetStatements": [{"maxAge": 1, "endDate": "2020-06-30", "totalStockholderEquity": 628695000, "netTangibleAssets": 614992000}, {"maxAge": 1, "endDate": "2020-03-31", "cash": 6271000, "netReceivables": 158939000, "inventory": 89412000, "otherCurrentAssets": 4519000, "totalCurrentAssets": 372801000, "propertyPlantEquipment": 516508000, "goodWill": 13703000, "otherAssets": 34202000, "totalAssets": 937214000, "accountsPayable": 82290000, "shortLongTermDebt": 34186000, "otherCurrentLiab": 6720000, "longTermDebt": 63750000, "otherLiab": 34522000, "totalCurrentLiabilities": 204299000, "totalLiab": 308519000, "commonStock": 61498000, "retainedEarnings": 565697000, "treasuryStock": 1500000, "otherStockholderEquity": 1500000, "totalStockholderEquity": 628695000, "netTangibleAssets": 614992000}, {"maxAge": 1, "endDate": "2019-12-31", "totalStockholderEquity": 643767000, "netTangibleAssets": 630063000}, {"maxAge": 1, "endDate": "2019-09-30", "cash": 10826000, "shortTermInvestments": 136769000, "netReceivables": 166455000, "inventory": 82789000, "otherCurrentAssets": 10493000, "totalCurrentAssets": 407332000, "longTermInvestments": 8082000, "propertyPlantEquipment": 467653000, "goodWill": 13704000, "otherAssets": 28898000, "totalAssets": 925669000, "accountsPayable": 78976000, "otherCurrentLiab": 42093000, "longTermDebt": 69768000, "otherLiab": 33003000, "totalCurrentLiabilities": 173228000, "totalLiab": 281902000, "commonStock": 61498000, "treasuryStock": 582269000, "otherStockholderEquity": 582269000, "totalStockholderEquity": 643767000, "netTangibleAssets": 630063000}], "maxAge": 86400}, "earningsHistory": {"history": [{"maxAge": 1, "epsActual": {}, "epsEstimate": {}, "epsDifference": {}, "surprisePercent": {}, "quarter": {}, "period": "-4q"}, {"maxAge": 1, "epsActual": {}, "epsEstimate": {}, "epsDifference": {}, "surprisePercent": {}, "quarter": {}, "period": "-3q"}, {"maxAge": 1, "epsActual": {}, "epsEstimate": {}, "epsDifference": {}, "surprisePercent": {}, "quarter": {}, "period": "-2q"}, {"maxAge": 1, "epsActual": {}, "epsEstimate": {}, "epsDifference": {}, "surprisePercent": {}, "quarter": {}, "period": "-1q"}], "maxAge": 86400}, "indexTrend": {"maxAge": 1, "symbol": "SP5", "peRatio": 19.7411, "pegRatio": 1.34172, "estimates": [{"period": "0q", "growth": 0.549}, {"period": "+1q", "growth": 0.431}, {"period": "0y", "growth": 0.305}, {"period": "+1y", "growth": 0.109}, {"period": "+5y", "growth": 0.120859005}, {"period": "-5y"}]}, "industryTrend": {"maxAge": 1, "symbol": null, "estimates": []}, "insiderTransactions": {"transactions": [{"maxAge": 1, "shares": 100000, "filerUrl": "", "transactionText": "", "filerName": "Shah (jay Roshan)", "filerRelation": "UNREPORTED", "moneyText": "", "startDate": "2020-03-06", "ownership": "D"}, {"maxAge": 1, "shares": 0, "filerUrl": "", "transactionText": "", "filerName": "Shah (jay Roshan)", "filerRelation": "UNREPORTED", "moneyText": "", "startDate": "2020-03-06", "ownership": "I"}, {"maxAge": 1, "shares": 100000, "filerUrl": "", "transactionText": "", "filerName": "Shah (Neil Roshan)", "filerRelation": "Promoter", "moneyText": "", "startDate": "2020-03-06", "ownership": "D"}, {"maxAge": 1, "shares": 0, "filerUrl": "", "transactionText": "", "filerName": "Shah (Neil Roshan)", "filerRelation": "Promoter", "moneyText": "", "startDate": "2020-03-06", "ownership": "I"}, {"maxAge": 1, "shares": 333228, "filerUrl": "", "transactionText": "", "filerName": "Patel (Dashrath)", "filerRelation": "Director", "moneyText": "", "startDate": "2018-07-03", "ownership": "D"}, {"maxAge": 1, "shares": 1004684, "filerUrl": "", "transactionText": "", "filerName": "Patel (Hiraben)", "filerRelation": "UNREPORTED", "moneyText": "", "startDate": "2018-07-03", "ownership": "D"}, {"maxAge": 1, "shares": 333228, "filerUrl": "", "transactionText": "", "filerName": "Patel (Sumanbhai)", "filerRelation": "UNREPORTED", "moneyText": "", "startDate": "2018-07-03", "ownership": "D"}], "maxAge": 1}, "quoteType": {"exchange": "BSE", "quoteType": "EQUITY", "symbol": "SHILGRAVQ.BO", "underlyingSymbol": "SHILGRAVQ.BO", "shortName": "SHILP GRAVURES LTD.", "longName": "Shilp Gravures Limited", "firstTradeDateEpochUtc": "2000-11-23 09:15:00", "timeZoneFullName": "Asia/Kolkata", "timeZoneShortName": "IST", "uuid": "5028703f-b488-34a9-ab3d-491ac9163505", "gmtOffSetMilliseconds": 19800000, "maxAge": 1}, "incomeStatementHistory": {"incomeStatementHistory": [{"maxAge": 1, "endDate": "2020-03-31", "totalRevenue": 706459000, "costOfRevenue": 183560000, "grossProfit": 522899000, "researchDevelopment": {}, "sellingGeneralAdministrative": 240427000, "nonRecurring": {}, "otherOperatingExpenses": 163349000, "totalOperatingExpenses": 648707000, "operatingIncome": 57752000, "totalOtherIncomeExpenseNet": -36443000, "ebit": 57752000, "interestExpense": -13510000, "incomeBeforeTax": 21309000, "incomeTaxExpense": 12622000, "minorityInterest": {}, "netIncomeFromContinuingOps": 8687000, "discontinuedOperations": {}, "extraordinaryItems": {}, "effectOfAccountingCharges": {}, "otherItems": {}, "netIncome": 8687000, "netIncomeApplicableToCommonShares": 8687000}, {"maxAge": 1, "endDate": "2019-03-31", "totalRevenue": 741316000, "costOfRevenue": 215807000, "grossProfit": 525509000, "researchDevelopment": {}, "sellingGeneralAdministrative": 235602000, "nonRecurring": {}, "otherOperatingExpenses": 136196000, "totalOperatingExpenses": 656457000, "operatingIncome": 84859000, "totalOtherIncomeExpenseNet": 5890000, "ebit": 84859000, "interestExpense": -11507000, "incomeBeforeTax": 90749000, "incomeTaxExpense": 13607000, "minorityInterest": {}, "netIncomeFromContinuingOps": 77142000, "discontinuedOperations": {}, "extraordinaryItems": {}, "effectOfAccountingCharges": {}, "otherItems": {}, "netIncome": 77142000, "netIncomeApplicableToCommonShares": 77142000}, {"maxAge": 1, "endDate": "2018-03-31", "totalRevenue": 676329000, "costOfRevenue": 185492000, "grossProfit": 490837000, "researchDevelopment": {}, "sellingGeneralAdministrative": 199832000, "nonRecurring": {}, "otherOperatingExpenses": 143666000, "totalOperatingExpenses": 594847000, "operatingIncome": 81482000, "totalOtherIncomeExpenseNet": 3547000, "ebit": 81482000, "interestExpense": -9291000, "incomeBeforeTax": 85029000, "incomeTaxExpense": 14703000, "minorityInterest": {}, "netIncomeFromContinuingOps": 70326000, "discontinuedOperations": {}, "extraordinaryItems": {}, "effectOfAccountingCharges": {}, "otherItems": {}, "netIncome": 70326000, "netIncomeApplicableToCommonShares": 70326000}, {"maxAge": 1, "endDate": "2017-03-31", "totalRevenue": 646423000, "costOfRevenue": 127089000, "grossProfit": 519334000, "researchDevelopment": {}, "sellingGeneralAdministrative": 191717000, "nonRecurring": {}, "otherOperatingExpenses": 170724000, "totalOperatingExpenses": 550599000, "operatingIncome": 95824000, "totalOtherIncomeExpenseNet": 1681000, "ebit": 95824000, "interestExpense": -9375000, "incomeBeforeTax": 97505000, "incomeTaxExpense": 26429000, "minorityInterest": {}, "netIncomeFromContinuingOps": 71076000, "discontinuedOperations": {}, "extraordinaryItems": {}, "effectOfAccountingCharges": {}, "otherItems": {}, "netIncome": 71076000, "netIncomeApplicableToCommonShares": 71076000}], "maxAge": 86400}, "fundOwnership": {"ownershipList": [], "maxAge": 1}, "summaryDetail": {"maxAge": 1, "priceHint": 2, "previousClose": 103.7, "open": 103.75, "dayLow": 101.1, "dayHigh": 106.0, "regularMarketPreviousClose": 103.7, "regularMarketOpen": 103.75, "regularMarketDayLow": 101.1, "regularMarketDayHigh": 106.0, "trailingPE": 837.3984, "forwardPE": 6.718852, "volume": 16360, "regularMarketVolume": 16360, "averageVolume": 7687, "averageVolume10days": 2659, "averageDailyVolume10Day": 2659, "bid": 101.0, "ask": 102.0, "bidSize": 0, "askSize": 0, "marketCap": 633429376, "fiftyTwoWeekLow": 34.0, "fiftyTwoWeekHigh": 106.0, "fiftyDayAverage": 78.278786, "twoHundredDayAverage": 61.635296, "trailingAnnualDividendRate": 1.5, "trailingAnnualDividendYield": 0.014464803, "currency": "INR", "fromCurrency": null, "lastMarket": null, "algorithm": null, "tradeable": false}, "sectorTrend": {"maxAge": 1, "symbol": null, "estimates": []}, "incomeStatementHistoryQuarterly": {"incomeStatementHistory": [{"maxAge": 1, "endDate": "2020-06-30", "totalRevenue": 112306000, "costOfRevenue": 35706000, "grossProfit": 76600000, "researchDevelopment": {}, "sellingGeneralAdministrative": 52932000, "nonRecurring": {}, "otherOperatingExpenses": 23354000, "totalOperatingExpenses": 126077000, "operatingIncome": -13771000, "totalOtherIncomeExpenseNet": 14254000, "ebit": -13771000, "interestExpense": -4071000, "incomeBeforeTax": 483000, "incomeTaxExpense": -1167000, "minorityInterest": {}, "netIncomeFromContinuingOps": 1650000, "discontinuedOperations": {}, "extraordinaryItems": {}, "effectOfAccountingCharges": {}, "otherItems": {}, "netIncome": 1650000, "netIncomeApplicableToCommonShares": 1650000}, {"maxAge": 1, "endDate": "2020-03-31", "totalRevenue": 166571000, "costOfRevenue": 35541000, "grossProfit": 131030000, "researchDevelopment": {}, "sellingGeneralAdministrative": 60008000, "nonRecurring": {}, "otherOperatingExpenses": 35623000, "totalOperatingExpenses": 143672000, "operatingIncome": 22899000, "totalOtherIncomeExpenseNet": -26447000, "ebit": 22899000, "interestExpense": -2704000, "incomeBeforeTax": -3548000, "incomeTaxExpense": 8928000, "minorityInterest": {}, "netIncomeFromContinuingOps": -12476000, "discontinuedOperations": {}, "extraordinaryItems": {}, "effectOfAccountingCharges": {}, "otherItems": {}, "netIncome": -12476000, "netIncomeApplicableToCommonShares": -12476000}, {"maxAge": 1, "endDate": "2019-12-31", "totalRevenue": 182152000, "costOfRevenue": 49894000, "grossProfit": 132258000, "researchDevelopment": {}, "sellingGeneralAdministrative": 62372000, "nonRecurring": {}, "otherOperatingExpenses": 43157000, "totalOperatingExpenses": 172453000, "operatingIncome": 9699000, "totalOtherIncomeExpenseNet": 1615000, "ebit": 9699000, "interestExpense": -4003000, "incomeBeforeTax": 11314000, "incomeTaxExpense": 2516000, "minorityInterest": {}, "netIncomeFromContinuingOps": 8798000, "discontinuedOperations": {}, "extraordinaryItems": {}, "effectOfAccountingCharges": {}, "otherItems": {}, "netIncome": 8798000, "netIncomeApplicableToCommonShares": 8798000}, {"maxAge": 1, "endDate": "2019-09-30", "totalRevenue": 188473000, "costOfRevenue": 49924000, "grossProfit": 138549000, "researchDevelopment": {}, "sellingGeneralAdministrative": 63682000, "nonRecurring": {}, "otherOperatingExpenses": 45694000, "totalOperatingExpenses": 175877000, "operatingIncome": 12596000, "totalOtherIncomeExpenseNet": -9154000, "ebit": 12596000, "interestExpense": -3781000, "incomeBeforeTax": 3442000, "incomeTaxExpense": 654000, "minorityInterest": {}, "netIncomeFromContinuingOps": 2788000, "discontinuedOperations": {}, "extraordinaryItems": {}, "effectOfAccountingCharges": {}, "otherItems": {}, "netIncome": 2788000, "netIncomeApplicableToCommonShares": 2788000}], "maxAge": 86400}, "cashflowStatementHistoryQuarterly": {"cashflowStatements": [{"maxAge": 1, "endDate": "2020-06-30", "netIncome": 1650000, "changeToLiabilities": 0}, {"maxAge": 1, "endDate": "2020-03-31", "netIncome": -12476000, "changeToLiabilities": 0}, {"maxAge": 1, "endDate": "2019-12-31", "netIncome": 8798000, "changeToLiabilities": 0}, {"maxAge": 1, "endDate": "2019-09-30", "netIncome": 2788000, "changeToLiabilities": 0}], "maxAge": 86400}, "insiderHolders": {"holders": [{"maxAge": 1, "name": "Patel (Dashrath)", "relation": "Director", "url": "", "transactionDescription": "Other", "latestTransDate": "2018-07-03", "positionDirect": 333228, "positionDirectDate": "2018-07-03"}, {"maxAge": 1, "name": "Patel (Hiraben)", "relation": "UNREPORTED", "url": "", "transactionDescription": "Other", "latestTransDate": "2018-07-03", "positionDirect": 0, "positionDirectDate": "2018-07-03"}, {"maxAge": 1, "name": "Patel (Sumanbhai)", "relation": "UNREPORTED", "url": "", "transactionDescription": "Other", "latestTransDate": "2018-07-03", "positionDirect": 333228, "positionDirectDate": "2018-07-03"}, {"maxAge": 1, "name": "Shah (Neil Roshan)", "relation": "Promoter", "url": "", "transactionDescription": "Gift", "latestTransDate": "2020-03-06", "positionDirect": 122981, "positionDirectDate": "2020-03-06"}, {"maxAge": 1, "name": "Shah (jay Roshan)", "relation": "UNREPORTED", "url": "", "transactionDescription": "Gift", "latestTransDate": "2020-03-06", "positionDirect": 100000, "positionDirectDate": "2020-03-06"}], "maxAge": 1}, "earnings": {"maxAge": 86400, "earningsChart": {"quarterly": [], "earningsDate": []}, "financialsChart": {"yearly": [{"date": 2017, "revenue": 646423000, "earnings": 71076000}, {"date": 2018, "revenue": 676329000, "earnings": 70326000}, {"date": 2019, "revenue": 741316000, "earnings": 77142000}, {"date": 2020, "revenue": 706459000, "earnings": 8687000}], "quarterly": [{"date": "3Q2019", "revenue": 188473000, "earnings": 2788000}, {"date": "4Q2019", "revenue": 182152000, "earnings": 8798000}, {"date": "1Q2020", "revenue": 166571000, "earnings": -12476000}, {"date": "2Q2020", "revenue": 112306000, "earnings": 1650000}]}, "financialCurrency": "INR"}, "calendarEvents": {"maxAge": 1, "earnings": {"earningsDate": []}}, "upgradeDowngradeHistory": {"history": [], "maxAge": 86400}, "price": {"maxAge": 1, "regularMarketChangePercent": -0.0067502125, "regularMarketChange": -0.69999695, "regularMarketTime": "2021-04-30 15:29:44", "priceHint": 2, "regularMarketPrice": 103.0, "regularMarketDayHigh": 106.0, "regularMarketDayLow": 101.1, "regularMarketVolume": 16360, "averageDailyVolume10Day": 2659, "averageDailyVolume3Month": 7687, "regularMarketPreviousClose": 103.7, "regularMarketSource": "FREE_REALTIME", "regularMarketOpen": 103.75, "exchange": "BSE", "exchangeName": "BSE", "exchangeDataDelayedBy": 0, "marketState": "CLOSED", "quoteType": "EQUITY", "symbol": "SHILGRAVQ.BO", "underlyingSymbol": null, "shortName": "SHILP GRAVURES LTD.", "longName": "Shilp Gravures Limited", "currency": "INR", "quoteSourceName": "Delayed Quote", "currencySymbol": "\u20b9", "fromCurrency": null, "lastMarket": null, "marketCap": 633429376}, "balanceSheetHistory": {"balanceSheetStatements": [{"maxAge": 1, "endDate": "2020-03-31", "cash": 6271000, "netReceivables": 158939000, "inventory": 89412000, "otherCurrentAssets": 4519000, "totalCurrentAssets": 372801000, "propertyPlantEquipment": 516508000, "goodWill": 13703000, "otherAssets": 34202000, "totalAssets": 937214000, "accountsPayable": 82290000, "shortLongTermDebt": 34186000, "otherCurrentLiab": 6720000, "longTermDebt": 63750000, "otherLiab": 34522000, "totalCurrentLiabilities": 204299000, "totalLiab": 308519000, "commonStock": 61498000, "retainedEarnings": 565697000, "treasuryStock": 1500000, "otherStockholderEquity": 1500000, "totalStockholderEquity": 628695000, "netTangibleAssets": 614992000}, {"maxAge": 1, "endDate": "2019-03-31", "cash": 4071000, "netReceivables": 158891000, "inventory": 79939000, "otherCurrentAssets": 3888000, "totalCurrentAssets": 445966000, "propertyPlantEquipment": 428898000, "otherAssets": 24307000, "totalAssets": 899171000, "accountsPayable": 74549000, "shortLongTermDebt": 22095000, "otherCurrentLiab": 8107000, "longTermDebt": 65188000, "otherLiab": 32678000, "totalCurrentLiabilities": 158355000, "totalLiab": 256221000, "commonStock": 61498000, "retainedEarnings": 579952000, "treasuryStock": 1500000, "otherStockholderEquity": 1500000, "totalStockholderEquity": 642950000, "netTangibleAssets": 642950000}, {"maxAge": 1, "endDate": "2018-03-31", "cash": 5918000, "netReceivables": 155404000, "inventory": 66507000, "otherCurrentAssets": 3509000, "totalCurrentAssets": 394879000, "propertyPlantEquipment": 439465000, "otherAssets": 18080000, "totalAssets": 852424000, "accountsPayable": 79749000, "shortLongTermDebt": 10241000, "otherCurrentLiab": 11415000, "longTermDebt": 44602000, "otherLiab": 47240000, "totalCurrentLiabilities": 163778000, "totalLiab": 255620000, "commonStock": 61498000, "retainedEarnings": 533806000, "treasuryStock": 1500000, "otherStockholderEquity": 1500000, "totalStockholderEquity": 596804000, "netTangibleAssets": 596804000}, {"maxAge": 1, "endDate": "2017-03-31", "cash": 8621000, "shortTermInvestments": 675000, "netReceivables": 127640000, "inventory": 51935000, "otherCurrentAssets": 19619000, "totalCurrentAssets": 334851000, "propertyPlantEquipment": 411724000, "otherAssets": 12928000, "totalAssets": 759503000, "accountsPayable": 65809000, "otherCurrentLiab": 14056000, "otherLiab": 57229000, "totalCurrentLiabilities": 153732000, "totalLiab": 221602000, "commonStock": 61498000, "retainedEarnings": 474903000, "treasuryStock": 1500000, "otherStockholderEquity": 1500000, "totalStockholderEquity": 537901000, "netTangibleAssets": 537901000}], "maxAge": 86400}, "earningsTrend": {"trend": [{"maxAge": 1, "period": "0q", "endDate": null, "growth": {}, "earningsEstimate": {"avg": 0.0, "low": 0.0, "high": 0.0, "yearAgoEps": {}, "numberOfAnalysts": 0, "growth": {}}, "revenueEstimate": {"avg": 0, "low": 0, "high": 0, "numberOfAnalysts": 0, "yearAgoRevenue": {}, "growth": {}}, "epsTrend": {"current": 0.0, "7daysAgo": 0.0, "30daysAgo": 0.0, "60daysAgo": 0.0, "90daysAgo": 0.0}, "epsRevisions": {"upLast7days": 0, "upLast30days": 0, "downLast30days": 0, "downLast90days": {}}}, {"maxAge": 1, "period": "+1q", "endDate": null, "growth": {}, "earningsEstimate": {"avg": 0.0, "low": 0.0, "high": 0.0, "yearAgoEps": {}, "numberOfAnalysts": 0, "growth": {}}, "revenueEstimate": {"avg": 0, "low": 0, "high": 0, "numberOfAnalysts": 0, "yearAgoRevenue": {}, "growth": {}}, "epsTrend": {"current": 0.0, "7daysAgo": 0.0, "30daysAgo": 0.0, "60daysAgo": 0.0, "90daysAgo": 0.0}, "epsRevisions": {"upLast7days": 0, "upLast30days": 0, "downLast30days": 0, "downLast90days": {}}}, {"maxAge": 1, "period": "0y", "endDate": null, "growth": {}, "earningsEstimate": {"avg": 0.0, "low": 0.0, "high": 0.0, "yearAgoEps": {}, "numberOfAnalysts": 0, "growth": {}}, "revenueEstimate": {"avg": 0, "low": 0, "high": 0, "numberOfAnalysts": 0, "yearAgoRevenue": {}, "growth": {}}, "epsTrend": {"current": 0.0, "7daysAgo": 0.0, "30daysAgo": 0.0, "60daysAgo": 0.0, "90daysAgo": 0.0}, "epsRevisions": {"upLast7days": 0, "upLast30days": 0, "downLast30days": 0, "downLast90days": {}}}, {"maxAge": 1, "period": "+1y", "endDate": null, "growth": {}, "earningsEstimate": {"avg": 0.0, "low": 0.0, "high": 0.0, "yearAgoEps": {}, "numberOfAnalysts": 0, "growth": {}}, "revenueEstimate": {"avg": 0, "low": 0, "high": 0, "numberOfAnalysts": 0, "yearAgoRevenue": {}, "growth": {}}, "epsTrend": {"current": 0.0, "7daysAgo": 0.0, "30daysAgo": 0.0, "60daysAgo": 0.0, "90daysAgo": 0.0}, "epsRevisions": {"upLast7days": 0, "upLast30days": 0, "downLast30days": 0, "downLast90days": {}}}, {"maxAge": 1, "period": "+5y", "endDate": null, "growth": {}, "earningsEstimate": {"avg": {}, "low": {}, "high": {}, "yearAgoEps": {}, "numberOfAnalysts": {}, "growth": {}}, "revenueEstimate": {"avg": {}, "low": {}, "high": {}, "numberOfAnalysts": {}, "yearAgoRevenue": {}, "growth": {}}, "epsTrend": {"current": {}, "7daysAgo": {}, "30daysAgo": {}, "60daysAgo": {}, "90daysAgo": {}}, "epsRevisions": {"upLast7days": {}, "upLast30days": {}, "downLast30days": {}, "downLast90days": {}}}, {"maxAge": 1, "period": "-5y", "endDate": null, "growth": {}, "earningsEstimate": {"avg": {}, "low": {}, "high": {}, "yearAgoEps": {}, "numberOfAnalysts": {}, "growth": {}}, "revenueEstimate": {"avg": {}, "low": {}, "high": {}, "numberOfAnalysts": {}, "yearAgoRevenue": {}, "growth": {}}, "epsTrend": {"current": {}, "7daysAgo": {}, "30daysAgo": {}, "60daysAgo": {}, "90daysAgo": {}}, "epsRevisions": {"upLast7days": {}, "upLast30days": {}, "downLast30days": {}, "downLast90days": {}}}], "maxAge": 1}, "financialData": {"maxAge": 86400, "currentPrice": 103.0, "targetHighPrice": 57.0, "targetLowPrice": 57.0, "targetMeanPrice": 57.0, "targetMedianPrice": 57.0, "recommendationKey": "none", "numberOfAnalystOpinions": 1, "grossProfits": 522899000, "financialCurrency": "INR"}}}