{"SHILCTECH.BO": {"recommendationTrend": {"trend": [{"period": "0m", "strongBuy": 0, "buy": 0, "hold": 0, "sell": 0, "strongSell": 0}, {"period": "-1m", "strongBuy": 0, "buy": 0, "hold": 0, "sell": 0, "strongSell": 0}, {"period": "-2m", "strongBuy": 0, "buy": 0, "hold": 0, "sell": 0, "strongSell": 0}, {"period": "-3m", "strongBuy": 0, "buy": 0, "hold": 0, "sell": 0, "strongSell": 0}], "maxAge": 86400}, "cashflowStatementHistory": {"cashflowStatements": [{"maxAge": 1, "endDate": "2020-03-31", "netIncome": 14977000, "depreciation": 25769000, "changeToNetincome": 13049000, "changeToAccountReceivables": -7757000, "changeToLiabilities": 53948000, "changeToInventory": -42037000, "changeToOperatingActivities": 178000, "totalCashFromOperatingActivities": 58259000, "capitalExpenditures": -3821000, "investments": 381000, "otherCashflowsFromInvestingActivities": 2233000, "totalCashflowsFromInvestingActivities": -631000, "dividendsPaid": -9179000, "netBorrowings": -19949000, "otherCashflowsFromFinancingActivities": -13672000, "totalCashFromFinancingActivities": -42800000, "changeInCash": 14828000}, {"maxAge": 1, "endDate": "2019-03-31", "netIncome": 77453000, "depreciation": 24165000, "changeToNetincome": 47489000, "changeToAccountReceivables": -45851000, "changeToLiabilities": -57390000, "changeToInventory": -55867000, "changeToOperatingActivities": 15310000, "totalCashFromOperatingActivities": 5440000, "capitalExpenditures": -45760000, "investments": 56339000, "otherCashflowsFromInvestingActivities": 2696000, "totalCashflowsFromInvestingActivities": 13275000, "dividendsPaid": -9179000, "netBorrowings": 17715000, "otherCashflowsFromFinancingActivities": -31029000, "totalCashFromFinancingActivities": -22493000, "changeInCash": -3777000}, {"maxAge": 1, "endDate": "2018-03-31", "netIncome": 58657000, "depreciation": 11251000, "changeToNetincome": -9299000, "changeToAccountReceivables": 46694000, "changeToLiabilities": 2969000, "changeToInventory": -34990000, "changeToOperatingActivities": -27309000, "totalCashFromOperatingActivities": 48306000, "capitalExpenditures": -177686000, "investments": 60792000, "otherCashflowsFromInvestingActivities": 4434000, "totalCashflowsFromInvestingActivities": -112460000, "dividendsPaid": -13769000, "netBorrowings": 91881000, "otherCashflowsFromFinancingActivities": -12593000, "totalCashFromFinancingActivities": 65519000, "changeInCash": 1364000}, {"maxAge": 1, "endDate": "2017-03-31", "netIncome": 122859000, "depreciation": 13530000, "changeToNetincome": 12146000, "changeToAccountReceivables": -34387000, "changeToLiabilities": 11218000, "changeToInventory": 6035000, "changeToOperatingActivities": -8668000, "totalCashFromOperatingActivities": 122841000, "capitalExpenditures": -67236000, "investments": -95430000, "otherCashflowsFromInvestingActivities": -597000, "totalCashflowsFromInvestingActivities": -159813000, "dividendsPaid": -2295000, "netBorrowings": 40797000, "otherCashflowsFromFinancingActivities": -6580000, "totalCashFromFinancingActivities": 31922000, "changeInCash": -5050000}], "maxAge": 86400}, "institutionOwnership": {"maxAge": 1, "ownershipList": []}, "balanceSheetHistoryQuarterly": {"balanceSheetStatements": [{"maxAge": 1, "endDate": "2020-06-30", "totalStockholderEquity": 611458000, "netTangibleAssets": 609498000}, {"maxAge": 1, "endDate": "2020-03-31", "cash": 18282000, "netReceivables": 339049000, "inventory": 212182000, "otherCurrentAssets": 36919000, "totalCurrentAssets": 607470000, "longTermInvestments": 23352000, "propertyPlantEquipment": 384233000, "intangibleAssets": 1960000, "otherAssets": 8549000, "totalAssets": 1025564000, "accountsPayable": 226342000, "shortLongTermDebt": 28705000, "otherCurrentLiab": 6373000, "longTermDebt": 85812000, "otherLiab": 27105000, "totalCurrentLiabilities": 301189000, "totalLiab": 414106000, "commonStock": 38134000, "retainedEarnings": 525876000, "treasuryStock": 16791000, "capitalSurplus": 30657000, "otherStockholderEquity": 16791000, "totalStockholderEquity": 611458000, "netTangibleAssets": 609498000}, {"maxAge": 1, "endDate": "2019-12-31", "totalStockholderEquity": 607416000, "netTangibleAssets": 605336000}, {"maxAge": 1, "endDate": "2019-09-30", "cash": 25863000, "shortTermInvestments": 15096000, "netReceivables": 303442000, "inventory": 127604000, "otherCurrentAssets": 33051000, "totalCurrentAssets": 505056000, "longTermInvestments": 3507000, "propertyPlantEquipment": 395373000, "intangibleAssets": 2080000, "otherAssets": 9218000, "totalAssets": 915234000, "accountsPayable": 90793000, "shortLongTermDebt": 28568000, "otherCurrentLiab": 18362000, "longTermDebt": 93173000, "otherLiab": 25608000, "totalCurrentLiabilities": 189037000, "totalLiab": 307818000, "commonStock": 38134000, "treasuryStock": 569282000, "otherStockholderEquity": 569282000, "totalStockholderEquity": 607416000, "netTangibleAssets": 605336000}], "maxAge": 86400}, "earningsHistory": {"history": [{"maxAge": 1, "epsActual": {}, "epsEstimate": {}, "epsDifference": {}, "surprisePercent": {}, "quarter": {}, "period": "-4q"}, {"maxAge": 1, "epsActual": {}, "epsEstimate": {}, "epsDifference": {}, "surprisePercent": {}, "quarter": {}, "period": "-3q"}, {"maxAge": 1, "epsActual": {}, "epsEstimate": {}, "epsDifference": {}, "surprisePercent": {}, "quarter": {}, "period": "-2q"}, {"maxAge": 1, "epsActual": {}, "epsEstimate": {}, "epsDifference": {}, "surprisePercent": {}, "quarter": {}, "period": "-1q"}], "maxAge": 86400}, "indexTrend": {"maxAge": 1, "symbol": "SP5", "peRatio": 19.7411, "pegRatio": 1.34172, "estimates": [{"period": "0q", "growth": 0.549}, {"period": "+1q", "growth": 0.431}, {"period": "0y", "growth": 0.305}, {"period": "+1y", "growth": 0.109}, {"period": "+5y", "growth": 0.120859005}, {"period": "-5y"}]}, "industryTrend": {"maxAge": 1, "symbol": null, "estimates": []}, "insiderTransactions": {"transactions": [{"maxAge": 1, "shares": 94372, "filerUrl": "", "transactionText": "", "filerName": "Shah (Aashay Alay)", "filerRelation": "Promoter", "moneyText": "", "startDate": "2017-03-24", "ownership": "D"}, {"maxAge": 1, "shares": 94382, "filerUrl": "", "transactionText": "", "filerName": "Shah (Aatman Alay)", "filerRelation": "Promoter", "moneyText": "", "startDate": "2017-03-24", "ownership": "D"}, {"maxAge": 1, "shares": 463579, "filerUrl": "", "transactionText": "", "filerName": "Shah (Alay Jitendra)", "filerRelation": "Managing Director", "moneyText": "", "startDate": "2017-03-24", "ownership": "D"}, {"maxAge": 1, "shares": 423900, "filerUrl": "", "transactionText": "", "filerName": "Shah (Alay Jitendra)", "filerRelation": "Managing Director", "moneyText": "", "startDate": "2015-03-30", "ownership": "D"}, {"maxAge": 1, "shares": 423900, "filerUrl": "", "transactionText": "", "filerName": "Shah (Ashesh J)", "filerRelation": "Director (Non-Executive)", "moneyText": "", "startDate": "2015-03-30", "ownership": "D"}, {"maxAge": 1, "shares": 423900, "filerUrl": "", "transactionText": "", "filerName": "Shah (Ashesh J)", "filerRelation": "Director (Non-Executive)", "moneyText": "", "startDate": "2015-03-27", "ownership": "D"}, {"maxAge": 1, "shares": 423900, "filerUrl": "", "transactionText": "", "filerName": "Shah (Charulata Ashesh)", "filerRelation": "Promoter", "moneyText": "", "startDate": "2015-03-27", "ownership": "D"}, {"maxAge": 1, "shares": 307, "filerUrl": "", "transactionText": "", "filerName": "Shah (Ankit Ashesh)", "filerRelation": "Promoter", "moneyText": "", "startDate": "2015-03-10", "ownership": "D"}, {"maxAge": 1, "shares": 253, "filerUrl": "", "transactionText": "", "filerName": "Shah (Ankit Ashesh)", "filerRelation": "Promoter", "moneyText": "", "startDate": "2015-03-09", "ownership": "D"}, {"maxAge": 1, "shares": 1385, "filerUrl": "", "transactionText": "", "filerName": "Shah (Ankit Ashesh)", "filerRelation": "Promoter", "moneyText": "", "startDate": "2015-03-03", "ownership": "D"}, {"maxAge": 1, "shares": 3170, "filerUrl": "", "transactionText": "", "filerName": "Shah (Ankit Ashesh)", "filerRelation": "Promoter", "moneyText": "", "startDate": "2015-02-28", "ownership": "D"}, {"maxAge": 1, "shares": 4716, "filerUrl": "", "transactionText": "", "filerName": "Shah (Ankit Ashesh)", "filerRelation": "Promoter", "moneyText": "", "startDate": "2015-02-24", "ownership": "D"}, {"maxAge": 1, "shares": 1376, "filerUrl": "", "transactionText": "", "filerName": "Shah (Ashesh J)", "filerRelation": "Director (Non-Executive)", "moneyText": "", "startDate": "2014-11-10", "ownership": "D"}, {"maxAge": 1, "shares": 524, "filerUrl": "", "transactionText": "", "filerName": "Shah (Ashesh J)", "filerRelation": "Director (Non-Executive)", "moneyText": "", "startDate": "2014-11-07", "ownership": "D"}, {"maxAge": 1, "shares": 10900, "filerUrl": "", "transactionText": "", "filerName": "Shah (Shilpa Alay)", "filerRelation": "Promoter", "moneyText": "", "startDate": "2014-05-02", "ownership": "D"}, {"maxAge": 1, "shares": 186850, "filerUrl": "", "transactionText": "", "filerName": "Shah (Kirtikant Parshotamdas)", "filerRelation": "Director (Non-Executive)", "moneyText": "", "startDate": "2013-11-22", "ownership": "D"}], "maxAge": 1}, "quoteType": {"exchange": "BSE", "quoteType": "EQUITY", "symbol": "SHILCTECH.BO", "underlyingSymbol": "SHILCTECH.BO", "shortName": "SHILCHAR TECHNOLOGIES LTD.", "longName": "Shilchar Technologies Limited", "firstTradeDateEpochUtc": "2002-06-17 09:15:00", "timeZoneFullName": "Asia/Kolkata", "timeZoneShortName": "IST", "uuid": "50f925bb-1eb2-31fe-b1bb-79ac0328c6e8", "messageBoardId": null, "gmtOffSetMilliseconds": 19800000, "maxAge": 1}, "incomeStatementHistory": {"incomeStatementHistory": [{"maxAge": 1, "endDate": "2020-03-31", "totalRevenue": 730162000, "costOfRevenue": 520146000, "grossProfit": 210016000, "researchDevelopment": {}, "sellingGeneralAdministrative": 67866000, "nonRecurring": {}, "otherOperatingExpenses": 87805000, "totalOperatingExpenses": 701718000, "operatingIncome": 28444000, "totalOtherIncomeExpenseNet": -8550000, "ebit": 28444000, "interestExpense": -11781000, "incomeBeforeTax": 19894000, "incomeTaxExpense": 4917000, "minorityInterest": {}, "netIncomeFromContinuingOps": 14977000, "discontinuedOperations": {}, "extraordinaryItems": {}, "effectOfAccountingCharges": {}, "otherItems": {}, "netIncome": 14977000, "netIncomeApplicableToCommonShares": 14977000}, {"maxAge": 1, "endDate": "2019-03-31", "totalRevenue": 1196027000, "costOfRevenue": 875831000, "grossProfit": 320196000, "researchDevelopment": {}, "sellingGeneralAdministrative": 57656000, "nonRecurring": {}, "otherOperatingExpenses": 99510000, "totalOperatingExpenses": 1057293000, "operatingIncome": 138734000, "totalOtherIncomeExpenseNet": -32010000, "ebit": 138734000, "interestExpense": -21601000, "incomeBeforeTax": 106724000, "incomeTaxExpense": 29271000, "minorityInterest": {}, "netIncomeFromContinuingOps": 77453000, "discontinuedOperations": {}, "extraordinaryItems": {}, "effectOfAccountingCharges": {}, "otherItems": {}, "netIncome": 77453000, "netIncomeApplicableToCommonShares": 77453000}, {"maxAge": 1, "endDate": "2018-03-31", "totalRevenue": 880791000, "costOfRevenue": 638787000, "grossProfit": 242004000, "researchDevelopment": {}, "sellingGeneralAdministrative": 45686000, "nonRecurring": {}, "otherOperatingExpenses": 96594000, "totalOperatingExpenses": 792651000, "operatingIncome": 88140000, "totalOtherIncomeExpenseNet": -6537000, "ebit": 88140000, "interestExpense": -9213000, "incomeBeforeTax": 81603000, "incomeTaxExpense": 22946000, "minorityInterest": {}, "netIncomeFromContinuingOps": 58657000, "discontinuedOperations": {}, "extraordinaryItems": {}, "effectOfAccountingCharges": {}, "otherItems": {}, "netIncome": 58657000, "netIncomeApplicableToCommonShares": 58657000}, {"maxAge": 1, "endDate": "2017-03-31", "totalRevenue": 1103701000, "costOfRevenue": 781737000, "grossProfit": 321964000, "researchDevelopment": {}, "sellingGeneralAdministrative": 51479000, "nonRecurring": {}, "otherOperatingExpenses": 82455000, "totalOperatingExpenses": 929309000, "operatingIncome": 174392000, "totalOtherIncomeExpenseNet": 15736000, "ebit": 174392000, "interestExpense": -3668000, "incomeBeforeTax": 190128000, "incomeTaxExpense": 67269000, "minorityInterest": {}, "netIncomeFromContinuingOps": 122859000, "discontinuedOperations": {}, "extraordinaryItems": {}, "effectOfAccountingCharges": {}, "otherItems": {}, "netIncome": 122859000, "netIncomeApplicableToCommonShares": 122859000}], "maxAge": 86400}, "fundOwnership": {"maxAge": 1, "ownershipList": []}, "summaryDetail": {"maxAge": 1, "priceHint": 2, "previousClose": 206.95, "open": 200.0, "dayLow": 198.15, "dayHigh": 214.55, "regularMarketPreviousClose": 206.95, "regularMarketOpen": 200.0, "regularMarketDayLow": 198.15, "regularMarketDayHigh": 214.55, "trailingPE": 41.945133, "forwardPE": 5.3753633, "volume": 585, "regularMarketVolume": 585, "averageVolume": 1276, "averageVolume10days": 952, "averageDailyVolume10Day": 952, "bid": 202.5, "ask": 212.0, "bidSize": 0, "askSize": 0, "marketCap": 775454912, "fiftyTwoWeekLow": 73.5, "fiftyTwoWeekHigh": 262.75, "fiftyDayAverage": 209.13715, "twoHundredDayAverage": 181.31679, "trailingAnnualDividendRate": 1.0, "trailingAnnualDividendYield": 0.004832085, "currency": "INR", "fromCurrency": null, "toCurrency": null, "lastMarket": null, "algorithm": null, "tradeable": false}, "sectorTrend": {"maxAge": 1, "symbol": null, "estimates": []}, "incomeStatementHistoryQuarterly": {"incomeStatementHistory": [{"maxAge": 1, "endDate": "2020-06-30", "totalRevenue": 146732000, "costOfRevenue": 96575000, "grossProfit": 50157000, "researchDevelopment": {}, "sellingGeneralAdministrative": 15941000, "nonRecurring": {}, "otherOperatingExpenses": 16712000, "totalOperatingExpenses": 135668000, "operatingIncome": 11064000, "totalOtherIncomeExpenseNet": -2312000, "ebit": 11064000, "interestExpense": -2313000, "incomeBeforeTax": 8752000, "incomeTaxExpense": 1910000, "minorityInterest": {}, "netIncomeFromContinuingOps": 6842000, "discontinuedOperations": {}, "extraordinaryItems": {}, "effectOfAccountingCharges": {}, "otherItems": {}, "netIncome": 6842000, "netIncomeApplicableToCommonShares": 6842000}, {"maxAge": 1, "endDate": "2020-03-31", "totalRevenue": 168286000, "costOfRevenue": 115282000, "grossProfit": 53004000, "researchDevelopment": {}, "sellingGeneralAdministrative": 18247000, "nonRecurring": {}, "otherOperatingExpenses": 23064000, "totalOperatingExpenses": 162785000, "operatingIncome": 5501000, "totalOtherIncomeExpenseNet": 2111000, "ebit": 5501000, "interestExpense": -1121000, "incomeBeforeTax": 7612000, "incomeTaxExpense": 1683000, "minorityInterest": {}, "netIncomeFromContinuingOps": 5929000, "discontinuedOperations": {}, "extraordinaryItems": {}, "effectOfAccountingCharges": {}, "otherItems": {}, "netIncome": 5929000, "netIncomeApplicableToCommonShares": 5929000}, {"maxAge": 1, "endDate": "2019-12-31", "totalRevenue": 198973000, "costOfRevenue": 149103000, "grossProfit": 49870000, "researchDevelopment": {}, "sellingGeneralAdministrative": 16952000, "nonRecurring": {}, "otherOperatingExpenses": 21680000, "totalOperatingExpenses": 194300000, "operatingIncome": 4673000, "totalOtherIncomeExpenseNet": -2377000, "ebit": 4673000, "interestExpense": -2377000, "incomeBeforeTax": 2296000, "incomeTaxExpense": 728000, "minorityInterest": {}, "netIncomeFromContinuingOps": 1568000, "discontinuedOperations": {}, "extraordinaryItems": {}, "effectOfAccountingCharges": {}, "otherItems": {}, "netIncome": 1568000, "netIncomeApplicableToCommonShares": 1568000}, {"maxAge": 1, "endDate": "2019-09-30", "totalRevenue": 175726000, "costOfRevenue": 120412000, "grossProfit": 55314000, "researchDevelopment": {}, "sellingGeneralAdministrative": 16787000, "nonRecurring": {}, "otherOperatingExpenses": 23036000, "totalOperatingExpenses": 166809000, "operatingIncome": 8917000, "totalOtherIncomeExpenseNet": -3294000, "ebit": 8917000, "interestExpense": -3294000, "incomeBeforeTax": 5623000, "incomeTaxExpense": 1448000, "minorityInterest": {}, "netIncomeFromContinuingOps": 4175000, "discontinuedOperations": {}, "extraordinaryItems": {}, "effectOfAccountingCharges": {}, "otherItems": {}, "netIncome": 4175000, "netIncomeApplicableToCommonShares": 4175000}], "maxAge": 86400}, "cashflowStatementHistoryQuarterly": {"cashflowStatements": [{"maxAge": 1, "endDate": "2020-06-30", "netIncome": 6842000, "changeToLiabilities": 0}, {"maxAge": 1, "endDate": "2020-03-31", "netIncome": 5929000, "changeToLiabilities": 0}, {"maxAge": 1, "endDate": "2019-12-31", "netIncome": 1568000, "changeToLiabilities": 0}, {"maxAge": 1, "endDate": "2019-09-30", "netIncome": 4175000, "changeToLiabilities": 0}], "maxAge": 86400}, "insiderHolders": {"holders": [{"maxAge": 1, "name": "Shah (Aashay Alay)", "relation": "Promoter", "url": "", "transactionDescription": "Other", "latestTransDate": "2017-03-24", "positionDirect": 394382, "positionDirectDate": "2017-03-24"}, {"maxAge": 1, "name": "Shah (Aatman Alay)", "relation": "Promoter", "url": "", "transactionDescription": "Other", "latestTransDate": "2017-03-24", "positionDirect": 394382, "positionDirectDate": "2017-03-24"}, {"maxAge": 1, "name": "Shah (Alay Jitendra)", "relation": "Managing Director", "url": "", "transactionDescription": "Other", "latestTransDate": "2017-03-24", "positionDirect": 1045416, "positionDirectDate": "2017-03-24"}, {"maxAge": 1, "name": "Shah (Ankit Ashesh)", "relation": "Promoter", "url": "", "transactionDescription": "Sale", "latestTransDate": "2015-03-10", "positionDirect": 0, "positionDirectDate": "2015-03-10"}, {"maxAge": 1, "name": "Shah (Ashesh J)", "relation": "Director (Non-Executive)", "url": "", "transactionDescription": "Gift", "latestTransDate": "2015-03-30", "positionDirect": 0, "positionDirectDate": "2015-03-30"}, {"maxAge": 1, "name": "Shah (Charulata Ashesh)", "relation": "Promoter", "url": "", "transactionDescription": "Gift", "latestTransDate": "2015-03-27", "positionDirect": 0, "positionDirectDate": "2015-03-27"}, {"maxAge": 1, "name": "Shah (Kirtikant Parshotamdas)", "relation": "Director (Non-Executive)", "url": "", "transactionDescription": "Acquisition", "latestTransDate": "2013-11-22", "positionDirect": 186850, "positionDirectDate": "2013-11-22"}, {"maxAge": 1, "name": "Shah (Shilpa Alay)", "relation": "Promoter", "url": "", "transactionDescription": "Purchase", "latestTransDate": "2014-05-02", "positionDirect": 10900, "positionDirectDate": "2014-05-02"}], "maxAge": 1}, "earnings": {"maxAge": 86400, "earningsChart": {"quarterly": [], "earningsDate": []}, "financialsChart": {"yearly": [{"date": 2017, "revenue": 1103701000, "earnings": 122859000}, {"date": 2018, "revenue": 880791000, "earnings": 58657000}, {"date": 2019, "revenue": 1196027000, "earnings": 77453000}, {"date": 2020, "revenue": 730162000, "earnings": 14977000}], "quarterly": [{"date": "3Q2019", "revenue": 175726000, "earnings": 4175000}, {"date": "4Q2019", "revenue": 198973000, "earnings": 1568000}, {"date": "1Q2020", "revenue": 168286000, "earnings": 5929000}, {"date": "2Q2020", "revenue": 146732000, "earnings": 6842000}]}, "financialCurrency": "INR"}, "calendarEvents": {"maxAge": 1, "earnings": {"earningsDate": []}}, "price": {"maxAge": 1, "regularMarketChangePercent": -0.017395463, "regularMarketChange": -3.5999908, "regularMarketTime": "2021-04-30 15:29:57", "priceHint": 2, "regularMarketPrice": 203.35, "regularMarketDayHigh": 214.55, "regularMarketDayLow": 198.15, "regularMarketVolume": 585, "averageDailyVolume10Day": 952, "averageDailyVolume3Month": 1276, "regularMarketPreviousClose": 206.95, "regularMarketSource": "FREE_REALTIME", "regularMarketOpen": 200.0, "exchange": "BSE", "exchangeName": "BSE", "exchangeDataDelayedBy": 0, "marketState": "CLOSED", "quoteType": "EQUITY", "symbol": "SHILCTECH.BO", "underlyingSymbol": null, "shortName": "SHILCHAR TECHNOLOGIES LTD.", "longName": "Shilchar Technologies Limited", "currency": "INR", "quoteSourceName": "Delayed Quote", "currencySymbol": "\u20b9", "fromCurrency": null, "toCurrency": null, "lastMarket": null, "marketCap": 775454912}, "balanceSheetHistory": {"balanceSheetStatements": [{"maxAge": 1, "endDate": "2020-03-31", "cash": 18282000, "netReceivables": 339049000, "inventory": 212182000, "otherCurrentAssets": 36919000, "totalCurrentAssets": 607470000, "longTermInvestments": 23352000, "propertyPlantEquipment": 384233000, "intangibleAssets": 1960000, "otherAssets": 8549000, "totalAssets": 1025564000, "accountsPayable": 226342000, "shortLongTermDebt": 28705000, "otherCurrentLiab": 6373000, "longTermDebt": 85812000, "otherLiab": 27105000, "totalCurrentLiabilities": 301189000, "totalLiab": 414106000, "commonStock": 38134000, "retainedEarnings": 525876000, "treasuryStock": 16791000, "capitalSurplus": 30657000, "otherStockholderEquity": 16791000, "totalStockholderEquity": 611458000, "netTangibleAssets": 609498000}, {"maxAge": 1, "endDate": "2019-03-31", "cash": 3454000, "netReceivables": 321692000, "inventory": 170145000, "otherCurrentAssets": 69238000, "totalCurrentAssets": 566136000, "longTermInvestments": 3507000, "propertyPlantEquipment": 406719000, "intangibleAssets": 2092000, "otherAssets": 8080000, "totalAssets": 986534000, "accountsPayable": 172372000, "shortLongTermDebt": 28000000, "otherCurrentLiab": 15586000, "longTermDebt": 104525000, "otherLiab": 25480000, "totalCurrentLiabilities": 247543000, "totalLiab": 377548000, "commonStock": 38134000, "retainedEarnings": 523404000, "treasuryStock": 16791000, "capitalSurplus": 30657000, "otherStockholderEquity": 16791000, "totalStockholderEquity": 608986000, "netTangibleAssets": 606894000}, {"maxAge": 1, "endDate": "2018-03-31", "cash": 7232000, "netReceivables": 280081000, "inventory": 114278000, "otherCurrentAssets": 96296000, "totalCurrentAssets": 554929000, "longTermInvestments": 7007000, "propertyPlantEquipment": 379822000, "intangibleAssets": 2133000, "otherAssets": 13988000, "totalAssets": 957879000, "accountsPayable": 229766000, "shortLongTermDebt": 7500000, "otherCurrentLiab": 32579000, "longTermDebt": 104012000, "otherLiab": 17011000, "totalCurrentLiabilities": 296403000, "totalLiab": 417426000, "commonStock": 38134000, "retainedEarnings": 454871000, "treasuryStock": 16791000, "capitalSurplus": 30657000, "otherStockholderEquity": 16791000, "totalStockholderEquity": 540453000, "netTangibleAssets": 538320000}, {"maxAge": 1, "endDate": "2017-03-31", "cash": 1535000, "netReceivables": 328024000, "inventory": 79288000, "otherCurrentAssets": 76745000, "totalCurrentAssets": 604285000, "longTermInvestments": 7007000, "propertyPlantEquipment": 224831000, "intangibleAssets": 1456000, "otherAssets": 3804000, "totalAssets": 841383000, "accountsPayable": 226793000, "otherCurrentLiab": 51575000, "otherLiab": 19590000, "totalCurrentLiabilities": 323562000, "totalLiab": 343152000, "commonStock": 38134000, "retainedEarnings": 410213000, "treasuryStock": 19227000, "capitalSurplus": 30657000, "otherStockholderEquity": 19227000, "totalStockholderEquity": 498231000, "netTangibleAssets": 496775000}], "maxAge": 86400}, "earningsTrend": {"trend": [{"maxAge": 1, "period": "0q", "endDate": null, "growth": {}, "earningsEstimate": {"avg": 0.0, "low": 0.0, "high": 0.0, "yearAgoEps": {}, "numberOfAnalysts": 0, "growth": {}}, "revenueEstimate": {"avg": 0, "low": 0, "high": 0, "numberOfAnalysts": 0, "yearAgoRevenue": {}, "growth": {}}, "epsTrend": {"current": 0.0, "7daysAgo": 0.0, "30daysAgo": 0.0, "60daysAgo": 0.0, "90daysAgo": 0.0}, "epsRevisions": {"upLast7days": 0, "upLast30days": 0, "downLast30days": 0, "downLast90days": {}}}, {"maxAge": 1, "period": "+1q", "endDate": null, "growth": {}, "earningsEstimate": {"avg": 0.0, "low": 0.0, "high": 0.0, "yearAgoEps": {}, "numberOfAnalysts": 0, "growth": {}}, "revenueEstimate": {"avg": 0, "low": 0, "high": 0, "numberOfAnalysts": 0, "yearAgoRevenue": {}, "growth": {}}, "epsTrend": {"current": 0.0, "7daysAgo": 0.0, "30daysAgo": 0.0, "60daysAgo": 0.0, "90daysAgo": 0.0}, "epsRevisions": {"upLast7days": 0, "upLast30days": 0, "downLast30days": 0, "downLast90days": {}}}, {"maxAge": 1, "period": "0y", "endDate": null, "growth": {}, "earningsEstimate": {"avg": 0.0, "low": 0.0, "high": 0.0, "yearAgoEps": {}, "numberOfAnalysts": 0, "growth": {}}, "revenueEstimate": {"avg": 0, "low": 0, "high": 0, "numberOfAnalysts": 0, "yearAgoRevenue": {}, "growth": {}}, "epsTrend": {"current": 0.0, "7daysAgo": 0.0, "30daysAgo": 0.0, "60daysAgo": 0.0, "90daysAgo": 0.0}, "epsRevisions": {"upLast7days": 0, "upLast30days": 0, "downLast30days": 0, "downLast90days": {}}}, {"maxAge": 1, "period": "+1y", "endDate": null, "growth": {}, "earningsEstimate": {"avg": 0.0, "low": 0.0, "high": 0.0, "yearAgoEps": {}, "numberOfAnalysts": 0, "growth": {}}, "revenueEstimate": {"avg": 0, "low": 0, "high": 0, "numberOfAnalysts": 0, "yearAgoRevenue": {}, "growth": {}}, "epsTrend": {"current": 0.0, "7daysAgo": 0.0, "30daysAgo": 0.0, "60daysAgo": 0.0, "90daysAgo": 0.0}, "epsRevisions": {"upLast7days": 0, "upLast30days": 0, "downLast30days": 0, "downLast90days": {}}}, {"maxAge": 1, "period": "+5y", "endDate": null, "growth": {}, "earningsEstimate": {"avg": {}, "low": {}, "high": {}, "yearAgoEps": {}, "numberOfAnalysts": {}, "growth": {}}, "revenueEstimate": {"avg": {}, "low": {}, "high": {}, "numberOfAnalysts": {}, "yearAgoRevenue": {}, "growth": {}}, "epsTrend": {"current": {}, "7daysAgo": {}, "30daysAgo": {}, "60daysAgo": {}, "90daysAgo": {}}, "epsRevisions": {"upLast7days": {}, "upLast30days": {}, "downLast30days": {}, "downLast90days": {}}}, {"maxAge": 1, "period": "-5y", "endDate": null, "growth": {}, "earningsEstimate": {"avg": {}, "low": {}, "high": {}, "yearAgoEps": {}, "numberOfAnalysts": {}, "growth": {}}, "revenueEstimate": {"avg": {}, "low": {}, "high": {}, "numberOfAnalysts": {}, "yearAgoRevenue": {}, "growth": {}}, "epsTrend": {"current": {}, "7daysAgo": {}, "30daysAgo": {}, "60daysAgo": {}, "90daysAgo": {}}, "epsRevisions": {"upLast7days": {}, "upLast30days": {}, "downLast30days": {}, "downLast90days": {}}}], "maxAge": 1}, "financialData": {"maxAge": 86400, "currentPrice": 203.35, "targetHighPrice": 182.0, "targetLowPrice": 182.0, "targetMeanPrice": 182.0, "targetMedianPrice": 182.0, "recommendationKey": "none", "numberOfAnalystOpinions": 1, "grossProfits": 210016000, "financialCurrency": "INR"}}}