{"SHINDL.BO": {"cashflowStatementHistory": {"cashflowStatements": [{"maxAge": 1, "endDate": "2020-03-31", "netIncome": 17711000, "depreciation": 33888000, "changeToNetincome": 82426000, "changeToAccountReceivables": -34594000, "changeToLiabilities": 44498000, "changeToInventory": -131204000, "changeToOperatingActivities": 54791000, "totalCashFromOperatingActivities": 67516000, "capitalExpenditures": -30155000, "otherCashflowsFromInvestingActivities": 2948000, "totalCashflowsFromInvestingActivities": -26297000, "netBorrowings": 26723000, "otherCashflowsFromFinancingActivities": -72486000, "totalCashFromFinancingActivities": -45763000, "changeInCash": -4545000}, {"maxAge": 1, "endDate": "2019-03-31", "netIncome": 29006000, "depreciation": 32638000, "changeToNetincome": 55690000, "changeToAccountReceivables": -185966000, "changeToLiabilities": 84960000, "changeToInventory": -57049000, "changeToOperatingActivities": 6600000, "totalCashFromOperatingActivities": -34121000, "capitalExpenditures": -97151000, "otherCashflowsFromInvestingActivities": 7548000, "totalCashflowsFromInvestingActivities": -86848000, "netBorrowings": 182358000, "otherCashflowsFromFinancingActivities": -56157000, "totalCashFromFinancingActivities": 126201000, "changeInCash": 5232000}, {"maxAge": 1, "endDate": "2013-03-31", "netIncome": 9672000, "depreciation": 32638000, "changeToNetincome": 55690000, "changeToAccountReceivables": -185966000, "changeToLiabilities": 0, "changeToInventory": -57049000, "changeToOperatingActivities": 6600000, "totalCashFromOperatingActivities": -34121000, "capitalExpenditures": -97151000, "otherCashflowsFromInvestingActivities": 7548000, "totalCashflowsFromInvestingActivities": -86848000, "netBorrowings": 182358000, "otherCashflowsFromFinancingActivities": -56157000, "totalCashFromFinancingActivities": 126201000, "changeInCash": 5232000}, {"maxAge": 1, "endDate": "2012-03-31", "netIncome": 2394000, "depreciation": 32638000, "changeToNetincome": 55690000, "changeToAccountReceivables": -185966000, "changeToLiabilities": 0, "changeToInventory": -57049000, "changeToOperatingActivities": 6600000, "totalCashFromOperatingActivities": -34121000, "capitalExpenditures": -97151000, "otherCashflowsFromInvestingActivities": 7548000, "totalCashflowsFromInvestingActivities": -86848000, "netBorrowings": 182358000, "otherCashflowsFromFinancingActivities": -56157000, "totalCashFromFinancingActivities": 126201000, "changeInCash": 5232000}], "maxAge": 86400}, "institutionOwnership": {"ownershipList": [], "maxAge": 1}, "balanceSheetHistoryQuarterly": {"balanceSheetStatements": [{"maxAge": 1, "endDate": "2020-06-30", "totalStockholderEquity": 548194000, "netTangibleAssets": 547845000}, {"maxAge": 1, "endDate": "2020-03-31", "cash": 33014000, "shortTermInvestments": 22478000, "netReceivables": 440318000, "inventory": 539114000, "otherCurrentAssets": 39631000, "totalCurrentAssets": 1074555000, "longTermInvestments": 13143000, "propertyPlantEquipment": 431765000, "intangibleAssets": 349000, "totalAssets": 1519812000, "accountsPayable": 241073000, "shortLongTermDebt": 476130000, "otherCurrentLiab": 79166000, "longTermDebt": 78767000, "otherLiab": 96482000, "totalCurrentLiabilities": 796369000, "totalLiab": 971618000, "commonStock": 220125000, "treasuryStock": 328069000, "otherStockholderEquity": 328069000, "totalStockholderEquity": 548194000, "netTangibleAssets": 547845000}, {"maxAge": 1, "endDate": "2019-12-31"}, {"maxAge": 1, "endDate": "2019-06-30", "totalStockholderEquity": 530176000, "netTangibleAssets": 529697000}], "maxAge": 86400}, "indexTrend": {"maxAge": 1, "symbol": "SP5", "peRatio": 19.7411, "pegRatio": 1.34172, "estimates": [{"period": "0q", "growth": 0.549}, {"period": "+1q", "growth": 0.431}, {"period": "0y", "growth": 0.305}, {"period": "+1y", "growth": 0.109}, {"period": "+5y", "growth": 0.120859005}, {"period": "-5y"}]}, "insiderTransactions": {"transactions": [{"maxAge": 1, "shares": 1000, "filerUrl": "", "transactionText": "", "filerName": "Reddy (S Sharat)", "filerRelation": "Promoter", "moneyText": "", "startDate": "2020-06-29", "ownership": "D"}, {"maxAge": 1, "shares": 20000, "filerUrl": "", "transactionText": "", "filerName": "Reddy (Charita S)", "filerRelation": "Promoter", "moneyText": "", "startDate": "2020-03-04", "ownership": "D"}, {"maxAge": 1, "shares": 37400, "filerUrl": "", "transactionText": "", "filerName": "Sabbella (Devaki)", "filerRelation": "Promoter", "moneyText": "", "startDate": "2020-03-04", "ownership": "D"}, {"maxAge": 1, "shares": 300200, "filerUrl": "", "transactionText": "", "filerName": "Reddy (S Sharat)", "filerRelation": "UNREPORTED", "moneyText": "", "startDate": "2018-03-07", "ownership": "D"}], "maxAge": 1}, "quoteType": {"exchange": "BSE", "quoteType": "EQUITY", "symbol": "SHINDL.BO", "underlyingSymbol": "SHINDL.BO", "shortName": "SHARAT INDUSTRIES LTD.", "longName": "Sharat Industries Limited", "firstTradeDateEpochUtc": "2011-11-18 09:15:00", "timeZoneFullName": "Asia/Kolkata", "timeZoneShortName": "IST", "uuid": "c3d86d1e-4c13-3b6a-a589-fcaf0bb6d598", "gmtOffSetMilliseconds": 19800000, "maxAge": 1}, "incomeStatementHistory": {"incomeStatementHistory": [{"maxAge": 1, "endDate": "2020-03-31", "totalRevenue": 2017012000, "costOfRevenue": 1451562000, "grossProfit": 565450000, "researchDevelopment": {}, "sellingGeneralAdministrative": 100603000, "nonRecurring": {}, "otherOperatingExpenses": 331845000, "totalOperatingExpenses": 1917898000, "operatingIncome": 99114000, "totalOtherIncomeExpenseNet": -73244000, "ebit": 99114000, "interestExpense": -73243000, "incomeBeforeTax": 25870000, "incomeTaxExpense": 8159000, "minorityInterest": {}, "netIncomeFromContinuingOps": 17711000, "discontinuedOperations": {}, "extraordinaryItems": {}, "effectOfAccountingCharges": {}, "otherItems": {}, "netIncome": 17711000, "netIncomeApplicableToCommonShares": 17711000}, {"maxAge": 1, "endDate": "2019-03-31", "totalRevenue": 1956591000, "costOfRevenue": 1441135000, "grossProfit": 515456000, "researchDevelopment": {}, "sellingGeneralAdministrative": 87654000, "nonRecurring": {}, "otherOperatingExpenses": 303546000, "totalOperatingExpenses": 1864973000, "operatingIncome": 91618000, "totalOtherIncomeExpenseNet": -56158000, "ebit": 91618000, "interestExpense": -56158000, "incomeBeforeTax": 35460000, "incomeTaxExpense": 6454000, "minorityInterest": {}, "netIncomeFromContinuingOps": 29006000, "discontinuedOperations": {}, "extraordinaryItems": {}, "effectOfAccountingCharges": {}, "otherItems": {}, "netIncome": 29006000, "netIncomeApplicableToCommonShares": 29006000}, {"maxAge": 1, "endDate": "2013-03-31", "totalRevenue": 510454000, "costOfRevenue": 401875000, "grossProfit": 108579000, "researchDevelopment": {}, "sellingGeneralAdministrative": 33746000, "nonRecurring": {}, "otherOperatingExpenses": 36506000, "totalOperatingExpenses": 499825000, "operatingIncome": 10629000, "totalOtherIncomeExpenseNet": -957000, "ebit": 10629000, "interestExpense": -957000, "incomeBeforeTax": 9672000, "incomeTaxExpense": 0, "minorityInterest": {}, "netIncomeFromContinuingOps": 9672000, "discontinuedOperations": {}, "extraordinaryItems": {}, "effectOfAccountingCharges": {}, "otherItems": {}, "netIncome": 9672000, "netIncomeApplicableToCommonShares": 9672000}, {"maxAge": 1, "endDate": "2012-03-31", "totalRevenue": 398904000, "costOfRevenue": 301857000, "grossProfit": 97047000, "researchDevelopment": {}, "sellingGeneralAdministrative": 16077000, "nonRecurring": {}, "otherOperatingExpenses": 46653000, "totalOperatingExpenses": 392057000, "operatingIncome": 6847000, "totalOtherIncomeExpenseNet": -4122000, "ebit": 6847000, "interestExpense": -4123000, "incomeBeforeTax": 2725000, "incomeTaxExpense": 331000, "minorityInterest": {}, "netIncomeFromContinuingOps": 2394000, "discontinuedOperations": {}, "extraordinaryItems": {}, "effectOfAccountingCharges": {}, "otherItems": {}, "netIncome": 2394000, "netIncomeApplicableToCommonShares": 2394000}], "maxAge": 86400}, "fundOwnership": {"ownershipList": [], "maxAge": 1}, "summaryDetail": {"maxAge": 1, "priceHint": 2, "previousClose": 28.4, "open": 28.4, "dayLow": 27.5, "dayHigh": 29.8, "regularMarketPreviousClose": 28.4, "regularMarketOpen": 28.4, "regularMarketDayLow": 27.5, "regularMarketDayHigh": 29.8, "trailingPE": 31.902554, "volume": 1826, "regularMarketVolume": 1826, "averageVolume": 2230, "averageVolume10days": 526, "averageDailyVolume10Day": 526, "bid": 27.5, "ask": 29.0, "bidSize": 0, "askSize": 0, "marketCap": 605343744, "fiftyTwoWeekLow": 14.5, "fiftyTwoWeekHigh": 33.0, "fiftyDayAverage": 29.334848, "twoHundredDayAverage": 25.938602, "currency": "INR", "fromCurrency": null, "lastMarket": null, "algorithm": null, "tradeable": false}, "incomeStatementHistoryQuarterly": {"incomeStatementHistory": [{"maxAge": 1, "endDate": "2020-06-30", "totalRevenue": 550832000, "costOfRevenue": 425205000, "grossProfit": 125627000, "researchDevelopment": {}, "sellingGeneralAdministrative": 20211000, "nonRecurring": {}, "otherOperatingExpenses": 72652000, "totalOperatingExpenses": 526429000, "operatingIncome": 24403000, "totalOtherIncomeExpenseNet": -14140000, "ebit": 24403000, "interestExpense": -14140000, "incomeBeforeTax": 10263000, "incomeTaxExpense": 2855000, "minorityInterest": {}, "netIncomeFromContinuingOps": 7408000, "discontinuedOperations": {}, "extraordinaryItems": {}, "effectOfAccountingCharges": {}, "otherItems": {}, "netIncome": 7408000, "netIncomeApplicableToCommonShares": 7408000}, {"maxAge": 1, "endDate": "2020-03-31", "totalRevenue": 474399000, "costOfRevenue": 339380000, "grossProfit": 135019000, "researchDevelopment": {}, "sellingGeneralAdministrative": 25575000, "nonRecurring": {}, "otherOperatingExpenses": 84124000, "totalOperatingExpenses": 457018000, "operatingIncome": 17381000, "totalOtherIncomeExpenseNet": -17346000, "ebit": 17381000, "interestExpense": -17346000, "incomeBeforeTax": 35000, "incomeTaxExpense": 1442000, "minorityInterest": {}, "netIncomeFromContinuingOps": -1407000, "discontinuedOperations": {}, "extraordinaryItems": {}, "effectOfAccountingCharges": {}, "otherItems": {}, "netIncome": -1407000, "netIncomeApplicableToCommonShares": -1407000}, {"maxAge": 1, "endDate": "2019-12-31", "totalRevenue": 478028000, "costOfRevenue": 339564000, "grossProfit": 138464000, "researchDevelopment": {}, "sellingGeneralAdministrative": 24834000, "nonRecurring": {}, "otherOperatingExpenses": 80719000, "totalOperatingExpenses": 453754000, "operatingIncome": 24274000, "totalOtherIncomeExpenseNet": -18596000, "ebit": 24274000, "interestExpense": -18596000, "incomeBeforeTax": 5678000, "incomeTaxExpense": 1476000, "minorityInterest": {}, "netIncomeFromContinuingOps": 4202000, "discontinuedOperations": {}, "extraordinaryItems": {}, "effectOfAccountingCharges": {}, "otherItems": {}, "netIncome": 4202000, "netIncomeApplicableToCommonShares": 4202000}, {"maxAge": 1, "endDate": "2019-06-30", "totalRevenue": 578647000, "costOfRevenue": 432265000, "grossProfit": 146382000, "researchDevelopment": {}, "sellingGeneralAdministrative": 23859000, "nonRecurring": {}, "otherOperatingExpenses": 88820000, "totalOperatingExpenses": 553104000, "operatingIncome": 25543000, "totalOtherIncomeExpenseNet": -16574000, "ebit": 25543000, "interestExpense": -16574000, "incomeBeforeTax": 8969000, "incomeTaxExpense": 2495000, "minorityInterest": {}, "netIncomeFromContinuingOps": 6474000, "discontinuedOperations": {}, "extraordinaryItems": {}, "effectOfAccountingCharges": {}, "otherItems": {}, "netIncome": 6474000, "netIncomeApplicableToCommonShares": 6474000}], "maxAge": 86400}, "cashflowStatementHistoryQuarterly": {"cashflowStatements": [{"maxAge": 1, "endDate": "2020-06-30", "netIncome": 7408000, "changeToLiabilities": 0}, {"maxAge": 1, "endDate": "2020-03-31", "netIncome": -1407000, "changeToLiabilities": 0}, {"maxAge": 1, "endDate": "2019-12-31", "netIncome": 4202000, "changeToLiabilities": 0}, {"maxAge": 1, "endDate": "2019-06-30", "netIncome": 6474000, "changeToLiabilities": 0}], "maxAge": 86400}, "insiderHolders": {"holders": [{"maxAge": 1, "name": "Reddy (Charita S)", "relation": "Promoter", "url": "", "transactionDescription": "Purchase", "latestTransDate": "2020-03-04", "positionDirect": 28000, "positionDirectDate": "2020-03-04"}, {"maxAge": 1, "name": "Reddy (S Sharat)", "relation": "Promoter", "url": "", "transactionDescription": "Acquisition", "latestTransDate": "2020-06-29", "positionDirect": 2464800, "positionDirectDate": "2020-06-29"}, {"maxAge": 1, "name": "Sabbella (Devaki)", "relation": "Promoter", "url": "", "transactionDescription": "Acquisition", "latestTransDate": "2020-03-04", "positionDirect": 176500, "positionDirectDate": "2020-03-04"}], "maxAge": 1}, "calendarEvents": {"maxAge": 1, "earnings": {"earningsDate": ["2020-08-26 05:30:S"]}}, "upgradeDowngradeHistory": {"history": [], "maxAge": 86400}, "price": {"maxAge": 1, "regularMarketChangePercent": -0.03169013, "regularMarketChange": -0.8999996, "regularMarketTime": "2021-04-30 14:52:13", "priceHint": 2, "regularMarketPrice": 27.5, "regularMarketDayHigh": 29.8, "regularMarketDayLow": 27.5, "regularMarketVolume": 1826, "averageDailyVolume10Day": 526, "averageDailyVolume3Month": 2230, "regularMarketPreviousClose": 28.4, "regularMarketSource": "FREE_REALTIME", "regularMarketOpen": 28.4, "exchange": "BSE", "exchangeName": "BSE", "exchangeDataDelayedBy": 0, "marketState": "CLOSED", "quoteType": "EQUITY", "symbol": "SHINDL.BO", "underlyingSymbol": null, "shortName": "SHARAT INDUSTRIES LTD.", "longName": "Sharat Industries Limited", "currency": "INR", "quoteSourceName": "Delayed Quote", "currencySymbol": "\u20b9", "fromCurrency": null, "lastMarket": null, "marketCap": 605343744}, "balanceSheetHistory": {"balanceSheetStatements": [{"maxAge": 1, "endDate": "2020-03-31", "cash": 33014000, "shortTermInvestments": 22478000, "netReceivables": 440318000, "inventory": 539114000, "otherCurrentAssets": 39631000, "totalCurrentAssets": 1074555000, "longTermInvestments": 13143000, "propertyPlantEquipment": 431765000, "intangibleAssets": 349000, "totalAssets": 1519812000, "accountsPayable": 241073000, "shortLongTermDebt": 476130000, "otherCurrentLiab": 79166000, "longTermDebt": 78767000, "otherLiab": 96482000, "totalCurrentLiabilities": 796369000, "totalLiab": 971618000, "commonStock": 220125000, "treasuryStock": 328069000, "otherStockholderEquity": 328069000, "totalStockholderEquity": 548194000, "netTangibleAssets": 547845000}, {"maxAge": 1, "endDate": "2019-03-31", "cash": 62485000, "shortTermInvestments": 47276000, "netReceivables": 417140000, "inventory": 407910000, "otherCurrentAssets": 35886000, "totalCurrentAssets": 970697000, "longTermInvestments": 13953000, "propertyPlantEquipment": 435529000, "intangibleAssets": 479000, "totalAssets": 1420658000, "accountsPayable": 197063000, "shortLongTermDebt": 446637000, "otherCurrentLiab": 73250000, "longTermDebt": 82849000, "otherLiab": 90683000, "totalCurrentLiabilities": 716950000, "totalLiab": 890482000, "commonStock": 220125000, "treasuryStock": 310051000, "otherStockholderEquity": 310051000, "totalStockholderEquity": 530176000, "netTangibleAssets": 529697000}, {"maxAge": 1, "endDate": "2013-03-31"}, {"maxAge": 1, "endDate": "2012-03-31"}], "maxAge": 86400}, "financialData": {"maxAge": 86400, "currentPrice": 27.5, "recommendationKey": "none", "grossProfits": 565450000, "financialCurrency": "INR"}}}