{"SHISHIND.BO": {"cashflowStatementHistory": {"cashflowStatements": [{"maxAge": 1, "endDate": "2020-03-31", "netIncome": 9708469, "depreciation": 8423106, "changeToNetincome": -402051, "changeToAccountReceivables": 7043248, "changeToLiabilities": -5364824, "changeToInventory": -7927641, "changeToOperatingActivities": -6563440, "totalCashFromOperatingActivities": 5269629, "capitalExpenditures": -2499231, "investments": 316725, "totalCashflowsFromInvestingActivities": -2182506, "netBorrowings": -3483097, "totalCashFromFinancingActivities": -3483097, "changeInCash": -395973}, {"maxAge": 1, "endDate": "2019-03-31", "netIncome": 8874060, "depreciation": 7944296, "changeToNetincome": 2151469, "changeToAccountReceivables": 2954829, "changeToLiabilities": 0, "changeToInventory": -18152471, "changeToOperatingActivities": 5191171, "totalCashFromOperatingActivities": 9494362, "capitalExpenditures": -7843766, "investments": -289936, "totalCashflowsFromInvestingActivities": -8133702, "netBorrowings": -1369246, "totalCashFromFinancingActivities": -1369246, "changeInCash": -8586}, {"maxAge": 1, "endDate": "2018-03-31", "netIncome": 6633858, "depreciation": 5360547, "changeToNetincome": 2563815, "changeToAccountReceivables": -21973253, "changeToLiabilities": 0, "changeToInventory": -21486424, "changeToOperatingActivities": -8260128, "totalCashFromOperatingActivities": -36864224, "capitalExpenditures": -63118628, "investments": -4683159, "totalCashflowsFromInvestingActivities": -67801787, "netBorrowings": 27694985, "totalCashFromFinancingActivities": 105653884, "changeInCash": 987874, "issuanceOfStock": 77958899}, {"maxAge": 1, "endDate": "2017-03-31", "netIncome": 549000, "depreciation": 3888000, "changeToNetincome": 2242000, "changeToAccountReceivables": -156000, "changeToLiabilities": 1580000, "changeToInventory": -2784000, "changeToOperatingActivities": -2178000, "totalCashFromOperatingActivities": 3141000, "capitalExpenditures": -3811000, "investments": -4683159, "otherCashflowsFromInvestingActivities": 663000, "totalCashflowsFromInvestingActivities": -3148000, "netBorrowings": 731000, "otherCashflowsFromFinancingActivities": -2651000, "totalCashFromFinancingActivities": -649000, "changeInCash": -657000, "issuanceOfStock": 1271000}], "maxAge": 86400}, "institutionOwnership": {"ownershipList": [], "maxAge": 1}, "balanceSheetHistoryQuarterly": {"balanceSheetStatements": [{"maxAge": 1, "endDate": "2020-09-30", "cash": 5218000, "netReceivables": 51214000, "inventory": 48005000, "otherCurrentAssets": 13575000, "totalCurrentAssets": 118012000, "propertyPlantEquipment": 43793000, "intangibleAssets": 77000, "otherAssets": 918000, "deferredLongTermAssetCharges": 918000, "totalAssets": 162800000, "accountsPayable": 14540000, "otherCurrentLiab": 30674000, "longTermDebt": 3702000, "otherLiab": 2000, "totalCurrentLiabilities": 50205000, "totalLiab": 53909000, "commonStock": 45950000, "treasuryStock": 62941000, "otherStockholderEquity": 62941000, "totalStockholderEquity": 108891000, "netTangibleAssets": 108814000}, {"maxAge": 1, "endDate": "2020-06-30", "cash": 5218000, "netReceivables": 51214000, "inventory": 48005000, "otherCurrentAssets": 13575000, "totalCurrentAssets": 118012000, "propertyPlantEquipment": 43793000, "intangibleAssets": 77000, "otherAssets": 918000, "deferredLongTermAssetCharges": 918000, "totalAssets": 162800000, "accountsPayable": 14540000, "otherCurrentLiab": 30674000, "longTermDebt": 3702000, "otherLiab": 2000, "totalCurrentLiabilities": 50205000, "totalLiab": 53909000, "commonStock": 45950000, "treasuryStock": 62941000, "otherStockholderEquity": 62941000, "totalStockholderEquity": 108891000, "netTangibleAssets": 108814000}, {"maxAge": 1, "endDate": "2020-03-31", "cash": 500992, "shortTermInvestments": 4774165, "netReceivables": 25282386, "inventory": 45776002, "otherCurrentAssets": 705523, "totalCurrentAssets": 77039068, "propertyPlantEquipment": 46767081, "intangibleAssets": 80695, "otherAssets": 775732, "deferredLongTermAssetCharges": 775732, "totalAssets": 124662576, "accountsPayable": 3773945, "shortLongTermDebt": 2736840, "otherCurrentLiab": 4151944, "longTermDebt": 4695589, "totalCurrentLiabilities": 23833361, "totalLiab": 28528950, "commonStock": 44422330, "retainedEarnings": 24671296, "capitalSurplus": 27040000, "totalStockholderEquity": 96133626, "netTangibleAssets": 96052931}, {"maxAge": 1, "endDate": "2019-12-31", "cash": 500992, "shortTermInvestments": 4774165, "netReceivables": 25282386, "inventory": 45776002, "otherCurrentAssets": 705523, "totalCurrentAssets": 77039068, "propertyPlantEquipment": 46767081, "intangibleAssets": 80695, "otherAssets": 775732, "deferredLongTermAssetCharges": 775732, "totalAssets": 124662576, "accountsPayable": 3773945, "shortLongTermDebt": 2736840, "otherCurrentLiab": 4151944, "longTermDebt": 4695589, "totalCurrentLiabilities": 23833361, "totalLiab": 28528950, "commonStock": 44422330, "retainedEarnings": 24671296, "capitalSurplus": 27040000, "totalStockholderEquity": 96133626, "netTangibleAssets": 96052931}], "maxAge": 86400}, "indexTrend": {"maxAge": 1, "symbol": "SP5", "peRatio": 19.7411, "pegRatio": 1.34172, "estimates": [{"period": "0q", "growth": 0.549}, {"period": "+1q", "growth": 0.431}, {"period": "0y", "growth": 0.305}, {"period": "+1y", "growth": 0.109}, {"period": "+5y", "growth": 0.120859005}, {"period": "-5y"}]}, "insiderTransactions": {"transactions": [{"maxAge": 1, "shares": 99995, "value": 68136, "filerUrl": "", "transactionText": "Other at price 0.68 per share.", "filerName": "Kakadiya (Rameshbhai)", "filerRelation": "Promoter", "moneyText": "", "startDate": "2020-09-14", "ownership": "D"}, {"maxAge": 1, "shares": 52772, "value": 35958, "filerUrl": "", "transactionText": "Other at price 0.68 per share.", "filerName": "Maniya (Stishkumar Dayabhai)", "filerRelation": "Promoter", "moneyText": "", "startDate": "2020-09-14", "ownership": "D"}], "maxAge": 1}, "quoteType": {"exchange": "BSE", "quoteType": "EQUITY", "symbol": "SHISHIND.BO", "underlyingSymbol": "SHISHIND.BO", "shortName": "Shish Industries Limited", "longName": "Shish Industries Limited", "firstTradeDateEpochUtc": "2017-09-05 09:15:00", "timeZoneFullName": "Asia/Kolkata", "timeZoneShortName": "IST", "uuid": "1c37702a-f28e-39b9-a6ae-e415a5f72d4b", "gmtOffSetMilliseconds": 19800000, "maxAge": 1}, "incomeStatementHistory": {"incomeStatementHistory": [{"maxAge": 1, "endDate": "2020-03-31", "totalRevenue": 159993728, "costOfRevenue": 102550144, "grossProfit": 57443584, "researchDevelopment": {}, "sellingGeneralAdministrative": 12665755, "nonRecurring": {}, "otherOperatingExpenses": 22538465, "totalOperatingExpenses": 146177470, "operatingIncome": 13816258, "totalOtherIncomeExpenseNet": -569641, "ebit": 13816258, "interestExpense": -2308204, "incomeBeforeTax": 13246617, "incomeTaxExpense": 3538148, "minorityInterest": {}, "netIncomeFromContinuingOps": 9708469, "discontinuedOperations": {}, "extraordinaryItems": {}, "effectOfAccountingCharges": {}, "otherItems": {}, "netIncome": 9708469, "netIncomeApplicableToCommonShares": 9708469}, {"maxAge": 1, "endDate": "2019-03-31", "totalRevenue": 110302949, "costOfRevenue": 55935829, "grossProfit": 54367120, "researchDevelopment": {}, "sellingGeneralAdministrative": 11424166, "nonRecurring": {}, "otherOperatingExpenses": 20052414, "totalOperatingExpenses": 95356704, "operatingIncome": 14946245, "totalOtherIncomeExpenseNet": -2439150, "ebit": 14946245, "interestExpense": -2606452, "incomeBeforeTax": 12507095, "incomeTaxExpense": 3633035, "minorityInterest": {}, "netIncomeFromContinuingOps": 8874060, "discontinuedOperations": {}, "extraordinaryItems": {}, "effectOfAccountingCharges": {}, "otherItems": {}, "netIncome": 8874060, "netIncomeApplicableToCommonShares": 8874060}, {"maxAge": 1, "endDate": "2018-03-31", "totalRevenue": 90901631, "costOfRevenue": 46390892, "grossProfit": 44510739, "researchDevelopment": {}, "sellingGeneralAdministrative": 11462363, "nonRecurring": {}, "otherOperatingExpenses": 16485734, "totalOperatingExpenses": 79699536, "operatingIncome": 11202095, "totalOtherIncomeExpenseNet": -1974721, "ebit": 11202095, "interestExpense": -1987824, "incomeBeforeTax": 9227374, "incomeTaxExpense": 2593516, "minorityInterest": {}, "netIncomeFromContinuingOps": 6633858, "discontinuedOperations": {}, "extraordinaryItems": {}, "effectOfAccountingCharges": {}, "otherItems": {}, "netIncome": 6633858, "netIncomeApplicableToCommonShares": 6633858}, {"maxAge": 1, "endDate": "2017-03-31", "totalRevenue": 52245000, "costOfRevenue": 34939000, "grossProfit": 17306000, "researchDevelopment": {}, "sellingGeneralAdministrative": 3158000, "nonRecurring": {}, "otherOperatingExpenses": 7453000, "totalOperatingExpenses": 49438000, "operatingIncome": 2807000, "totalOtherIncomeExpenseNet": -2004000, "ebit": 2807000, "interestExpense": -2548000, "incomeBeforeTax": 803000, "incomeTaxExpense": 254000, "minorityInterest": {}, "netIncomeFromContinuingOps": 549000, "discontinuedOperations": {}, "extraordinaryItems": {}, "effectOfAccountingCharges": {}, "otherItems": {}, "netIncome": 549000, "netIncomeApplicableToCommonShares": 549000}], "maxAge": 86400}, "fundOwnership": {"ownershipList": [], "maxAge": 1}, "summaryDetail": {"maxAge": 1, "priceHint": 2, "previousClose": 68.05, "open": 71.4, "dayLow": 69.0, "dayHigh": 71.45, "regularMarketPreviousClose": 68.05, "regularMarketOpen": 71.4, "regularMarketDayLow": 69.0, "regularMarketDayHigh": 71.45, "trailingPE": 22.856686, "volume": 12962, "regularMarketVolume": 12962, "averageVolume": 9940, "averageVolume10days": 0, "averageDailyVolume10Day": 0, "bid": 71.45, "ask": 0.0, "bidSize": 0, "askSize": 0, "marketCap": 317397312, "fiftyTwoWeekLow": 27.7273, "fiftyTwoWeekHigh": 71.45, "fiftyDayAverage": 35.8197, "twoHundredDayAverage": 45.49305, "currency": "INR", "fromCurrency": null, "lastMarket": null, "algorithm": null, "tradeable": false}, "incomeStatementHistoryQuarterly": {"incomeStatementHistory": [{"maxAge": 1, "endDate": "2020-09-30", "totalRevenue": 54739500, "costOfRevenue": 40751000, "grossProfit": 13988500, "researchDevelopment": {}, "sellingGeneralAdministrative": 2432500, "nonRecurring": {}, "otherOperatingExpenses": 6551500, "totalOperatingExpenses": 51616000, "operatingIncome": 3123500, "totalOtherIncomeExpenseNet": 238500, "ebit": 3123500, "interestExpense": -592500, "incomeBeforeTax": 3362000, "incomeTaxExpense": 802500, "minorityInterest": {}, "netIncomeFromContinuingOps": 2559500, "discontinuedOperations": {}, "extraordinaryItems": {}, "effectOfAccountingCharges": {}, "otherItems": {}, "netIncome": 2559500, "netIncomeApplicableToCommonShares": 2559500}, {"maxAge": 1, "endDate": "2020-06-30", "totalRevenue": 54739500, "costOfRevenue": 40751000, "grossProfit": 13988500, "researchDevelopment": {}, "sellingGeneralAdministrative": 2432500, "nonRecurring": {}, "otherOperatingExpenses": 6551500, "totalOperatingExpenses": 51616000, "operatingIncome": 3123500, "totalOtherIncomeExpenseNet": 238500, "ebit": 3123500, "interestExpense": -592500, "incomeBeforeTax": 3362000, "incomeTaxExpense": 802500, "minorityInterest": {}, "netIncomeFromContinuingOps": 2559500, "discontinuedOperations": {}, "extraordinaryItems": {}, "effectOfAccountingCharges": {}, "otherItems": {}, "netIncome": 2559500, "netIncomeApplicableToCommonShares": 2559500}, {"maxAge": 1, "endDate": "2020-03-31", "totalRevenue": 36374364, "costOfRevenue": 20600072, "grossProfit": 15774292, "researchDevelopment": {}, "sellingGeneralAdministrative": 2892878, "nonRecurring": {}, "otherOperatingExpenses": 4602733, "totalOperatingExpenses": 30249235, "operatingIncome": 6125129, "totalOtherIncomeExpenseNet": -50820, "ebit": 6125129, "interestExpense": -509602, "incomeBeforeTax": 6074309, "incomeTaxExpense": 1739074, "minorityInterest": {}, "netIncomeFromContinuingOps": 4335235, "discontinuedOperations": {}, "extraordinaryItems": {}, "effectOfAccountingCharges": {}, "otherItems": {}, "netIncome": 4335235, "netIncomeApplicableToCommonShares": 4335235}, {"maxAge": 1, "endDate": "2019-12-31", "totalRevenue": 36374364, "costOfRevenue": 20600072, "grossProfit": 15774292, "researchDevelopment": {}, "sellingGeneralAdministrative": 2892878, "nonRecurring": {}, "otherOperatingExpenses": 4602733, "totalOperatingExpenses": 30249235, "operatingIncome": 6125129, "totalOtherIncomeExpenseNet": -50820, "ebit": 6125129, "interestExpense": -509602, "incomeBeforeTax": 6074309, "incomeTaxExpense": 1739074, "minorityInterest": {}, "netIncomeFromContinuingOps": 4335235, "discontinuedOperations": {}, "extraordinaryItems": {}, "effectOfAccountingCharges": {}, "otherItems": {}, "netIncome": 4335235, "netIncomeApplicableToCommonShares": 4335235}], "maxAge": 86400}, "cashflowStatementHistoryQuarterly": {"cashflowStatements": [{"maxAge": 1, "endDate": "2020-09-30", "netIncome": 2559500, "depreciation": 1881000, "changeToNetincome": -192000, "changeToAccountReceivables": -6238000, "changeToLiabilities": 0, "changeToInventory": -1114500, "changeToOperatingActivities": -65500, "totalCashFromOperatingActivities": -3169500, "capitalExpenditures": -303500, "investments": 61000, "otherCashflowsFromInvestingActivities": -500, "totalCashflowsFromInvestingActivities": -243000, "netBorrowings": -496500, "totalCashFromFinancingActivities": 3322500, "changeInCash": -89500, "issuanceOfStock": 3819000}, {"maxAge": 1, "endDate": "2020-06-30", "netIncome": 2559500, "depreciation": 1881000, "changeToNetincome": -192000, "changeToAccountReceivables": -6238000, "changeToLiabilities": 0, "changeToInventory": -1114500, "changeToOperatingActivities": -65500, "totalCashFromOperatingActivities": -3169500, "capitalExpenditures": -303500, "investments": 61000, "otherCashflowsFromInvestingActivities": -500, "totalCashflowsFromInvestingActivities": -243000, "netBorrowings": -496500, "totalCashFromFinancingActivities": 3322500, "changeInCash": -89500, "issuanceOfStock": 3819000}, {"maxAge": 1, "endDate": "2020-03-31", "netIncome": 4335235, "depreciation": 2153553, "changeToNetincome": -815526, "changeToAccountReceivables": 7107124, "changeToLiabilities": -5899412, "changeToInventory": -4928321, "changeToOperatingActivities": -1353720, "totalCashFromOperatingActivities": 775315, "capitalExpenditures": -588616, "investments": 160863, "otherCashflowsFromInvestingActivities": -193500, "totalCashflowsFromInvestingActivities": 127247, "netBorrowings": -1944049, "otherCashflowsFromFinancingActivities": 644500, "totalCashFromFinancingActivities": -1299549, "changeInCash": -396987, "issuanceOfStock": 3819000}, {"maxAge": 1, "endDate": "2019-12-31", "netIncome": 4335235, "depreciation": 2153553, "changeToNetincome": -815526, "changeToAccountReceivables": 7107124, "changeToLiabilities": -5899412, "changeToInventory": -4928321, "changeToOperatingActivities": -1353720, "totalCashFromOperatingActivities": 775315, "capitalExpenditures": -588616, "investments": 160863, "otherCashflowsFromInvestingActivities": -193500, "totalCashflowsFromInvestingActivities": 127247, "netBorrowings": -1944049, "otherCashflowsFromFinancingActivities": 644500, "totalCashFromFinancingActivities": -1299549, "changeInCash": -396987, "issuanceOfStock": 3819000}], "maxAge": 86400}, "insiderHolders": {"holders": [{"maxAge": 1, "name": "Kakadiya (Rameshbhai)", "relation": "Promoter", "url": "", "transactionDescription": "Other", "latestTransDate": "2020-09-14", "positionDirect": 1601500, "positionDirectDate": "2020-09-14"}, {"maxAge": 1, "name": "Maniya (Stishkumar Dayabhai)", "relation": "Promoter", "url": "", "transactionDescription": "Other", "latestTransDate": "2020-09-14", "positionDirect": 1591500, "positionDirectDate": "2020-09-14"}], "maxAge": 1}, "calendarEvents": {"maxAge": 1, "earnings": {"earningsDate": []}}, "upgradeDowngradeHistory": {"history": [], "maxAge": 86400}, "price": {"maxAge": 1, "regularMarketChangePercent": 0.04996317, "regularMarketChange": 3.399994, "regularMarketTime": "2021-04-30 15:22:11", "priceHint": 2, "regularMarketPrice": 71.45, "regularMarketDayHigh": 71.45, "regularMarketDayLow": 69.0, "regularMarketVolume": 12962, "averageDailyVolume10Day": 0, "averageDailyVolume3Month": 9940, "regularMarketPreviousClose": 68.05, "regularMarketSource": "FREE_REALTIME", "regularMarketOpen": 71.4, "exchange": "BSE", "exchangeName": "BSE", "exchangeDataDelayedBy": 0, "marketState": "CLOSED", "quoteType": "EQUITY", "symbol": "SHISHIND.BO", "underlyingSymbol": null, "shortName": "Shish Industries Limited", "longName": "Shish Industries Limited", "currency": "INR", "quoteSourceName": "Delayed Quote", "currencySymbol": "\u20b9", "fromCurrency": null, "lastMarket": null, "marketCap": 317397312}, "balanceSheetHistory": {"balanceSheetStatements": [{"maxAge": 1, "endDate": "2020-03-31", "cash": 500992, "shortTermInvestments": 4774165, "netReceivables": 25282386, "inventory": 45776002, "otherCurrentAssets": 705523, "totalCurrentAssets": 77039068, "propertyPlantEquipment": 46767081, "intangibleAssets": 80695, "otherAssets": 775732, "deferredLongTermAssetCharges": 775732, "totalAssets": 124662576, "accountsPayable": 3773945, "shortLongTermDebt": 2736840, "otherCurrentLiab": 4151944, "longTermDebt": 4695589, "totalCurrentLiabilities": 23833361, "totalLiab": 28528950, "commonStock": 44422330, "retainedEarnings": 24671296, "capitalSurplus": 27040000, "totalStockholderEquity": 96133626, "netTangibleAssets": 96052931}, {"maxAge": 1, "endDate": "2019-03-31", "cash": 896965, "shortTermInvestments": 4582832, "netReceivables": 25462416, "inventory": 37848361, "otherCurrentAssets": 1558285, "totalCurrentAssets": 70348859, "propertyPlantEquipment": 52681994, "intangibleAssets": 89660, "otherAssets": 373681, "deferredLongTermAssetCharges": 373681, "totalAssets": 123494194, "accountsPayable": 5864865, "shortLongTermDebt": 3747141, "otherCurrentLiab": 3912444, "longTermDebt": 7403599, "totalCurrentLiabilities": 29665438, "totalLiab": 37069037, "commonStock": 44422330, "retainedEarnings": 14962827, "capitalSurplus": 27040000, "totalStockholderEquity": 86425157, "netTangibleAssets": 86335497}, {"maxAge": 1, "endDate": "2018-03-31", "cash": 905551, "shortTermInvestments": 4292896, "netReceivables": 25824112, "inventory": 19695890, "otherCurrentAssets": 2453224, "totalCurrentAssets": 53171673, "propertyPlantEquipment": 52852433, "intangibleAssets": 16218, "otherAssets": 630525, "deferredLongTermAssetCharges": 630525, "totalAssets": 106670849, "accountsPayable": -669618, "shortLongTermDebt": 6136836, "otherCurrentLiab": 2443406, "longTermDebt": 12229500, "otherLiab": 1, "totalCurrentLiabilities": 16890251, "totalLiab": 29119752, "commonStock": 44422330, "retainedEarnings": 6088767, "capitalSurplus": 27040000, "totalStockholderEquity": 77551097, "netTangibleAssets": 77534879}, {"maxAge": 1, "endDate": "2017-03-31", "cash": 6414000, "netReceivables": 6670000, "inventory": 8778000, "otherCurrentAssets": 3722000, "totalCurrentAssets": 25584000, "propertyPlantEquipment": 23905000, "intangibleAssets": 18000, "otherAssets": 1940000, "deferredLongTermAssetCharges": 903000, "totalAssets": 51447000, "accountsPayable": 5444000, "shortLongTermDebt": 3400000, "otherCurrentLiab": 872000, "longTermDebt": 6659000, "otherLiab": -1000, "totalCurrentLiabilities": 22582000, "totalLiab": 29240000, "commonStock": 22207000, "totalStockholderEquity": 22207000, "netTangibleAssets": 22189000}], "maxAge": 86400}, "financialData": {"maxAge": 86400, "currentPrice": 71.45, "recommendationKey": "none", "grossProfits": 57443584, "financialCurrency": "INR"}}}