{"SHIVATEX.NS": {"assetProfile": {"address1": "Sri Vari Kikani Center", "address2": "3A, 3rd Floor Krishnaswamy Mudaliar Road R.S. Puram", "city": "Coimbatore", "zip": "641002", "country": "India", "phone": "91 42 2254 4955", "fax": "91 42 2254 4755", "website": "http://www.shivatex.in", "industry": "Textile Manufacturing", "sector": "Consumer Cyclical", "longBusinessSummary": "Shiva Texyarn Limited manufactures and markets cotton yarn, and technical and other value added textile products in India and internationally. The company offers combed, carded, and compact yarns; slub and fancy yarns; quick dry products; quick fit products, including mattresses protectors; and baby products. It also provides door, window, and shower curtains, as well as cushion covers; knitwear, light weight shells, seam sealed, multi layered, fleece and pile fabrics, and breathable film laminated garments; and extreme cold weather clothing, super high altitude mountaineering clothing, extreme cold weather combat glove systems, and internal and external frame rucksacks. In addition, the company offers bedding range, such as sheets, duvet covets, and fleece blankets; kitchen articles comprising aprons, pot holders, and table cloths; bath, wipe, and swimming towels; acrylic coated, PU coating products, and art canvas and digital canvas products; and bags, such as sports and school bags, and girls and professional bags for camping and photography under the WULF name. The company was founded in 1980 and is based in Coimbatore, India.", "fullTimeEmployees": 1119, "companyOfficers": [{"maxAge": 1, "name": "Mr. Sangampalyam Kandasami Sundararaman", "age": 46, "title": "MD & Exec. Director", "yearBorn": 1974, "exercisedValue": 0, "unexercisedValue": 0}, {"maxAge": 1, "name": "Mr. C.  Krishnakumar", "age": 42, "title": "Chief Financial Officer", "yearBorn": 1978, "fiscalYear": 2020, "totalPay": 1828365, "exercisedValue": 0, "unexercisedValue": 0}, {"maxAge": 1, "name": "L. Manesh Kumar", "age": 36, "title": "Chief Operating Officer", "yearBorn": 1984, "exercisedValue": 0, "unexercisedValue": 0}, {"maxAge": 1, "name": "Mr. R.  Srinivasan", "age": 46, "title": "Company Sec. & Compliance Officer", "yearBorn": 1974, "fiscalYear": 2020, "totalPay": 1830420, "exercisedValue": 0, "unexercisedValue": 0}, {"maxAge": 1, "name": "Mr. Naveen  Sodhi", "age": 66, "title": "Sr. VP", "yearBorn": 1954, "exercisedValue": 0, "unexercisedValue": 0}, {"maxAge": 1, "name": "S.  Sengottaiyan", "age": 68, "title": "Deputy Gen. Mang. of Accounts", "yearBorn": 1952, "exercisedValue": 0, "unexercisedValue": 0}, {"maxAge": 1, "name": "Amit  Paul", "age": 49, "title": "Sr. Mang. of Admin", "yearBorn": 1971, "exercisedValue": 0, "unexercisedValue": 0}, {"maxAge": 1, "name": "G. Sampath Kumar", "age": 35, "title": "Sr. Mang. of International Marketing", "yearBorn": 1985, "exercisedValue": 0, "unexercisedValue": 0}, {"maxAge": 1, "name": "K.  Venurajagopal", "age": 55, "title": "Gen. Mang. of HR", "yearBorn": 1965, "exercisedValue": 0, "unexercisedValue": 0}, {"maxAge": 1, "name": "Rajesh Kumar Singh", "age": 42, "title": "Head of Modern Trade Sales", "yearBorn": 1978, "exercisedValue": 0, "unexercisedValue": 0}], "compensationAsOfEpochDate": "2020-12-31 05:30:00", "maxAge": 86400}, "cashflowStatementHistory": {"cashflowStatements": [{"maxAge": 1, "endDate": "2020-03-31", "netIncome": 15470000, "depreciation": 143196000, "changeToNetincome": 172218000, "changeToAccountReceivables": 19426000, "changeToLiabilities": 7539000, "changeToInventory": 3863000, "changeToOperatingActivities": 44976000, "totalCashFromOperatingActivities": 410385000, "capitalExpenditures": -142812000, "investments": 311000, "otherCashflowsFromInvestingActivities": 20789000, "totalCashflowsFromInvestingActivities": -53963000, "dividendsPaid": -14259000, "netBorrowings": -147028000, "otherCashflowsFromFinancingActivities": -226561000, "totalCashFromFinancingActivities": -387848000, "changeInCash": -31426000}, {"maxAge": 1, "endDate": "2019-03-31", "netIncome": 67029000, "depreciation": 133621000, "changeToNetincome": 195522000, "changeToAccountReceivables": -88055000, "changeToLiabilities": 15377000, "changeToInventory": -136799000, "changeToOperatingActivities": -43850000, "totalCashFromOperatingActivities": 142845000, "capitalExpenditures": -83808000, "investments": -351000, "otherCashflowsFromInvestingActivities": -11456000, "totalCashflowsFromInvestingActivities": -92694000, "dividendsPaid": -20741000, "netBorrowings": 197443000, "otherCashflowsFromFinancingActivities": -221827000, "totalCashFromFinancingActivities": -45125000, "changeInCash": 5026000}, {"maxAge": 1, "endDate": "2018-04-01", "netIncome": 113230000, "depreciation": 134364000, "changeToNetincome": 164789000, "changeToAccountReceivables": -45338000, "changeToLiabilities": -101756000, "changeToInventory": -26914000, "changeToOperatingActivities": -67820000, "totalCashFromOperatingActivities": 170555000, "capitalExpenditures": -119812000, "investments": -92000, "otherCashflowsFromInvestingActivities": 11761000, "totalCashflowsFromInvestingActivities": -93025000, "dividendsPaid": -20740000, "netBorrowings": 142403000, "otherCashflowsFromFinancingActivities": -194199000, "totalCashFromFinancingActivities": -72536000, "changeInCash": 4994000}, {"maxAge": 1, "endDate": "2017-03-31", "netIncome": 102847000, "depreciation": 127370000, "changeToNetincome": 211150000, "changeToAccountReceivables": -92735000, "changeToLiabilities": 191794000, "changeToInventory": -142798000, "changeToOperatingActivities": 47247000, "totalCashFromOperatingActivities": 445762000, "capitalExpenditures": -91599000, "investments": -232000, "otherCashflowsFromInvestingActivities": 10271000, "totalCashflowsFromInvestingActivities": -56189000, "dividendsPaid": -23765000, "netBorrowings": -193845000, "otherCashflowsFromFinancingActivities": -177277000, "totalCashFromFinancingActivities": -394887000, "changeInCash": -5314000}], "maxAge": 86400}, "institutionOwnership": {"ownershipList": [], "maxAge": 1}, "majorHoldersBreakdown": {"maxAge": 1, "insidersPercentHeld": 0.75111, "institutionsPercentHeld": 0.0, "institutionsFloatPercentHeld": 0.0, "institutionsCount": 0}, "balanceSheetHistoryQuarterly": {"balanceSheetStatements": [{"maxAge": 1, "endDate": "2020-12-31", "totalStockholderEquity": 1143225000, "netTangibleAssets": 1107461000}, {"maxAge": 1, "endDate": "2020-09-30", "cash": 85164000, "netReceivables": 331891000, "inventory": 586357000, "otherCurrentAssets": 108636000, "totalCurrentAssets": 1112048000, "longTermInvestments": 7159000, "propertyPlantEquipment": 1932888000, "intangibleAssets": 35764000, "otherAssets": 65313000, "totalAssets": 3153172000, "accountsPayable": 302826000, "shortLongTermDebt": 266666000, "otherCurrentLiab": 44720000, "longTermDebt": 597254000, "otherLiab": 204160000, "totalCurrentLiabilities": 1202485000, "totalLiab": 2009947000, "commonStock": 129627000, "treasuryStock": 1013598000, "otherStockholderEquity": 1013598000, "totalStockholderEquity": 1143225000, "netTangibleAssets": 1107461000}, {"maxAge": 1, "endDate": "2020-06-30", "totalStockholderEquity": 1111389000, "netTangibleAssets": 1074942000}, {"maxAge": 1, "endDate": "2020-03-31", "cash": 12986000, "netReceivables": 530294000, "inventory": 800437000, "otherCurrentAssets": 119468000, "totalCurrentAssets": 1476684000, "longTermInvestments": 5818000, "propertyPlantEquipment": 1973938000, "intangibleAssets": 36447000, "otherAssets": 54151000, "totalAssets": 3547038000, "accountsPayable": 212354000, "shortLongTermDebt": 166841000, "otherCurrentLiab": 54570000, "longTermDebt": 697352000, "otherLiab": 201232000, "totalCurrentLiabilities": 1529758000, "totalLiab": 2435649000, "commonStock": 129627000, "retainedEarnings": 762945000, "treasuryStock": -5484000, "capitalSurplus": 224301000, "otherStockholderEquity": -5484000, "totalStockholderEquity": 1111389000, "netTangibleAssets": 1074942000}], "maxAge": 86400}, "indexTrend": {"maxAge": 1, "symbol": "SP5", "peRatio": 19.7411, "pegRatio": 1.34172, "estimates": [{"period": "0q", "growth": 0.549}, {"period": "+1q", "growth": 0.431}, {"period": "0y", "growth": 0.305}, {"period": "+1y", "growth": 0.109}, {"period": "+5y", "growth": 0.120865}, {"period": "-5y"}]}, "defaultKeyStatistics": {"maxAge": 1, "priceHint": 2, "enterpriseValue": 3420551424, "profitMargins": 0.02585, "floatShares": 2727920, "sharesOutstanding": 12962700, "heldPercentInsiders": 0.75111, "heldPercentInstitutions": 0.0, "beta": 0.596367, "category": null, "bookValue": 88.384, "priceToBook": 1.7548425, "fundFamily": null, "legalType": null, "lastFiscalYearEnd": "2020-03-31 05:30:00", "nextFiscalYearEnd": "2022-03-31 05:30:00", "mostRecentQuarter": "2020-12-31 05:30:00", "earningsQuarterlyGrowth": 43.36, "netIncomeToCommon": 83018000, "trailingEps": 6.388, "lastSplitFactor": null, "enterpriseToRevenue": 1.065, "enterpriseToEbitda": 9.655}, "summaryProfile": {"address1": "Sri Vari Kikani Center", "address2": "3A, 3rd Floor Krishnaswamy Mudaliar Road R.S. Puram", "city": "Coimbatore", "zip": "641002", "country": "India", "phone": "91 42 2254 4955", "fax": "91 42 2254 4755", "website": "http://www.shivatex.in", "industry": "Textile Manufacturing", "sector": "Consumer Cyclical", "longBusinessSummary": "Shiva Texyarn Limited manufactures and markets cotton yarn, and technical and other value added textile products in India and internationally. The company offers combed, carded, and compact yarns; slub and fancy yarns; quick dry products; quick fit products, including mattresses protectors; and baby products. It also provides door, window, and shower curtains, as well as cushion covers; knitwear, light weight shells, seam sealed, multi layered, fleece and pile fabrics, and breathable film laminated garments; and extreme cold weather clothing, super high altitude mountaineering clothing, extreme cold weather combat glove systems, and internal and external frame rucksacks. In addition, the company offers bedding range, such as sheets, duvet covets, and fleece blankets; kitchen articles comprising aprons, pot holders, and table cloths; bath, wipe, and swimming towels; acrylic coated, PU coating products, and art canvas and digital canvas products; and bags, such as sports and school bags, and girls and professional bags for camping and photography under the WULF name. The company was founded in 1980 and is based in Coimbatore, India.", "fullTimeEmployees": 1119, "companyOfficers": [], "maxAge": 86400}, "netSharePurchaseActivity": {"maxAge": 1, "period": "6m", "buyInfoCount": 0, "buyInfoShares": 0, "sellInfoCount": 0, "netInfoCount": 0, "netInfoShares": 0, "netPercentInsiderShares": 0.0, "totalInsiderShares": 9745387}, "insiderTransactions": {"transactions": [{"maxAge": 1, "shares": 11520, "filerUrl": "", "transactionText": "", "filerName": "Kandasami (S V)", "filerRelation": "Additonal Director", "moneyText": "", "startDate": "2018-12-18", "ownership": "D"}, {"maxAge": 1, "shares": 11520, "filerUrl": "", "transactionText": "", "filerName": "Sundararaman (S K)", "filerRelation": "Managing Director", "moneyText": "", "startDate": "2018-12-18", "ownership": "D"}, {"maxAge": 1, "shares": 131915, "filerUrl": "", "transactionText": "", "filerName": "Kandasami (S V)", "filerRelation": "Additonal Director", "moneyText": "", "startDate": "2018-02-23", "ownership": "D"}, {"maxAge": 1, "shares": 6750, "filerUrl": "", "transactionText": "", "filerName": "Balasubramaniam (S V)", "filerRelation": "Chairman of the Board", "moneyText": "", "startDate": "2011-03-25", "ownership": "D"}, {"maxAge": 1, "shares": 17250, "filerUrl": "", "transactionText": "", "filerName": "Balasubramaniam (S V)", "filerRelation": "Chairman of the Board", "moneyText": "", "startDate": "2011-03-25", "ownership": "D"}, {"maxAge": 1, "shares": 34350, "filerUrl": "", "transactionText": "", "filerName": "Alagappan (S V)", "filerRelation": "Managing Director", "moneyText": "", "startDate": "2011-03-23", "ownership": "D"}, {"maxAge": 1, "shares": 10300, "filerUrl": "", "transactionText": "", "filerName": "Arumugam (S V)", "filerRelation": "Director (Non-Executive)", "moneyText": "", "startDate": "2011-03-23", "ownership": "D"}, {"maxAge": 1, "shares": 26500, "filerUrl": "", "transactionText": "", "filerName": "Arumugam (S V)", "filerRelation": "Director (Non-Executive)", "moneyText": "", "startDate": "2011-03-23", "ownership": "D"}], "maxAge": 1}, "quoteType": {"exchange": "NSI", "quoteType": "EQUITY", "symbol": "SHIVATEX.NS", "underlyingSymbol": "SHIVATEX.NS", "shortName": "SHIVA TEXYARN LTD", "longName": "Shiva Texyarn Limited", "firstTradeDateEpochUtc": "2002-07-01 09:15:00", "timeZoneFullName": "Asia/Kolkata", "timeZoneShortName": "IST", "uuid": "4b8ecfe4-7ef5-39ec-ba3f-024efaf610f6", "gmtOffSetMilliseconds": 19800000, "maxAge": 1}, "incomeStatementHistory": {"incomeStatementHistory": [{"maxAge": 1, "endDate": "2020-03-31", "totalRevenue": 3681273000, "costOfRevenue": 2422790000, "grossProfit": 1258483000, "researchDevelopment": {}, "sellingGeneralAdministrative": 429049000, "nonRecurring": {}, "otherOperatingExpenses": 492905000, "totalOperatingExpenses": 3491604000, "operatingIncome": 189669000, "totalOtherIncomeExpenseNet": -177395000, "ebit": 189669000, "interestExpense": -208442000, "incomeBeforeTax": 12274000, "incomeTaxExpense": -3196000, "minorityInterest": {}, "netIncomeFromContinuingOps": 15470000, "discontinuedOperations": {}, "extraordinaryItems": {}, "effectOfAccountingCharges": {}, "otherItems": {}, "netIncome": 15470000, "netIncomeApplicableToCommonShares": 15470000}, {"maxAge": 1, "endDate": "2019-03-31", "totalRevenue": 3535322000, "costOfRevenue": 2188793000, "grossProfit": 1346529000, "researchDevelopment": {}, "sellingGeneralAdministrative": 457988000, "nonRecurring": {}, "otherOperatingExpenses": 466150000, "totalOperatingExpenses": 3246552000, "operatingIncome": 288770000, "totalOtherIncomeExpenseNet": -208721000, "ebit": 288770000, "interestExpense": -201369000, "incomeBeforeTax": 80049000, "incomeTaxExpense": 13020000, "minorityInterest": {}, "netIncomeFromContinuingOps": 67029000, "discontinuedOperations": {}, "extraordinaryItems": {}, "effectOfAccountingCharges": {}, "otherItems": {}, "netIncome": 67029000, "netIncomeApplicableToCommonShares": 67029000}, {"maxAge": 1, "endDate": "2018-04-01", "totalRevenue": 3587960000, "costOfRevenue": 2164932000, "grossProfit": 1423028000, "researchDevelopment": {}, "sellingGeneralAdministrative": 445802000, "nonRecurring": {}, "otherOperatingExpenses": 528995000, "totalOperatingExpenses": 3274060000, "operatingIncome": 313900000, "totalOtherIncomeExpenseNet": -167423000, "ebit": 313900000, "interestExpense": -176703000, "incomeBeforeTax": 146477000, "incomeTaxExpense": 33247000, "minorityInterest": {}, "netIncomeFromContinuingOps": 113230000, "discontinuedOperations": {}, "extraordinaryItems": {}, "effectOfAccountingCharges": {}, "otherItems": {}, "netIncome": 113230000, "netIncomeApplicableToCommonShares": 113230000}, {"maxAge": 1, "endDate": "2017-03-31", "totalRevenue": 3826895000, "costOfRevenue": 2399845000, "grossProfit": 1427050000, "researchDevelopment": {}, "sellingGeneralAdministrative": 367922000, "nonRecurring": {}, "otherOperatingExpenses": 585053000, "totalOperatingExpenses": 3481044000, "operatingIncome": 345851000, "totalOtherIncomeExpenseNet": -183623000, "ebit": 345851000, "interestExpense": -190112000, "incomeBeforeTax": 162228000, "incomeTaxExpense": 59381000, "minorityInterest": {}, "netIncomeFromContinuingOps": 102847000, "discontinuedOperations": {}, "extraordinaryItems": {}, "effectOfAccountingCharges": {}, "otherItems": {}, "netIncome": 102847000, "netIncomeApplicableToCommonShares": 102847000}], "maxAge": 86400}, "fundOwnership": {"ownershipList": [], "maxAge": 1}, "summaryDetail": {"maxAge": 1, "priceHint": 2, "previousClose": 157.95, "open": 158.2, "dayLow": 145.6, "dayHigh": 162.7, "regularMarketPreviousClose": 157.95, "regularMarketOpen": 158.2, "regularMarketDayLow": 145.6, "regularMarketDayHigh": 162.7, "exDividendDate": "2019-08-08 05:30:00", "payoutRatio": 0.0, "beta": 0.596367, "trailingPE": 24.279902, "volume": 25886, "regularMarketVolume": 25886, "averageVolume": 6554, "averageVolume10days": 6595, "averageDailyVolume10Day": 6595, "bid": 0.0, "ask": 0.0, "bidSize": 0, "askSize": 0, "marketCap": 1971057408, "fiftyTwoWeekLow": 73.05, "fiftyTwoWeekHigh": 172.6, "priceToSalesTrailing12Months": 0.61372054, "fiftyDayAverage": 141.2853, "twoHundredDayAverage": 110.279785, "currency": "INR", "fromCurrency": null, "lastMarket": null, "algorithm": null, "tradeable": false}, "incomeStatementHistoryQuarterly": {"incomeStatementHistory": [{"maxAge": 1, "endDate": "2020-12-31", "totalRevenue": 967352000, "costOfRevenue": 585392000, "grossProfit": 381960000, "researchDevelopment": {}, "sellingGeneralAdministrative": 95875000, "nonRecurring": {}, "otherOperatingExpenses": 166660000, "totalOperatingExpenses": 885693000, "operatingIncome": 81659000, "totalOtherIncomeExpenseNet": -12171000, "ebit": 81659000, "interestExpense": -38395000, "incomeBeforeTax": 69488000, "incomeTaxExpense": 14216000, "minorityInterest": {}, "netIncomeFromContinuingOps": 55272000, "discontinuedOperations": {}, "extraordinaryItems": {}, "effectOfAccountingCharges": {}, "otherItems": {}, "netIncome": 55272000, "netIncomeApplicableToCommonShares": 55272000}, {"maxAge": 1, "endDate": "2020-09-30", "totalRevenue": 833430000, "costOfRevenue": 475756000, "grossProfit": 357674000, "researchDevelopment": {}, "sellingGeneralAdministrative": 84214000, "nonRecurring": {}, "otherOperatingExpenses": 164408000, "totalOperatingExpenses": 758422000, "operatingIncome": 75008000, "totalOtherIncomeExpenseNet": -46052000, "ebit": 75008000, "interestExpense": -47820000, "incomeBeforeTax": 28956000, "incomeTaxExpense": 6579000, "minorityInterest": {}, "netIncomeFromContinuingOps": 22377000, "discontinuedOperations": {}, "extraordinaryItems": {}, "effectOfAccountingCharges": {}, "otherItems": {}, "netIncome": 22377000, "netIncomeApplicableToCommonShares": 22377000}, {"maxAge": 1, "endDate": "2020-06-30", "totalRevenue": 513117000, "costOfRevenue": 223946000, "grossProfit": 289171000, "researchDevelopment": {}, "sellingGeneralAdministrative": 66423000, "nonRecurring": {}, "otherOperatingExpenses": 133069000, "totalOperatingExpenses": 456936000, "operatingIncome": 56181000, "totalOtherIncomeExpenseNet": -46645000, "ebit": 56181000, "interestExpense": -48824000, "incomeBeforeTax": 9536000, "incomeTaxExpense": 1418000, "minorityInterest": {}, "netIncomeFromContinuingOps": 8118000, "discontinuedOperations": {}, "extraordinaryItems": {}, "effectOfAccountingCharges": {}, "otherItems": {}, "netIncome": 8118000, "netIncomeApplicableToCommonShares": 8118000}, {"maxAge": 1, "endDate": "2020-03-31", "totalRevenue": 897754000, "costOfRevenue": 675416000, "grossProfit": 222338000, "researchDevelopment": {}, "sellingGeneralAdministrative": 118629000, "nonRecurring": {}, "otherOperatingExpenses": 53245000, "totalOperatingExpenses": 887960000, "operatingIncome": 9794000, "totalOtherIncomeExpenseNet": -12945000, "ebit": 9794000, "interestExpense": -38597000, "incomeBeforeTax": -3151000, "incomeTaxExpense": -402000, "minorityInterest": {}, "netIncomeFromContinuingOps": -2749000, "discontinuedOperations": {}, "extraordinaryItems": {}, "effectOfAccountingCharges": {}, "otherItems": {}, "netIncome": -2749000, "netIncomeApplicableToCommonShares": -2749000}], "maxAge": 86400}, "cashflowStatementHistoryQuarterly": {"cashflowStatements": [{"maxAge": 1, "endDate": "2020-12-31", "netIncome": 55272000, "changeToLiabilities": 0}, {"maxAge": 1, "endDate": "2020-09-30", "netIncome": 22377000, "changeToLiabilities": 0}, {"maxAge": 1, "endDate": "2020-06-30", "netIncome": 8118000, "changeToLiabilities": 0}, {"maxAge": 1, "endDate": "2020-03-31", "netIncome": -2749000, "changeToLiabilities": 0}], "maxAge": 86400}, "insiderHolders": {"holders": [{"maxAge": 1, "name": "Alagappan (S V)", "relation": "Managing Director", "url": "", "transactionDescription": "Acquisition", "latestTransDate": "2011-03-23", "positionDirect": 54450, "positionDirectDate": "2011-03-23"}, {"maxAge": 1, "name": "Arumugam (S V)", "relation": "Director (Non-Executive)", "url": "", "transactionDescription": "Acquisition", "latestTransDate": "2011-03-23", "positionDirect": 26500, "positionDirectDate": "2011-03-23"}, {"maxAge": 1, "name": "Balasubramaniam (S V)", "relation": "Chairman of the Board", "url": "", "transactionDescription": "Acquisition", "latestTransDate": "2011-03-25", "positionDirect": 17250, "positionDirectDate": "2011-03-25"}, {"maxAge": 1, "name": "Kandasami (S V)", "relation": "Additonal Director", "url": "", "transactionDescription": "Other", "latestTransDate": "2018-12-18", "positionDirect": 0, "positionDirectDate": "2018-12-18"}, {"maxAge": 1, "name": "Sundararaman (S K)", "relation": "Managing Director", "url": "", "transactionDescription": "Other", "latestTransDate": "2018-12-18", "positionDirect": 12060, "positionDirectDate": "2018-12-18"}], "maxAge": 1}, "calendarEvents": {"maxAge": 1, "earnings": {"earningsDate": []}, "exDividendDate": "2019-08-08 05:30:00"}, "upgradeDowngradeHistory": {"history": [], "maxAge": 86400}, "price": {"maxAge": 1, "regularMarketChangePercent": -0.018043628, "regularMarketChange": -2.8499908, "regularMarketTime": "2021-04-30 15:29:44", "priceHint": 2, "regularMarketPrice": 155.1, "regularMarketDayHigh": 162.7, "regularMarketDayLow": 145.6, "regularMarketVolume": 25886, "averageDailyVolume10Day": 6595, "averageDailyVolume3Month": 6554, "regularMarketPreviousClose": 157.95, "regularMarketSource": "FREE_REALTIME", "regularMarketOpen": 158.2, "exchange": "NSI", "exchangeName": "NSE", "exchangeDataDelayedBy": 15, "marketState": "CLOSED", "quoteType": "EQUITY", "symbol": "SHIVATEX.NS", "underlyingSymbol": null, "shortName": "SHIVA TEXYARN LTD", "longName": "Shiva Texyarn Limited", "currency": "INR", "quoteSourceName": "Delayed Quote", "currencySymbol": "\u20b9", "fromCurrency": null, "lastMarket": null, "marketCap": 1971057408}, "balanceSheetHistory": {"balanceSheetStatements": [{"maxAge": 1, "endDate": "2020-03-31", "cash": 12986000, "netReceivables": 530294000, "inventory": 800437000, "otherCurrentAssets": 119468000, "totalCurrentAssets": 1476684000, "longTermInvestments": 5818000, "propertyPlantEquipment": 1973938000, "intangibleAssets": 36447000, "otherAssets": 54151000, "totalAssets": 3547038000, "accountsPayable": 212354000, "shortLongTermDebt": 166841000, "otherCurrentLiab": 54570000, "longTermDebt": 697352000, "otherLiab": 201232000, "totalCurrentLiabilities": 1529758000, "totalLiab": 2435649000, "commonStock": 129627000, "retainedEarnings": 762945000, "treasuryStock": -5484000, "capitalSurplus": 224301000, "otherStockholderEquity": -5484000, "totalStockholderEquity": 1111389000, "netTangibleAssets": 1074942000}, {"maxAge": 1, "endDate": "2019-03-31", "cash": 44412000, "netReceivables": 559309000, "inventory": 804300000, "otherCurrentAssets": 103385000, "totalCurrentAssets": 1535305000, "longTermInvestments": 6583000, "propertyPlantEquipment": 2005388000, "intangibleAssets": 40332000, "otherAssets": 56081000, "totalAssets": 3643689000, "accountsPayable": 158420000, "shortLongTermDebt": 250050000, "otherCurrentLiab": 19456000, "longTermDebt": 775645000, "otherLiab": 206121000, "totalCurrentLiabilities": 1541950000, "totalLiab": 2523716000, "commonStock": 129627000, "retainedEarnings": 767629000, "treasuryStock": -1584000, "capitalSurplus": 224301000, "otherStockholderEquity": -1584000, "totalStockholderEquity": 1119973000, "netTangibleAssets": 1079641000}, {"maxAge": 1, "endDate": "2018-04-01", "cash": 88633000, "netReceivables": 463751000, "inventory": 667504000, "otherCurrentAssets": 23696000, "totalCurrentAssets": 1254066000, "longTermInvestments": 6861000, "propertyPlantEquipment": 2086657000, "intangibleAssets": 16305000, "otherAssets": 243264000, "totalAssets": 3607153000, "accountsPayable": 147165000, "shortLongTermDebt": 264497000, "otherCurrentLiab": 39326000, "longTermDebt": 722134000, "otherLiab": 395538000, "totalCurrentLiabilities": 1408439000, "totalLiab": 2526111000, "commonStock": 129627000, "retainedEarnings": 725606000, "treasuryStock": 1508000, "capitalSurplus": 224301000, "otherStockholderEquity": 1508000, "totalStockholderEquity": 1081042000, "netTangibleAssets": 1064737000}, {"maxAge": 1, "endDate": "2017-03-31", "cash": 57144000, "netReceivables": 414670000, "inventory": 640590000, "otherCurrentAssets": 19827000, "totalCurrentAssets": 1143774000, "longTermInvestments": 6016000, "propertyPlantEquipment": 2122624000, "intangibleAssets": 4673000, "otherAssets": 244726000, "totalAssets": 3521813000, "accountsPayable": 386136000, "shortLongTermDebt": 348654000, "otherCurrentLiab": 71533000, "longTermDebt": 578584000, "otherLiab": 396039000, "totalCurrentLiabilities": 1554913000, "totalLiab": 2529536000, "commonStock": 216045000, "retainedEarnings": 1188298000, "treasuryStock": -636367000, "capitalSurplus": 224301000, "otherStockholderEquity": -636367000, "totalStockholderEquity": 992277000, "netTangibleAssets": 987604000}], "maxAge": 86400}, "financialData": {"maxAge": 86400, "currentPrice": 155.1, "recommendationKey": "none", "totalCash": 85164000, "totalCashPerShare": 6.564, "ebitda": 354273248, "totalDebt": 1456370048, "totalRevenue": 3211653120, "debtToEquity": 127.391, "revenuePerShare": 247.268, "grossProfits": 1258483000, "earningsGrowth": 43.177, "revenueGrowth": -0.014, "grossMargins": 0.38956, "ebitdaMargins": 0.11031, "operatingMargins": 0.06932, "profitMargins": 0.02585, "financialCurrency": "INR"}}}