{"SHIVAMILLS.NS": {"assetProfile": {"address1": "252, Mettupalayam Road", "city": "Coimbatore", "zip": "641043", "country": "India", "phone": "91 42 2243 5555", "fax": "91 42 2243 4446", "website": "http://www.shivamills.com", "industry": "Textile Manufacturing", "sector": "Consumer Cyclical", "longBusinessSummary": "Shiva Mills Limited manufactures and markets cotton yarns and fabric in India and internationally. The company also operates 22 windmills with an installed capacity of 10.65 MW. It also exports its products. The company was formerly known as STYL Textile Ventures Limited and changed its name to Shiva Mills Limited in August 2017. Shiva Mills Limited was incorporated in 2015 and is based in Coimbatore, India.", "fullTimeEmployees": 633, "companyOfficers": [{"maxAge": 1, "name": "Mr. S. V. Alagappan", "age": 78, "title": "Chairman & MD", "yearBorn": 1942, "exercisedValue": 0, "unexercisedValue": 0}, {"maxAge": 1, "name": "Ms. A.  Lalitha", "age": 50, "title": "Joint MD & Exec. Director", "yearBorn": 1970, "exercisedValue": 0, "unexercisedValue": 0}, {"maxAge": 1, "name": "Mr. M.  Shanmugam", "age": 70, "title": "Chief Financial Officer", "yearBorn": 1950, "exercisedValue": 0, "unexercisedValue": 0}, {"maxAge": 1, "name": "Ms. M.  Shyamala", "age": 38, "title": "Company Sec. & Compliance Officer", "yearBorn": 1982, "exercisedValue": 0, "unexercisedValue": 0}, {"maxAge": 1, "name": "Mr. R.  Selvaraj", "age": 38, "title": "Sr. Mang. of Accounts", "yearBorn": 1982, "exercisedValue": 0, "unexercisedValue": 0}, {"maxAge": 1, "name": "J. Senthil Kumar G. K.", "age": 50, "title": "Assistant Gen. Mang. of Marketing", "yearBorn": 1970, "exercisedValue": 0, "unexercisedValue": 0}, {"maxAge": 1, "name": "V. A. Om Prakash Babu", "age": 50, "title": "Unit Head", "yearBorn": 1970, "exercisedValue": 0, "unexercisedValue": 0}], "maxAge": 86400}, "cashflowStatementHistory": {"cashflowStatements": [{"maxAge": 1, "endDate": "2020-03-31", "netIncome": 11431000, "depreciation": 54077000, "changeToNetincome": 45653000, "changeToAccountReceivables": 3148000, "changeToLiabilities": 10890000, "changeToInventory": 53501000, "changeToOperatingActivities": -15189000, "totalCashFromOperatingActivities": 163511000, "capitalExpenditures": -13098000, "investments": -57000, "otherCashflowsFromInvestingActivities": 1361000, "totalCashflowsFromInvestingActivities": -11794000, "dividendsPaid": -12099000, "netBorrowings": -125684000, "otherCashflowsFromFinancingActivities": -59227000, "totalCashFromFinancingActivities": -197010000, "effectOfExchangeRate": 1378000, "changeInCash": -43915000}, {"maxAge": 1, "endDate": "2019-03-31", "netIncome": 66015000, "depreciation": 51982000, "changeToNetincome": 46424000, "changeToAccountReceivables": -68012000, "changeToLiabilities": -38553000, "changeToInventory": 71418000, "changeToOperatingActivities": 48314000, "totalCashFromOperatingActivities": 177653000, "capitalExpenditures": -37144000, "investments": -57000, "otherCashflowsFromInvestingActivities": 1039000, "totalCashflowsFromInvestingActivities": -36105000, "dividendsPaid": -12434000, "netBorrowings": -27929000, "otherCashflowsFromFinancingActivities": -77642000, "totalCashFromFinancingActivities": -118005000, "effectOfExchangeRate": 3706000, "changeInCash": 27250000}, {"maxAge": 1, "endDate": "2018-03-31", "netIncome": 38659000, "depreciation": 48916000, "changeToNetincome": 59530000, "changeToAccountReceivables": 7053000, "changeToLiabilities": 51686000, "changeToInventory": 8508000, "changeToOperatingActivities": -23084000, "totalCashFromOperatingActivities": 191282000, "capitalExpenditures": -47644000, "investments": -49000, "otherCashflowsFromInvestingActivities": 1518000, "totalCashflowsFromInvestingActivities": -46175000, "dividendsPaid": -16306000, "netBorrowings": -103435000, "otherCashflowsFromFinancingActivities": -58614000, "totalCashFromFinancingActivities": -178355000, "effectOfExchangeRate": 3706000, "changeInCash": -33247000}, {"maxAge": 1, "endDate": "2017-03-31", "netIncome": 44751000, "depreciation": 48598000, "changeToNetincome": 106195000, "changeToAccountReceivables": -89351000, "changeToLiabilities": 23537000, "changeToInventory": -49681000, "changeToOperatingActivities": -15473000, "totalCashFromOperatingActivities": 68590000, "capitalExpenditures": -60952000, "investments": 596000, "otherCashflowsFromInvestingActivities": 1536000, "totalCashflowsFromInvestingActivities": -58668000, "dividendsPaid": -16306000, "netBorrowings": 83216000, "otherCashflowsFromFinancingActivities": -61212000, "totalCashFromFinancingActivities": 22004000, "effectOfExchangeRate": 3706000, "changeInCash": 31926000}], "maxAge": 86400}, "institutionOwnership": {"ownershipList": [], "maxAge": 1}, "majorHoldersBreakdown": {"maxAge": 1, "insidersPercentHeld": 0.76685995, "institutionsPercentHeld": 0.0, "institutionsFloatPercentHeld": 0.0, "institutionsCount": 0}, "balanceSheetHistoryQuarterly": {"balanceSheetStatements": [{"maxAge": 1, "endDate": "2020-09-30", "cash": 7883000, "netReceivables": 204336000, "inventory": 270257000, "otherCurrentAssets": 11697000, "totalCurrentAssets": 494173000, "longTermInvestments": 123000, "propertyPlantEquipment": 730723000, "intangibleAssets": 164000, "otherAssets": 18523000, "totalAssets": 1243706000, "accountsPayable": 150574000, "otherCurrentLiab": 83599000, "longTermDebt": 13500000, "otherLiab": 33159000, "totalCurrentLiabilities": 393746000, "totalLiab": 440935000, "commonStock": 86418000, "treasuryStock": 716353000, "otherStockholderEquity": 716353000, "totalStockholderEquity": 802771000, "netTangibleAssets": 802607000}, {"maxAge": 1, "endDate": "2020-06-30", "totalStockholderEquity": 823333000, "netTangibleAssets": 823153000}, {"maxAge": 1, "endDate": "2020-03-31", "cash": 4198000, "netReceivables": 272247000, "inventory": 335885000, "otherCurrentAssets": 4628000, "totalCurrentAssets": 625104000, "longTermInvestments": 313000, "propertyPlantEquipment": 758296000, "intangibleAssets": 180000, "otherAssets": 22351000, "totalAssets": 1406244000, "accountsPayable": 84711000, "shortLongTermDebt": 10949000, "otherCurrentLiab": 7090000, "longTermDebt": 18900000, "otherLiab": 36284000, "totalCurrentLiabilities": 527068000, "totalLiab": 582911000, "commonStock": 86418000, "retainedEarnings": 732471000, "treasuryStock": 4444000, "otherStockholderEquity": 4444000, "totalStockholderEquity": 823333000, "netTangibleAssets": 823153000}, {"maxAge": 1, "endDate": "2019-12-31", "totalStockholderEquity": 819603000, "netTangibleAssets": 819423000}], "maxAge": 86400}, "indexTrend": {"maxAge": 1, "symbol": "SP5", "peRatio": 19.7411, "pegRatio": 1.34172, "estimates": [{"period": "0q", "growth": 0.549}, {"period": "+1q", "growth": 0.431}, {"period": "0y", "growth": 0.305}, {"period": "+1y", "growth": 0.109}, {"period": "+5y", "growth": 0.120865}, {"period": "-5y"}]}, "defaultKeyStatistics": {"maxAge": 1, "priceHint": 2, "enterpriseValue": 565206016, "profitMargins": -0.01291, "floatShares": 1573709, "sharesOutstanding": 8641810, "heldPercentInsiders": 0.76685995, "heldPercentInstitutions": 0.0, "beta": 0.885461, "category": null, "bookValue": 93.494, "priceToBook": 0.5043104, "fundFamily": null, "legalType": null, "lastFiscalYearEnd": "2020-03-31 05:30:00", "nextFiscalYearEnd": "2022-03-31 05:30:00", "mostRecentQuarter": "2020-09-30 05:30:00", "earningsQuarterlyGrowth": -0.055, "netIncomeToCommon": -17485000, "trailingEps": -2.028, "lastSplitFactor": null, "enterpriseToRevenue": 0.417, "enterpriseToEbitda": 7.234}, "summaryProfile": {"address1": "252, Mettupalayam Road", "city": "Coimbatore", "zip": "641043", "country": "India", "phone": "91 42 2243 5555", "fax": "91 42 2243 4446", "website": "http://www.shivamills.com", "industry": "Textile Manufacturing", "sector": "Consumer Cyclical", "longBusinessSummary": "Shiva Mills Limited manufactures and markets cotton yarns and fabric in India and internationally. The company also operates 22 windmills with an installed capacity of 10.65 MW. It also exports its products. The company was formerly known as STYL Textile Ventures Limited and changed its name to Shiva Mills Limited in August 2017. Shiva Mills Limited was incorporated in 2015 and is based in Coimbatore, India.", "fullTimeEmployees": 633, "companyOfficers": [], "maxAge": 86400}, "netSharePurchaseActivity": {"maxAge": 1, "period": "6m", "buyInfoCount": 0, "buyInfoShares": 0, "sellInfoCount": 0, "netInfoCount": 0, "netInfoShares": 0, "netPercentInsiderShares": 0.0, "totalInsiderShares": 6584538}, "quoteType": {"exchange": "NSI", "quoteType": "EQUITY", "symbol": "SHIVAMILLS.NS", "underlyingSymbol": "SHIVAMILLS.NS", "shortName": "SHIVA MILLS LTD", "longName": "Shiva Mills Limited", "firstTradeDateEpochUtc": "2018-02-26 09:15:00", "timeZoneFullName": "Asia/Kolkata", "timeZoneShortName": "IST", "uuid": "812dd4b3-83e8-32cc-bdfb-b6309ddef989", "gmtOffSetMilliseconds": 19800000, "maxAge": 1}, "incomeStatementHistory": {"incomeStatementHistory": [{"maxAge": 1, "endDate": "2020-03-31", "totalRevenue": 1642112000, "costOfRevenue": 1211795000, "grossProfit": 430317000, "researchDevelopment": {}, "sellingGeneralAdministrative": 161666000, "nonRecurring": {}, "otherOperatingExpenses": 146388000, "totalOperatingExpenses": 1574145000, "operatingIncome": 67967000, "totalOtherIncomeExpenseNet": -52877000, "ebit": 67967000, "interestExpense": -44529000, "incomeBeforeTax": 15090000, "incomeTaxExpense": 3659000, "minorityInterest": {}, "netIncomeFromContinuingOps": 11431000, "discontinuedOperations": {}, "extraordinaryItems": {}, "effectOfAccountingCharges": {}, "otherItems": {}, "netIncome": 11431000, "netIncomeApplicableToCommonShares": 11431000}, {"maxAge": 1, "endDate": "2019-03-31", "totalRevenue": 1753431000, "costOfRevenue": 1215456000, "grossProfit": 537975000, "researchDevelopment": {}, "sellingGeneralAdministrative": 167826000, "nonRecurring": {}, "otherOperatingExpenses": 173777000, "totalOperatingExpenses": 1609106000, "operatingIncome": 144325000, "totalOtherIncomeExpenseNet": -68366000, "ebit": 144325000, "interestExpense": -49091000, "incomeBeforeTax": 75959000, "incomeTaxExpense": 9944000, "minorityInterest": {}, "netIncomeFromContinuingOps": 66015000, "discontinuedOperations": {}, "extraordinaryItems": {}, "effectOfAccountingCharges": {}, "otherItems": {}, "netIncome": 66015000, "netIncomeApplicableToCommonShares": 66015000}, {"maxAge": 1, "endDate": "2018-03-31", "totalRevenue": 1693942000, "costOfRevenue": 1219779000, "grossProfit": 474163000, "researchDevelopment": {}, "sellingGeneralAdministrative": 157253000, "nonRecurring": {}, "otherOperatingExpenses": 153802000, "totalOperatingExpenses": 1579764000, "operatingIncome": 114178000, "totalOtherIncomeExpenseNet": -54697000, "ebit": 114178000, "interestExpense": -52161000, "incomeBeforeTax": 59481000, "incomeTaxExpense": 20822000, "minorityInterest": {}, "netIncomeFromContinuingOps": 38659000, "discontinuedOperations": {}, "extraordinaryItems": {}, "effectOfAccountingCharges": {}, "otherItems": {}, "netIncome": 38659000, "netIncomeApplicableToCommonShares": 38659000}, {"maxAge": 1, "endDate": "2017-03-31", "totalRevenue": 1698383000, "costOfRevenue": 1167775000, "grossProfit": 530608000, "researchDevelopment": {}, "sellingGeneralAdministrative": 155067000, "nonRecurring": {}, "otherOperatingExpenses": 161672000, "totalOperatingExpenses": 1533126000, "operatingIncome": 165257000, "totalOtherIncomeExpenseNet": -60557000, "ebit": 165257000, "interestExpense": -56027000, "incomeBeforeTax": 104700000, "incomeTaxExpense": 59949000, "minorityInterest": {}, "netIncomeFromContinuingOps": 44751000, "discontinuedOperations": {}, "extraordinaryItems": {}, "effectOfAccountingCharges": {}, "otherItems": {}, "netIncome": 44751000, "netIncomeApplicableToCommonShares": 44751000}], "maxAge": 86400}, "fundOwnership": {"ownershipList": [], "maxAge": 1}, "summaryDetail": {"maxAge": 1, "priceHint": 2, "previousClose": 46.15, "open": 46.0, "dayLow": 45.25, "dayHigh": 48.45, "regularMarketPreviousClose": 46.15, "regularMarketOpen": 46.0, "regularMarketDayLow": 45.25, "regularMarketDayHigh": 48.45, "exDividendDate": "2019-08-08 05:30:00", "payoutRatio": 0.0, "beta": 0.885461, "volume": 19880, "regularMarketVolume": 19880, "averageVolume": 20207, "averageVolume10days": 1933, "averageDailyVolume10Day": 1933, "bid": 0.0, "ask": 0.0, "bidSize": 0, "askSize": 0, "marketCap": 402605376, "fiftyTwoWeekLow": 19.95, "fiftyTwoWeekHigh": 50.95, "priceToSalesTrailing12Months": 0.2972477, "fiftyDayAverage": 43.677273, "twoHundredDayAverage": 31.749287, "trailingAnnualDividendRate": 1.4, "trailingAnnualDividendYield": 0.03033586, "currency": "INR", "fromCurrency": null, "lastMarket": null, "algorithm": null, "tradeable": false}, "incomeStatementHistoryQuarterly": {"incomeStatementHistory": [{"maxAge": 1, "endDate": "2020-09-30", "totalRevenue": 366433000, "costOfRevenue": 264505000, "grossProfit": 101928000, "researchDevelopment": {}, "sellingGeneralAdministrative": 36721000, "nonRecurring": {}, "otherOperatingExpenses": 40329000, "totalOperatingExpenses": 355392000, "operatingIncome": 11041000, "totalOtherIncomeExpenseNet": -8987000, "ebit": 11041000, "interestExpense": -9409000, "incomeBeforeTax": 2054000, "incomeTaxExpense": -1724000, "minorityInterest": {}, "netIncomeFromContinuingOps": 3778000, "discontinuedOperations": {}, "extraordinaryItems": {}, "effectOfAccountingCharges": {}, "otherItems": {}, "netIncome": 3778000, "netIncomeApplicableToCommonShares": 3778000}, {"maxAge": 1, "endDate": "2020-06-30", "totalRevenue": 93329000, "costOfRevenue": 63579000, "grossProfit": 29750000, "researchDevelopment": {}, "sellingGeneralAdministrative": 16940000, "nonRecurring": {}, "otherOperatingExpenses": 15870000, "totalOperatingExpenses": 110141000, "operatingIncome": -16812000, "totalOtherIncomeExpenseNet": -8810000, "ebit": -16812000, "interestExpense": -9259000, "incomeBeforeTax": -25622000, "incomeTaxExpense": -1401000, "minorityInterest": {}, "netIncomeFromContinuingOps": -24221000, "discontinuedOperations": {}, "extraordinaryItems": {}, "effectOfAccountingCharges": {}, "otherItems": {}, "netIncome": -24221000, "netIncomeApplicableToCommonShares": -24221000}, {"maxAge": 1, "endDate": "2020-03-31", "totalRevenue": 461589000, "costOfRevenue": 394878000, "grossProfit": 66711000, "researchDevelopment": {}, "sellingGeneralAdministrative": 42551000, "nonRecurring": {}, "otherOperatingExpenses": -3840000, "totalOperatingExpenses": 447488000, "operatingIncome": 14101000, "totalOtherIncomeExpenseNet": -13245000, "ebit": 14101000, "interestExpense": -2405000, "incomeBeforeTax": 856000, "incomeTaxExpense": -133000, "minorityInterest": {}, "netIncomeFromContinuingOps": 989000, "discontinuedOperations": {}, "extraordinaryItems": {}, "effectOfAccountingCharges": {}, "otherItems": {}, "netIncome": 989000, "netIncomeApplicableToCommonShares": 989000}, {"maxAge": 1, "endDate": "2019-12-31", "totalRevenue": 433094000, "costOfRevenue": 326395000, "grossProfit": 106699000, "researchDevelopment": {}, "sellingGeneralAdministrative": 33262000, "nonRecurring": {}, "otherOperatingExpenses": 44714000, "totalOperatingExpenses": 417953000, "operatingIncome": 15141000, "totalOtherIncomeExpenseNet": -12407000, "ebit": 15141000, "interestExpense": -13008000, "incomeBeforeTax": 2734000, "incomeTaxExpense": 764000, "minorityInterest": {}, "netIncomeFromContinuingOps": 1970000, "discontinuedOperations": {}, "extraordinaryItems": {}, "effectOfAccountingCharges": {}, "otherItems": {}, "netIncome": 1970000, "netIncomeApplicableToCommonShares": 1970000}], "maxAge": 86400}, "cashflowStatementHistoryQuarterly": {"cashflowStatements": [{"maxAge": 1, "endDate": "2020-09-30", "netIncome": 3778000, "changeToLiabilities": 0}, {"maxAge": 1, "endDate": "2020-06-30", "netIncome": -24221000, "changeToLiabilities": 0}, {"maxAge": 1, "endDate": "2020-03-31", "netIncome": 989000, "changeToLiabilities": 0}, {"maxAge": 1, "endDate": "2019-12-31", "netIncome": 1970000, "changeToLiabilities": 0}], "maxAge": 86400}, "insiderHolders": {"holders": [], "maxAge": 1}, "calendarEvents": {"maxAge": 1, "earnings": {"earningsDate": []}, "exDividendDate": "2019-08-08 05:30:00"}, "upgradeDowngradeHistory": {"history": [], "maxAge": 86400}, "price": {"maxAge": 1, "regularMarketChangePercent": 0.021668471, "regularMarketChange": 1.0, "regularMarketTime": "2021-04-30 15:17:27", "priceHint": 2, "regularMarketPrice": 47.15, "regularMarketDayHigh": 48.45, "regularMarketDayLow": 45.25, "regularMarketVolume": 19880, "averageDailyVolume10Day": 1933, "averageDailyVolume3Month": 20207, "regularMarketPreviousClose": 46.15, "regularMarketSource": "FREE_REALTIME", "regularMarketOpen": 46.0, "exchange": "NSI", "exchangeName": "NSE", "exchangeDataDelayedBy": 15, "marketState": "CLOSED", "quoteType": "EQUITY", "symbol": "SHIVAMILLS.NS", "underlyingSymbol": null, "shortName": "SHIVA MILLS LTD", "longName": "Shiva Mills Limited", "currency": "INR", "quoteSourceName": "Delayed Quote", "currencySymbol": "\u20b9", "fromCurrency": null, "lastMarket": null, "marketCap": 402605376}, "balanceSheetHistory": {"balanceSheetStatements": [{"maxAge": 1, "endDate": "2020-03-31", "cash": 4198000, "netReceivables": 272247000, "inventory": 335885000, "otherCurrentAssets": 4628000, "totalCurrentAssets": 625104000, "longTermInvestments": 313000, "propertyPlantEquipment": 758296000, "intangibleAssets": 180000, "otherAssets": 22351000, "totalAssets": 1406244000, "accountsPayable": 84711000, "shortLongTermDebt": 10949000, "otherCurrentLiab": 7090000, "longTermDebt": 18900000, "otherLiab": 36284000, "totalCurrentLiabilities": 527068000, "totalLiab": 582911000, "commonStock": 86418000, "retainedEarnings": 732471000, "treasuryStock": 4444000, "otherStockholderEquity": 4444000, "totalStockholderEquity": 823333000, "netTangibleAssets": 823153000}, {"maxAge": 1, "endDate": "2019-03-31", "cash": 48113000, "netReceivables": 282792000, "inventory": 389386000, "otherCurrentAssets": 12610000, "totalCurrentAssets": 734707000, "longTermInvestments": 313000, "propertyPlantEquipment": 798460000, "intangibleAssets": 180000, "otherAssets": 14173000, "totalAssets": 1547833000, "accountsPayable": 77662000, "shortLongTermDebt": 16395000, "otherCurrentLiab": 9270000, "longTermDebt": 32197000, "otherLiab": 41728000, "totalCurrentLiabilities": 647971000, "totalLiab": 721896000, "commonStock": 86418000, "retainedEarnings": 735625000, "treasuryStock": 3894000, "otherStockholderEquity": 3894000, "totalStockholderEquity": 825937000, "netTangibleAssets": 825757000}, {"maxAge": 1, "endDate": "2018-03-31", "cash": 20863000, "netReceivables": 224063000, "inventory": 460805000, "otherCurrentAssets": 39310000, "totalCurrentAssets": 757197000, "longTermInvestments": 256000, "propertyPlantEquipment": 813298000, "intangibleAssets": 245000, "otherAssets": 19720000, "totalAssets": 1590716000, "accountsPayable": 152907000, "shortLongTermDebt": 24191000, "otherCurrentLiab": 13291000, "longTermDebt": 50192000, "otherLiab": 58485000, "totalCurrentLiabilities": 706505000, "totalLiab": 815182000, "commonStock": 86418000, "retainedEarnings": 684823000, "treasuryStock": 4293000, "otherStockholderEquity": 4293000, "totalStockholderEquity": 775534000, "netTangibleAssets": 775289000}, {"maxAge": 1, "endDate": "2017-03-31", "cash": 54110000, "netReceivables": 222919000, "inventory": 469313000, "otherCurrentAssets": 26400000, "totalCurrentAssets": 782512000, "longTermInvestments": 208000, "propertyPlantEquipment": 828020000, "intangibleAssets": 258000, "otherAssets": 56139000, "totalAssets": 1667137000, "accountsPayable": 100794000, "shortLongTermDebt": 50614000, "otherCurrentLiab": 74699000, "longTermDebt": 72748000, "otherLiab": 62281000, "totalCurrentLiabilities": 780773000, "totalLiab": 915802000, "commonStock": 500000, "retainedEarnings": 113691000, "treasuryStock": 637144000, "otherStockholderEquity": 637144000, "totalStockholderEquity": 751335000, "netTangibleAssets": 751077000}], "maxAge": 86400}, "financialData": {"maxAge": 86400, "currentPrice": 47.15, "recommendationKey": "none", "totalCash": 7883000, "totalCashPerShare": 0.918, "ebitda": 78135000, "totalDebt": 168242000, "quickRatio": 0.537, "currentRatio": 1.255, "totalRevenue": 1354444032, "debtToEquity": 20.958, "revenuePerShare": 156.902, "returnOnAssets": 0.01064, "returnOnEquity": -0.02155, "grossProfits": 430317000, "freeCashflow": 268990112, "operatingCashflow": 310371008, "earningsGrowth": -0.043, "revenueGrowth": 0.132, "grossMargins": 0.22524999, "ebitdaMargins": 0.057690002, "operatingMargins": 0.01733, "profitMargins": -0.01291, "financialCurrency": "INR"}}}